3217 4784
802 463 926 530 DE
973 462 1410 537 FJN..BON.
1454 464 1568 532 ET
1615 463 1832 531 MAL.
1887 466 1956 548 1,
2014 461 2118 532 18.

2374 485 2502 557 107

386 584 501 655 alii
524 581 825 654 audaces
841 637 861 669 ‚
879 583 1195 681 protervi
1215 636 1235 668 ‚
1266 581 1483 653 iidem
1513 584 1664 651 inte
1680 596 2117 681 mperante3‚
2148 596 2220 654 et
2242 584 2506 680 ignavi,

385 708 779 790 numquam
802 695 878 763 in
902 694 1255 764 sententia
1274 706 1785 790 permanentes
1801 702 1888 762 ¹9.
1925 694 2121 783 Quas
2140 690 2240 763 ob
2257 717 2505 766 causas

383 803 459 874 in
496 827 748 874 eorum
785 805 931 873 vita
977 802 1175 873 nulla
1211 816 1318 873 est
1353 801 1823 898 intercapedo
1843 811 1910 846 ²⁰
1955 802 2322 874 molestiae.
2366 805 2505 900 Igi-

298 930 302 934 ’
381 923 576 984 tur²¹
614 938 852 1011 neque
897 913 1284 984 stultorum
1337 914 1728 1009 quisquam
1779 909 2077 998 beatus,
2116 936 2358 1009 neque
2395 936 2504 983 sa-

383 1024 737 1120 pientium
753 1034 816 1066 ²²
872 1047 1026 1092 non
1076 1020 1349 1093 beatus,
1417 1019 1803 1116 Multoque
1859 1020 2001 1092 hoc
2061 1021 2317 1093 melius
2372 1047 2507 1094 nos

382 1134 809 1230 veriusque,
862 1156 1080 1228 quam
1143 1131 1369 1202 stoici.
1446 1128 1558 1199 Illi
1630 1126 1826 1200 e'nim
1894 1145 2159 1227 negant
2225 1129 2507 1202 bonum

383 1239 783 1338 quidquam
834 1265 985 1313 esse
1011 1237 1099 1326 ²³,
1156 1240 1294 1310 nisi
1348 1241 1587 1309 nescio
1632 1263 1852 1336 quam
1886 1239 2082 1312 illam
2127 1238 2458 1312 umbram
2484 1295 2504 1329 ,

382 1430 779 1480 stomachaberis.
816 1433 884 1480 At
923 1432 1088 1497 aliquo
1127 1431 1280 1480 modo
1306 1429 1400 1478 du-

381 1509 518 1559 bium
544 1511 854 1575 relinquitur,
896 1524 1004 1560 ntra
1027 1512 1198 1560 harum
1225 1525 1403 1558 vocum

383 1590 726 1653 proscribenda
740 1592 802 1640 sit
813 1625 830 1651 ,
847 1608 1000 1656 quum
1017 1603 1179 1640 autem
1201 1590 1404 1654 repetite

385 1671 536 1735 poni,
558 1672 664 1720 Off.
687 1674 740 1730 1,
762 1673 819 1733 8,
850 1688 871 1719 1
890 1706 906 1731 ,
930 1672 1009 1720 cll.
1028 1670 1217 1719 Acadd.
1239 1673 1295 1727 1,
1322 1684 1402 1726 xo,

385 1751 451 1799 86
472 1784 488 1808 ‚
523 1767 618 1799 nec
647 1766 758 1799 raro
794 1750 939 1798 etiam
964 1767 991 1798 a
1023 1749 1196 1798 scribis
1221 1747 1403 1809 adjici,

383 1830 549 1880 soleat.
575 1833 637 1879 G.

459 1925 536 1971 19.
561 1908 666 1959 Alii
686 1908 967 1974 petulantes
1004 1943 1018 1956 .
1040 1943 1055 1956 .
1075 1939 1090 1954 .
1115 1923 1404 1972 permanen-

382 2001 464 2037 tes.
485 1990 694 2038 Defendi
718 1989 824 2037 haec
840 1999 1053 2054 possunt
1069 2024 1084 2047 ,
1127 1998 1177 2036 et
1200 2003 1314 2036 vere
1332 1988 1402 2036 sic

383 2068 446 2116 ab
473 2079 669 2116 auctore
691 2069 908 2132 prosecta
927 2066 1155 2115 videntur
1178 2079 1193 2114 ε
1214 2065 1300 2114 sed
1317 2068 1404 2115 viz

384 2163 476 2212 per
502 2163 554 2194 se
593 2147 684 2193 rite
722 2145 1075 2210 probabuntur.
1116 2146 1280 2194 Primo
1317 2148 1403 2193 vix

383 2236 517 2274 recte
532 2223 768 2290 placebit,
797 2223 889 2272 alii
920 2225 1025 2288 pari
1048 2225 1201 2272 modo
1221 2225 1284 2272 ad
1322 2241 1403 2288 ge-

384 2322 502 2364 nus,
521 2327 547 2346 σι
566 2304 811 2352 amatoriis
834 2303 989 2353 levitt.
1016 2303 1171 2352 dediti
1194 2324 1216 2345 ι
1234 2338 1249 2359 ,
1275 2314 1325 2350 et
1340 2304 1403 2350 ad

382 2383 533 2445 hujus
552 2384 731 2432 formas
746 2417 762 2444 ‚
780 2383 1112 2447 «petulantes,
1140 2381 1345 2430 audaces
1359 2402 1401 2442 ι,

384 2464 565 2529 repeti,
610 2461 770 2510 omitti
804 2461 935 2511 idem
978 2473 1149 2511 contra
1183 2462 1246 2512 ad
1285 2478 1401 2526 pro·

383 2543 515 2595 corvi.
563 2542 754 2591 Deinde
812 2543 959 2591 iidem
998 2540 1019 2607 (
1055 2543 1143 2606 qui
1185 2558 1300 2591 vere
1338 2539 1403 2589 ad

382 2634 555 2673 amate.
586 2624 703 2672 leov.
736 2623 926 2672 deditos
962 2623 1266 2681 refer-nutum
1309 2636 1401 2670 nec

381 2702 652 2767 quidquam
694 2703 852 2751 Bremi
905 2703 1187 2763 coniectura
1205 2736 1222 2763 ,
1255 2701 1367 2748 item
1385 2737 1402 2764 ‚

382 2779 573 2844 valet),
608 2797 761 2845 quum
796 2778 929 2827 nude
956 2779 1122 2844 ignavi
1154 2779 1401 2844 appellen·

383 2870 490 2918 tur,
524 2859 737 2907 audaces
776 2870 889 2907 ante
909 2894 924 2918 ,
971 2857 1207 2906 relatione
1242 2859 1401 2916 varia,

382 2938 530 2997 dicti,
550 2938 805 2986 obscurius
831 2947 1100 3001 ponuntur.
1129 2936 1268 2985 Nihil
1286 2936 1401 2986 inde

379 3017 586 3077 mirum,
605 3017 646 3063 si
665 3017 779 3064 intt.
794 3015 847 3062 in
866 3014 973 3061 istis
987 3014 1229 3063 haeserunt
1243 3050 1257 3073 ,
1281 3032 1329 3065 v.
1352 3032 1397 3064 c.

382 3098 551 3146 Daris.
594 3096 683 3160 qui
729 3095 873 3143 iidem
906 3094 1081 3154 deleri,
1105 3104 1248 3157 atque
1275 3104 1326 3142 et
1350 3095 1402 3142 in

382 3189 472 3226 ant
488 3176 664 3224 mutari
683 3174 847 3235 iuben
868 3174 947 3221 cui
969 3182 1098 3221 recte
1124 3172 1345 3221 Matthia
1367 3172 1404 3222 1.

381 3256 420 3305 l.
466 3256 696 3305 occurrit.
735 3252 967 3303 Petulans
1013 3263 1174 3300 autem
1223 3252 1401 3300 dicitur

382 3336 580 3400 proprie
599 3335 649 3381 in
675 3350 728 3381 re
744 3332 1000 3388 amatoria,
1023 3331 1195 3379 Parad.
1212 3333 1313 3389 111,
1342 3346 1363 3378 1
1386 3344 1400 3377 ε

384 3436 407 3458 κ
435 3412 598 3478 Lapsa
623 3416 664 3462 si
690 3411 914 3479 petulans
948 3413 1115 3460 fuisset
1148 3413 1199 3459 in
1239 3411 1400 3474 aliqua

382 3495 538 3543 nobili
572 3495 760 3557 virgine
777 3515 803 3535 ι·
829 3508 843 3544 :
872 3494 954 3541 cui
977 3492 1155 3539 audax
1179 3490 1401 3554 jungitur

379 3590 473 3639 pro
522 3574 644 3623 Suu.
689 3589 795 3637 cap.
840 3574 939 3635 25,
987 3586 1050 3632 71
1088 3587 1102 3620 ε
1158 3593 1185 3614 ι
1207 3586 1400 3635 semper

380 3653 567 3717 audax,
590 3654 840 3718 petulans,
877 3650 1169 3699 libidinosus
1192 3672 1213 3691 ι
1230 3684 1243 3697 .
1275 3653 1399 3698 Pro·

380 3743 535 3781 cervus
586 3733 789 3796 proprie
839 3729 899 3778 de
942 3741 1081 3778 tauro
1135 3729 1351 3793 gregario
1378 3747 1397 3793 ς

379 3811 510 3859 unde
537 3811 787 3859 translatio
809 3810 873 3858 ad
889 3809 993 3857 haec
1021 3820 1249 3857 contexta
1277 3809 1396 3856 faci-

381 3889 440 3937 lis
458 3901 549 3939 est:
566 3891 636 3939 Ut
654 3889 864 3955 denique
879 3890 930 3938 hi
949 3889 1164 3937 audaces
1184 3889 1234 3937 in
1251 3906 1400 3954 appe-

382 3967 540 4016 tendis
562 3970 648 4028 iis,
673 3984 784 4034 «με
821 3968 1094 4017 desiderant
1116 4002 1132 4028 ,
1158 3969 1222 4016 ita
1251 3968 1399 4016 iidem

382 4044 544 4110 ignavi
553 4045 1007 4113 (intemperantibus
1023 4047 1074 4094 in
1097 4063 1149 4095 re
1167 4048 1399 4096 amatoria

377 4124 612 4190 juncti),
646 4127 977 4191 appellantur,
1022 4129 1062 4175 si
1111 4127 1398 4192 agritudiue

381 4214 611 4267 metuque
651 4218 910 4270 urgentur3
961 4207 1024 4254 cf.
1053 4207 1199 4254 Tusc.
1222 4206 1308 4267 IV,
1339 4221 1398 4269 9,

1494 1445 1580 1479 aa.
1620 1432 1757 1481 Nihil
1775 1432 1924 1496 igitur
1946 1431 2122 1480 mirum
2138 1465 2153 1489 ‚
2180 1432 2222 1479 ai
2241 1432 2296 1480 hi
2321 1454 2348 1475 ι
2369 1448 2508 1481 nnm-

1490 1524 1637 1572 quam
1655 1511 1707 1559 in
1726 1513 1961 1559 sententia
1980 1520 2264 1575 permanent
2278 1533 2322 1560 n.
2343 1514 2410 1563 G.

1563 1604 1648 1639 ao.
1667 1590 2008 1655 Inter-capedo.
2034 1590 2172 1638 Reiz.
2198 1590 2250 1637 in
2267 1588 2512 1639 adnotatis

1490 1668 1748 1732 acrIpturis
1794 1670 1932 1717 vocis
1975 1667 2291 1731 inter-capedo
2309 1701 2324 1725 ‚
2371 1668 2511 1717 binas

1488 1746 1603 1811 ayll.
1626 1748 1743 1797 ultt.
1765 1748 1894 1797 linea
1914 1747 2151 1796 subducta
2178 1749 2390 1810 signans,
2412 1764 2515 1796 me·

1489 1842 1674 1876 morem
1717 1846 1768 1877 ae
1804 1829 2022 1879 ostendit
2063 1844 2257 1885 eorum,
2302 1844 2412 1892 qun
2452 1829 2514 1877 de

1487 1906 1587 1956 hoc
1628 1908 1764 1956 vocis
1805 1908 2094 1957 nominandi
2135 1922 2248 1955 caau
2280 1907 2513 1955 obscoeno

1487 1998 1751 2035 monentur
1789 1990 1937 2037 Divv.
1979 1988 2055 2035 11
2072 2021 2089 2046 ,
2150 2003 2231 2050 ep.
2278 2001 2339 2033 αα
2365 2001 2380 2045 3
2426 1985 2511 2036 cll.

1488 2068 1699 2130 Quintil.
1715 2069 1855 2115 Instt.
1876 2068 2176 2128 Gntt.V111,
2199 2067 2227 2113 3
2244 2100 2260 2124 ‚
2286 2067 2372 2122 46.

1560 2161 1645 2195 21.
1674 2146 1844 2213 Igitur.
1882 2147 2182 2211 Opportune
2210 2145 2325 2194 loco
2357 2146 2511 2194 Bremi

1488 2225 1811 2288 Quintiliani,
1856 2226 2018 2274 Instit.
2066 2226 2224 2273 Oratt.
2271 2240 2292 2271 ι
2309 2259 2324 2283 ,
2371 2224 2511 2285 judi-

1487 2305 1618 2352 cium
1629 2305 1792 2361 affert,
1810 2322 1909 2369 quo
1929 2306 2101 2355 Cicero
2115 2320 2351 2369 nusquam
2365 2303 2515 2369 igitur

1487 2383 1549 2431 ab
1578 2385 1815 2432 enuntiati
1831 2385 1973 2433 initio
1986 2400 2170 2449 ponere
2190 2383 2388 2433 dicitur.
2411 2383 2510 2433 sed

1486 2463 1568 2511 hic
1596 2462 1731 2511 haud
1755 2466 1821 2512 ita
1846 2479 1955 2512 raro
1976 2480 2079 2512 non
2099 2463 2249 2512 modo
2277 2464 2341 2512 ab
2367 2463 2509 2513 initio

1486 2543 1614 2592 hanc
1667 2554 1795 2608 part.
1849 2545 2023 2608 ponit3
2066 2560 2232 2592 verum
2267 2545 2409 2593 etiam
2455 2544 2507 2592 in

1487 2623 1700 2672 clausula
1720 2660 1734 2685 ,
1789 2624 1904 2673 vide
1943 2624 2070 2672 infra
2114 2626 2213 2683 IV,
2258 2640 2320 2686 27
2340 2660 2354 2685 ,
2406 2626 2469 2687 75
2490 2660 2505 2683 ,

1488 2726 1514 2745 σι
1533 2704 1667 2769 paria
1711 2713 1822 2751 sunt
1866 2703 2014 2767 igitur
2037 2727 2079 2752 a.
2119 2705 2256 2753 Idem
2293 2705 2507 2753 eamdem

1486 2783 1629 2830 etiam
1654 2782 1802 2831 altius
1831 2782 2019 2843 rejicit,
2062 2799 2205 2847 quam
2241 2786 2354 2834 Vv.
2395 2785 2506 2833 DD.

1487 2861 1767 2912 admittunt.
1788 2863 1869 2911 Sic
1891 2863 2223 2927 reponendum
2247 2865 2383 2911 Orat.
2413 2878 2474 2910 ιο
2490 2897 2505 2920 ,

1488 2942 1575 2991 33.
1598 2964 1624 2984 -
1652 2942 1935 3009 Referamus
1970 2959 2063 2990 nos
2089 2943 2301 3006 igitur»,
2329 2958 2506 3005 perpe-

1486 3037 1586 3069 ram
1609 3038 1767 3086 nuper
1791 3022 1996 3069 exbinis
2008 3019 2156 3068 codd.
2176 3020 2226 3066 in
2247 3019 2337 3083 ref:
2360 3019 2508 3084 iginu-

1488 3115 1576 3146 nos
1596 3111 1832 3148 mutatum
1855 3114 1869 3147 ε
1894 3100 1965 3147 sic
1978 3099 2163 3146 scilicet
2179 3114 2270 3144 suo
2287 3114 2350 3145 ex
2363 3113 2507 3146 sensu

1486 3177 1689 3227 librarii.
1707 3177 1879 3226 Itidem
1898 3178 2045 3225 Tusc.
2064 3179 2110 3232 Ι,
2135 3183 2195 3230 14
2208 3210 2224 3235 ,
2250 3176 2332 3234 32,
2348 3198 2369 3218 ι
2382 3179 2506 3240 Quae

1487 3266 1559 3302 est
1608 3256 1783 3304 mulier
1830 3256 1980 3319 igitur
2015 3276 2041 3295 a
2087 3254 2449 3304 rescribendum
2492 3272 2505 3304 :

1487 3335 1739 3382 Davisium
1766 3334 1896 3382 enim
1932 3334 2078 3384 codd.
2108 3351 2223 3382 suos
2247 3348 2504 3399 sequutum

1487 3429 1590 3460 ease
1605 3447 1621 3471 ,
1660 3423 1757 3461 tres
1781 3414 1939 3462 nostri
1961 3425 2222 3474 testantur-3
2255 3417 2318 3463 cf.
2338 3417 2505 3465 Divin.

1487 3494 1539 3549 1,
1573 3492 1635 3538 15
1656 3525 1671 3550 ‚
1701 3491 1767 3539 26
1799 3506 1813 3541 ε
1849 3513 1873 3535 ι
1897 3491 1982 3540 Πῐο
1999 3491 2121 3540 mihi
2148 3492 2340 3541 videtur
2358 3493 2507 3558 igitur

1488 3585 1600 3617 vere
1628 3572 1854 3635 angurari
1876 3594 1924 3621 n.
1943 3573 2005 3620 G.

1559 3665 1648 3699 αα.
1691 3650 2006 3716 Sapientiam.
2044 3651 2110 3700 lta
2126 3686 2141 3710 ,
2179 3667 2272 3716 pro
2313 3652 2506 3717 sapien-

1488 3741 1589 3777 tum
1601 3765 1621 3789 ,
1664 3741 1875 3794 quatuor
1918 3731 2072 3779 nostri
2116 3747 2224 3777 eum
2264 3732 2317 3780 P.
2356 3732 2508 3779 Mara.

1486 3809 1690 3873 aliisque
1705 3821 1845 3857 vetus
1864 3809 2027 3858 editis.
2048 3813 2174 3873 Qua!
2186 3811 2338 3857 Forma
2350 3846 2366 3871 ,
2382 3826 2509 3875 sepe

1486 3888 1538 3935 in
1564 3888 1668 3937 cic.
1691 3888 1941 3937 obliterata
1959 3923 1975 3948 ,
1997 3889 2289 3937 restituenda
2314 3905 2510 3953 quoque

1486 3968 1611 4015 infra
1638 3970 1703 4027 V,
1725 3968 1786 4016 31
1808 4005 1821 4029 ,
1858 3971 1954 4031 943
1981 3970 2046 4017 cf.
2067 3970 2300 4031 Heusing.
2319 3968 2382 4016 ad
2405 3970 2506 4017 Off.

1488 4051 1563 4096 111
1578 4083 1592 4106 ‚
1628 4055 1685 4108 4,
1715 4065 1734 4096 ι
1756 4082 1771 4107 ,
1790 4060 1841 4096 et
1863 4066 1989 4113 quoa
2014 4046 2097 4097 ille
2118 4047 2303 4096 laudat.
2324 4049 2387 4095 G.

1559 4129 1642 4177 23.
1678 4127 1765 4175 11Ιί
1793 4128 1920 4176 enim
1949 4141 2136 4194 negant
2157 4127 2334 4176 bonam
2363 4123 2505 4188 quid·

1486 4221 1636 4270 quam
1669 4223 1780 4254 esse.
1805 4206 1904 4257 Erl.
1933 4218 1981 4255 et
2009 4208 2140 4256 Gnd.
2179 4222 2206 4254 a
2224 4240 2239 4261 ‚
2279 4214 2501 4265 transpo-
