3217 4784
877 415 999 483 DE
1049 417 1224 485 ΗΝ.
1278 416 1485 486 ΒΟΝ.
1537 417 1650 484 ΕΤ
1699 415 1917 483 MAL.
1970 417 2072 498 11,
2117 411 2228 484 35.
2477 415 2615 515 307

489 536 757 606 Zeuxin
784 590 803 623 ‚
861 536 952 607 ad
1008 537 1458 634 voluptatem
1512 552 1700 608 artes
1764 560 1926 607 suas
1979 535 2379 608 direxisse?
2431 543 2619 637 Ergo

490 643 733 741 opifex
766 647 932 744 plus
972 647 1110 718 sibi
1162 662 1528 745 proponet
1576 645 1668 715 ad
1710 644 2142 731 formarum,
2180 669 2400 742 quam
2445 649 2619 719 civis

487 756 843 827 excellens
897 755 988 827 ad
1036 754 1392 827 factorum
1452 753 2118 853 pulchritudinem?
2155 758 2333 846 Quae
2377 773 2619 829 autem

489 879 597 936 est
628 866 761 937 alia
803 864 1094 937 causa²⁴
1133 866 1397 936 erroris
1437 865 1659 949 tanti,
1702 878 1847 934 tam
1890 863 2104 962 longe
2149 864 2437 963 lateque
2479 866 2619 939 dif-

488 972 665 1062 fusi,
698 976 836 1046 nisi
877 972 1079 1071 quod
1126 975 1216 1060 is,
1256 974 1386 1071 qui
1427 973 1875 1071 voluptatem
1921 998 2288 1045 summum
2337 975 2616 1051 bonum

488 1111 642 1157 esse
669 1085 1029 1173 decernit,
1068 1109 1221 1156 non
1263 1108 1428 1155 cum
1469 1108 1553 1156 ea
1588 1098 1789 1181 parte
1831 1085 2097 1170 animi,
2135 1086 2214 1155 in
2248 1112 2394 1184 qua
2430 1093 2620 1162 inest

487 1195 672 1265 ratio
725 1208 944 1292 atque
998 1195 1423 1280 consilium,
1465 1193 1591 1266 sed
1650 1217 1817 1265 cum
1863 1192 2292 1290 cupiditate,
2351 1198 2425 1270 id
2470 1218 2615 1291 est,

489 1328 654 1374 cum
691 1304 908 1373 animi
947 1304 1296 1375 levissima
1330 1318 1535 1403 parte
1569 1302 1972 1375 deliberat?
2004 1305 2268 1393 Quaero
2298 1313 2494 1380 enim
2526 1311 2618 1383 de

489 1427 560 1483 te
602 1439 616 1480 ε
676 1414 735 1482 si
785 1426 956 1483 sunt
1018 1412 1152 1501 dii,
1208 1428 1289 1484 ut
1331 1438 1459 1484 vos
1514 1417 1725 1485 etiam
1781 1413 2087 1511 putatis,
2132 1416 2261 1511 qui
2310 1438 2618 1516 possunt

486 1547 641 1595 esse
694 1522 930 1611 beati,
968 1549 1194 1621 quum
1247 1524 1659 1620 voluptates
1702 1546 2006 1619 corpore
2056 1525 2430 1621 percipere
2466 1555 2616 1601 non

486 1624 891 1731 possint25?
927 1648 1051 1704 aut
1086 1635 1144 1703 si
1178 1634 1331 1702 sine
1373 1657 1461 1702 eo
1495 1656 1757 1728 genere
1788 1631 2179 1729 voluptatis
2204 1632 2398 1706 beati
2424 1655 2617 1730 sunt,

485 1767 617 1813 cur
658 1742 964 1814 similem
1008 1746 1228 1812 animi
1273 1766 1487 1812 usum
1524 1743 1600 1811 in
1636 1743 1959 1839 sapiente
1996 1766 2151 1814 esse
2189 1745 2475 1820 nolitis?

600 1857 886 1924 XXXV.
939 1855 1127 1947 Lege
1169 1849 1655 1936 laudationes,
1694 1856 2094 1947 Torquate,
2141 1876 2292 1924 non
2326 1881 2615 1947 eorum,

485 1966 613 2059 qui
651 1976 819 2031 sunt
862 1959 952 2030 ab
991 1965 1308 2031 Homero
1343 1960 1648 2047 laudati,
1681 1986 1832 2031 non
1871 1963 2076 2058 Cyri,
2111 1987 2261 2034 non
2291 1970 2615 2063 Agesilai,

487 2097 637 2142 non
688 2069 1050 2156 Aristidis,
1093 2095 1243 2141 non
1269 2071 1834 2158 Themistoclis¹‚
1874 2095 2022 2142 non
2059 2071 2417 2172 Philippi,
2462 2103 2614 2150 non

486 2179 920 2265 Alexandri3
983 2178 1139 2276 lege
1186 2195 1603 2251 nostrorum
1655 2181 2033 2253 hominum
2064 2235 2083 2265 ‚
2156 2183 2311 2281 lege
2363 2203 2614 2259 vestrae

486 2290 809 2363 familiae:
850 2291 1213 2359 neminem
1269 2288 1548 2373 videbis
1612 2292 1709 2360 ita
1768 2288 2136 2361 laudatum
2162 2345 2181 2378 ‚
2221 2308 2299 2363 ut
2362 2297 2616 2369 artifex

483 2398 780 2471 callidus
816 2396 1461 2496 comparandarum
1502 2399 1958 2496 voluptatum
2011 2398 2400 2475 diceretur.
2446 2411 2612 2479 Non

484 2510 717 2607 elogia
771 2522 1415 2580 monumentorum
1463 2510 1539 2579 id
1597 2507 2040 2607 significant,
2092 2509 2291 2582 velut
2333 2513 2472 2588 hoc
2527 2518 2614 2591 ad

484 2750 570 2797 per
592 2733 612 2779 i
635 2731 879 2779 scribendi
918 2731 1154 2780 rationem
1185 2732 1367 2797 ubique
1410 2734 1506 2781 sere

482 2811 784 2860 obliteratam
824 2811 1043 2873 reperiri.

1593 2731 1796 2779 secundi
1838 2747 1976 2779 casus
2011 2731 2063 2779 in
2112 2734 2394 2785 nominibus
2447 2743 2618 2803 graecis

1595 2812 1748 2857 tertiae
1765 2809 1990 2858 flexionis
2010 2813 2061 2858 in
2080 2828 2129 2859 es
2150 2847 2165 2871 ,
2188 2814 2376 2863 auctori
2400 2827 2499 2865 tam
2515 2821 2615 2868 usi-

556 2899 639 2948 24.
652 2893 776 2954 Quoe
793 2900 953 2935 autem
966 2900 1039 2937 esc
1049 2889 1156 2937 alia
1173 2907 1344 2945 eausa.
1367 2891 1502 2938 Gud.

491 2989 511 3020 ι
534 3005 549 3027 ,
588 2986 700 3034 quoe
740 2979 817 3016 est
858 2979 1037 3015 auum.
1081 2970 1211 3016 Beue
1251 2983 1265 3017 ε
1310 2969 1504 3031 gravius

483 3049 615 3096 enim
638 3049 709 3095 sic
736 3055 894 3109 negat.
916 3046 991 3094 Cf.
1020 3046 1187 3095 Divin.
1209 3050 1232 3094 1
1250 3080 1266 3105 ,
1297 3047 1329 3093 6
1349 3081 1364 3104 ,
1400 3063 1461 3096 ια
1484 3082 1499 3107 ,

481 3150 509 3169 ιι
533 3144 643 3192 quae
675 3136 748 3174 est
782 3135 943 3172 autem
982 3140 1099 3187 gens
1119 3147 1170 3184 n,
1186 3135 1235 3172 et
1256 3125 1374 3174 ibid.
1400 3129 1467 3184 40
1483 3160 1499 3185 ‚

485 3209 547 3268 87
573 3241 587 3262 ,
611 3230 636 3248 ·
654 3207 777 3269 Quis
799 3215 873 3251 est
899 3215 1084 3263 autem,
1107 3220 1255 3267 quem
1275 3220 1376 3252 non
1395 3221 1503 3253 mo·

486 3297 625 3346 vest,
654 3296 748 3333 etc.
768 3306 793 3325 ι·
826 3284 941 3330 Nat.
969 3283 1119 3331 Deor.
1146 3285 1225 3343 11,
1263 3298 1327 3330 ιο
1347 3316 1363 3341 ,
1402 3283 1464 3331 52
1490 3297 1503 3329 :

481 3367 645 3429 ..Qua
667 3374 740 3412 est
760 3363 887 3410 enim
905 3361 1022 3409 alias
1044 3362 1340 3411 tellus?-G.

555 3442 642 3493 25.
680 3442 905 3490 Possint?
925 3441 1042 3488 Tres
1078 3442 1260 3502 nostri,
1290 3441 1505 3504 editique

482 3536 601 3573 vett.
659 3522 798 3570 multi
858 3519 1089 3567 exhibent
1147 3532 1367 3583 possunt.
1430 3521 1504 3567 Ex

478 3601 772 3666 compendio
796 3585 926 3663 pri—c,
953 3599 1090 3662 quod
1128 3600 1322 3663 utrique
1351 3598 1504 3647 modo

478 3697 740 3730 commune
749 3689 845 3735 est,
865 3678 1097 3742 quodque
1107 3678 1307 3727 exhibet
1323 3679 1421 3727 Erl.
1437 3681 1502 3726 G.

549 3762 770 3810 XXXV.
822 3774 868 3808 ι.
924 3761 1038 3807 Non
1092 3758 1318 3807 Aristidis
1341 3794 1356 3819 ,
1401 3775 1500 3807 non

490 3840 835 3888 Hemiseoclis.
872 3840 1005 3888 Goer.
1036 3839 1207 3886 scribit
1227 3854 1240 3885 ε
1264 3852 1363 3884 non
1386 3838 1500 3886 Ari-

478 3918 593 3965 stidi
611 3953 627 3979 ,
664 3930 754 3965 aue
799 3915 1095 3965 Remiscocli
1104 3936 1123 3974 ,-
1171 3934 1273 3966 non
1320 3917 1504 3982 Philip·

474 3993 531 4056 pi
547 4028 562 4053 ‚
616 4007 708 4042 aue
765 3995 1064 4046 Alexandri.
1130 3998 1266 4055 Hoc,
1311 3996 1471 4060 iuquit
1491 4032 1505 4055 ,

480 4073 714 4121 debemus
739 4076 1019 4142 Erhngensi
1032 4112 1047 4136 ,
1090 4090 1147 4126 ut
1162 4078 1215 4125 in
1235 4074 1439 4125 Aristidi
1459 4087 1507 4125 et

485 4150 790 4202 Ther-cimela·
805 4187 820 4214 ,
872 4157 1072 4205 formam
1120 4157 1249 4205 illam
1297 4155 1507 4220 priscam

1592 2901 1771 2947 tutam,
1799 2905 2162 2952 revocaremus,
2203 2895 2390 2958 quippe
2423 2896 2476 2944 in
2512 2915 2615 2961 quo

1594 2969 1856 3017 clarissime
1898 2983 2123 3032 expressa
2158 2982 2408 3029 cei-natum
2448 2977 2511 3023 cf.
2549 2978 2613 3025 ad

1592 3046 1781 3095 Acadd.
1820 3049 1869 3095 11
1889 3083 1903 3103 ‚
1941 3048 1973 3093 6
1994 3083 2008 3106 ,
2053 3048 2112 3094 16
2133 3081 2147 3104 ,
2188 3048 2315 3096 adde
2343 3051 2469 3101 ibid.
2512 3057 2608 3113 3⁴,

1598 3127 1693 3174 108
1711 3160 1725 3185 ‚
1751 3124 1966 3173 Herculi.
1985 3127 2125 3171 Verr.
2150 3128 2239 3182 IV,
2268 3128 2299 3175 5
2306 3130 2337 3175 5
2350 3162 2366 3189 ,
2384 3131 2613 3196 Agatho-

1592 3204 1658 3251 cli
1671 3238 1686 3263 ‚
1721 3214 1774 3251 ut
1801 3214 1928 3250 recte
1957 3202 2101 3249 Beck.
2130 3206 2277 3252 Tusc.
2305 3210 2327 3254 1
2346 3242 2360 3265 ,
2400 3218 2461 3266 41
2481 3247 2497 3271 ‚
2526 3213 2612 3275 98,

1600 3280 1750 3330 Ulixi.
1776 3284 1881 3328 Ait.
1904 3283 1950 3328 11
1964 3316 1978 3339 ‚
1998 3295 2026 3328 α
2042 3315 2056 3339 ,
2087 3283 2312 3335 Isocrati.
2334 3288 2477 3337 Etsie
2493 3292 2612 3341 locis

1592 3360 1702 3407 aliis
1719 3360 2172 3424 multis.—Duplex
2189 3376 2277 3413 aue
2294 3365 2471 3416 deinde
2485 3374 2609 3436 Spir.

1593 3450 1644 3486 et
1687 3438 1784 3487 Erl.
1829 3437 2060 3489 exhibent
2088 3457 2102 3499 ς
2157 3444 2366 3505 priorem
2411 3466 2611 3517 quoque

1591 3516 1727 3566 Gud.
1751 3528 1953 3580 uterque
1999 3519 2108 3568 Bas.
2140 3521 2196 3567 E.
2223 3533 2272 3570 et
2299 3519 2340 3581 ξ.
2366 3530 2610 3590 posterio-

1590 3613 1693 3643 rem
1715 3598 1859 3643 Vien.
1888 3606 1937 3643 et
1963 3598 2093 3646 Crat.
2130 3615 2340 3651 servant.
2378 3607 2496 3655 Noli
2521 3627 2613 3658 au-

1591 3687 1688 3724 tem
1712 3677 1786 3735 id,
1810 3675 1944 3740 quod
1966 3679 2224 3729 consilium
2240 3666 2456 3748 peperit,
2489 3688 2612 3737 scri-

1589 3756 1760 3803 barum
1779 3752 1985 3805 inscitiae
2005 3758 2240 3808 tributum
2265 3774 2281 3809 z
2300 3776 2472 3814 auctor
2483 3771 2611 3816 enim

1590 3850 1743 3898 quum
1792 3845 1905 3882 ante
1961 3834 2261 3887 diversorum
2317 3846 2612 3907 populorum

1591 3914 1818 3962 homiues
1845 3916 2118 3977 posuisset,
2148 3917 2248 3986 jam
2283 3939 2367 3970 eos
2403 3941 2492 3988 per
2527 3938 2612 3973 aut

1595 3993 1849 4057 distinguit
1871 4027 1886 4047 .
1914 3994 2092 4057 quibu·
2117 3997 2284 4047 eadem
2303 4013 2422 4049 esset
2440 4007 2611 4066 petria.

1593 4100 1666 4110 -—
1698 4073 1889 4137 Volupc.
1927 4071 2002 4120 El.
2035 4089 2064 4121 α
2079 4109 2094 4134 ,
2117 4075 2221 4126 Par.
2244 4094 2272 4124 α
2287 4112 2302 4136 ,
2323 4080 2352 4125 3
2369 4114 2384 4138 ,
2406 4082 2543 4129 Med.
2566 4094 2612 4130 et

1594 4152 1716 4202 Ball.
1742 4151 2002 4203 utilitatum
2015 4167 2035 4205 ;
2055 4169 2145 4202 uec
2170 4156 2225 4203 id
2242 4156 2469 4209 absurde.
2488 4162 2614 4210 Dav.

2257 4267 2374 4311 20.

2651 1882 2747 1930 116
