3217 4784
815 490 941 559 DE
991 490 1165 562 FIN.
1212 491 1420 561 BON.
1471 490 1585 560 ET
1636 490 1853 559 MAI..
1905 493 1995 577 V,
2040 422 2105 574 li.
2395 488 2530 563 555

405 612 537 697 sit,
574 614 743 682 satis
781 627 891 684 est
927 639 967 685 a
1009 638 1160 699 me,
1199 628 1280 685 ut
1313 613 1735 686 brevissime
1769 614 2046 711 potui¹‚
2087 612 2329 711 paullo
2365 628 2534 685 ante

405 722 702 794 dictum.
744 722 883 795 Sed
920 739 1027 796 est
1070 723 1302 796 forma
1330 725 1488 819 ejus
1531 724 1928 821 disciplinae
1951 779 1971 812 ‚
2007 726 2191 796 sicut
2234 721 2383 796 fere
2418 749 2534 796 ce·

408 845 760 920 terarum,
804 834 1085 933 triplex.
1137 838 1301 905 Una
1344 859 1510 933 pars
1565 849 1673 905 est
1718 844 2087 920 naturae23
2145 834 2535 906 disserendi

408 942 664 1029 altera;
701 943 986 1014 vivendi
1016 948 1246 1016 tertia.
1284 950 1552 1017 Natura
1590 948 1691 1017 sic
1716 944 1809 1015 ab
1846 946 1932 1016 iis
1960 947 2376 1043 investigata
2407 961 2538 1033 est,

405 1066 489 1122 ut
527 1051 724 1122 nulla
763 1077 929 1150 pars
969 1055 1175 1142 caelo,
1219 1057 1441 1142 mari,
1495 1069 1684 1127 terra
1712 1110 1731 1143 ‚
1779 1070 1861 1126 ut
1903 1057 2185 1152 poetice
2234 1056 2533 1153 loquar,

409 1163 877 1257 praetermissa
915 1165 1025 1234 sit.
1071 1165 1268 1256 Quin
1307 1168 1555 1254 etiam,
1595 1190 1827 1262 quum
1865 1165 1956 1236 de
1998 1188 2240 1236 rerum
2278 1168 2535 1252 initiis,

407 1274 758 1367 omnique
787 1274 1066 1347 mundo
1101 1275 1389 1372 loquuti
1422 1291 1663 1349 essent
1681 1271 1738 1364 3,
1772 1292 1855 1348 ut
1884 1275 2108 1346 multa
2142 1300 2291 1347 non
2323 1276 2542 1349 modo

410 1380 767 1479 probabili
782 1387 1430 1483 argumentatione,
1449 1386 1576 1458 sed
1598 1388 1814 1458 etiam
1834 1386 2233 1457 necessaria
2261 1387 2538 1458 mathe-

408 1494 836 1565 maticorum
861 1497 1141 1567 ratione
1159 1495 1677 1569 concluderent
1707 1526 1722 1568 ε
1753 1499 2136 1568 maximam
2169 1498 2541 1566 materiam

407 1629 497 1673 ex
552 1603 773 1695 rebus
824 1629 955 1702 per
1003 1629 1080 1676 se
1115 1606 1556 1705 investigatis
1580 1610 1609 1659 ⁴
1662 1605 1753 1678 ad
1801 1629 2043 1677 rerum
2101 1602 2538 1676 occultarum

409 1715 900 1812 cognitionem
937 1714 1360 1787 attulerunt.
1411 1723 1899 1814 Persequutus
1938 1712 2085 1787 est⁵
2125 1713 2543 1808 Aristoteles

412 1824 886 1894 animantium
959 1827 1287 1897 omnium
1339 1841 1578 1915 ortus»,
1634 1829 1867 1898 victus
1895 1882 1914 1915 ‚
1966 1825 2252 1924 figuras.
2304 1823 2543 1896 Theo·

414 1933 755 2031 plu-astus
790 1949 1028 2008 autem
1083 1938 1417 2036 stirpium
1468 1934 1842 2026 naturas⁶‚
1880 1938 2351 2033 omniumque
2394 1933 2542 2006 fere

409 2067 648 2114 rerum
674 2099 693 2131 ,
733 2070 896 2142 quae
936 2071 977 2118 e
1021 2063 1211 2118 terra
1251 2049 1743 2147 gignerentur,
1787 2072 2034 2120 causas
2069 2060 2289 2143 atque
2332 2046 2541 2115 ratio-

480 2260 566 2307 1v.
613 2275 654 2306 ι.
701 2260 766 2308 Ue
796 2258 1070 2308 brevissime
1102 2261 1254 2324 pomi.
1288 2265 1425 2312 Goer.
1514 2263 1628 2311 liter
1651 2279 1748 2327 pro
1771 2264 1867 2311 hac
1886 2261 2189 2320 condicione,
2216 2271 2273 2308 ue
2301 2261 2405 2310 Off.
2432 2264 2536 2322 ΠΙ,

415 2337 498 2385 dat
511 2337 691 2402 poeuis.
722 2338 902 2387 Melior
921 2350 1018 2399 est,
1051 2340 1242 2404 inquit,
1274 2352 1324 2389 et
1343 2358 1428 2389 an-

410 2418 561 2465 ctoris
588 2417 700 2465 usui
734 2434 934 2482 prorsus
959 2419 1325 2469 accommodata
1357 2431 1431 2468 est

410 2498 558 2545 lectio
593 2495 820 2563 binorum
860 2499 963 2547 haec
995 2506 1279 2548 nostrorum
1304 2501 1433 2565 opti-

411 2592 621 2627 mornm.
649 2578 797 2625 Divv.
825 2580 849 2625 I
868 2613 883 2639 ,
917 2578 1060 2642 epist.
1084 2594 1113 2626 a
1130 2613 1145 2637 ‚
1184 2577 1270 2628 fin.
1309 2602 1336 2621 κ
1356 2579 1431 2626 di-

410 2656 643 2719 gnitatem
663 2666 876 2705 nostram
893 2691 909 2716 ,
941 2665 999 2705 ut
1023 2668 1185 2722 potest
1212 2658 1267 2706 in
1296 2667 1431 2706 tanta

409 2736 662 2783 hominum
686 2733 889 2800 perfidia
911 2746 961 2784 et
987 2737 1241 2801 iniquitate
1259 2772 1275 2798 ,
1316 2740 1432 2786 reti-

411 2815 633 2862 nebimus
645 2836 689 2862 n.
714 2816 792 2865 cf.
816 2830 925 2878 qua
952 2815 1148 2880 collegit
1181 2821 1258 2864 Fr.
1282 2819 1430 2865 Heus.

409 2894 472 2941 ad
498 2891 643 2940 Offic.
675 2896 756 2953 11,
790 2909 880 2955 79,
917 2902 1016 2953 14,
1047 2910 1148 2957 quo
1173 2897 1282 2959 ipso
1314 2896 1430 2945 loco

409 2971 685 3036 nuperrime
713 2971 1029 3020 Gernhardus
1059 2989 1121 3021 ex
1151 2974 1261 3022 solo
1295 2975 1428 3024 Gud.

417 3067 440 3101 1
471 3062 600 3100 recte
636 3049 795 3115 possit
818 3051 971 3100 dedit.
1006 3052 1112 3100 Nos
1149 3054 1326 3117 passim
1368 3056 1431 3103 de

410 3132 501 3180 hae
544 3131 681 3179 verbi
708 3145 856 3194 posse
897 3131 973 3187 vi,
1012 3147 1108 3195 qua
1133 3132 1262 3199 fieri
1283 3149 1432 3196 posse

412 3209 562 3270 vale-13
589 3210 656 3257 cf.
676 3226 723 3258 v.
747 3225 793 3258 e.
820 3209 1010 3258 Aoedd.
1032 3212 1081 3270 1,
1117 3227 1169 3271 7,
1205 3226 1289 3275 ²9·

481 3305 535 3336 a.
593 3292 701 3337 Una
745 3304 863 3352 pars
901 3299 972 3336 ess
1008 3299 1215 3337 nauem·-
1262 3291 1432 3338 Nostri

411 3384 579 3416 omnes
594 3401 609 3425 ‚
634 3378 692 3415 nt
715 3368 934 3433 plerique
958 3369 1167 3416 aliorum
1182 3403 1195 3426 ‚
1215 3380 1392 3417 namra
1406 3387 1429 3427 ,-

411 3446 547 3509 quod
572 3447 687 3494 ferri
711 3445 900 3509 nequit.
919 3449 1071 3495 Recte
1090 3447 1238 3510 igitur
1258 3447 1427 3497 Lamb-

409 3527 618 3590 primus‚
644 3538 694 3574 et
718 3525 894 3574 deinde
928 3541 989 3575 ex
1013 3540 1114 3573 uno
1142 3542 1232 3574 suo
1264 3527 1428 3577 Davis.

408 3617 600 3653 natura*
619 3606 795 3654 dedere
809 3640 824 3664 ‚
851 3606 1136 3667 adjuvante,
1158 3616 1217 3653 ut
1236 3607 1424 3654 Ernest.

410 3684 534 3732 vidit
553 3722 567 3745 ‚
585 3688 712 3733 Ven.
733 3693 864 3747 1494
881 3723 897 3748 ,
920 3684 969 3732 'et
984 3720 998 3744 ‚
1027 3702 1148 3749 quas
1173 3700 1264 3734 nos
1291 3684 1433 3733 addi·

410 3782 543 3821 mus,
570 3766 720 3813 Marsi
747 3777 797 3813 et
815 3761 950 3813 Crat.
972 3767 1035 3813 G.

483 3847 530 3894 3.
556 3845 793 3909 Omnique
815 3844 997 3891 mundo
1033 3843 1225 3907 loquuti
1247 3855 1428 3901 essent,

411 3935 480 3971 ut.
516 3925 629 3971 Ern.
670 3923 743 3971 ita
778 3924 1018 3972 excidisse
1058 3934 1240 3988 putat:
1279 3925 1432 3972 immo

411 4003 581 4062 potins
602 4002 747 4071 rerba
773 4013 961 4061 essent,
986 4016 1067 4057 ne,
1100 4014 1344 4066 tamquam
1369 4020 1433 4051 ex

412 4078 702 4140 glossemate
742 4094 854 4130 nata
903 4083 1000 4131 dici
1045 4093 1288 4146 poterant.
1337 4084 1433 4132 sed

414 4173 542 4221 saepe
576 4172 628 4207 ut
652 4163 880 4226 ponitur,
921 4174 977 4211 nt
1003 4163 1095 4210 hoc
1119 4162 1319 4210 consilio
1338 4200 1354 4224 ,
1384 4176 1436 4211 ut

413 4237 598 4296 valeam
630 4242 759 4289 conf.
784 4244 924 4305 Legg.
946 4245 1024 4303 11,
1061 4244 1119 4291 13
1144 4279 1157 4301 ,
1182 4244 1264 4292 33.
1291 4243 1433 4291 Simi-

1523 2357 1614 2397 10,
1649 2344 1741 2391 16:
1779 2345 1923 2389 «Vas
1963 2341 2118 2390 factus
2155 2350 2229 2388 est
2272 2341 2392 2389 alter
2436 2342 2540 2402 ejus

1517 2418 1754 2479 sistendi,
1784 2431 1864 2479 nt,
1899 2420 1942 2467 si
1980 2418 2063 2466 ille
2093 2432 2196 2465 non
2235 2419 2507 2468 revertisset
2527 2458 2542 2483 ,

1519 2498 1830 2547 moriendum
1856 2508 1976 2547 esset
2003 2498 2099 2563 ipsi
2116 2519 2160 2545 ιο.
2186 2498 2336 2545 Omni
2358 2500 2540 2547 mundo

1521 2590 1596 2626 est
1622 2578 1823 2626 omnino
1841 2578 1904 2626 de
1921 2577 2106 2625 mundo
2121 2594 2143 2634 ‚-
2158 2576 2272 2625 vide
2305 2592 2451 2642 supra
2487 2580 2509 2625 1
2527 2617 2542 2641 ,

1528 2672 1617 2722 19,
1646 2658 1734 2705 62.
1762 2658 1824 2707 G.

1593 2744 1645 2793 4.
1685 2736 1844 2784 Rebus
1879 2750 1973 2799 per
2006 2750 2057 2782 se
2081 2734 2400 2801 investigatis.
2439 2736 2542 2783 No-

1521 2826 1654 2876 tant‚
1681 2837 1708 2858 ι-
1727 2813 1870 2863 rebus
1903 2814 2203 2878 investigatis
2224 2849 2240 2874 ,
2271 2814 2439 2877 quales
2455 2831 2542 2879 per

1519 2912 1594 2955 se,
1631 2904 1802 2959 suapte
1846 2895 2063 2959 ipsarum
2103 2904 2274 2941 natura
2315 2904 2540 2950 essent-3

1520 2990 1623 3021 non
1651 2974 1818 3037 quales
1844 2973 2066 3022 sensibus
2083 3009 2096 3032 ‚
2117 2972 2269 3020 errori
2296 2971 2540 3032 obnoxiis,

1519 3063 1826 3119 apparerent.
1855 3053 1915 3100 G.

1594 3134 1643 3182 5.
1672 3136 2001 3195 Per-sequutus
2029 3141 2102 3178 ese
2126 3127 2417 3177 Aristoteles.
2449 3132 2537 3178 De-

1520 3211 1762 3258 sideratur
1809 3220 1887 3257 est
1930 3210 1984 3256 in
2029 3208 2184 3257 tribus
2233 3207 2411 3255 nostris
2433 3222 2448 3257 ε
2493 3220 2538 3256 et

1520 3304 1648 3352 saepe
1668 3288 1738 3337 sic
1761 3298 1874 3352 post
1891 3286 2128 3352 syllabam
2148 3302 2203 3334 us
2225 3285 2363 3334 verbi
2381 3287 2538 3336 snbst.

1518 3367 1569 3414 in
1595 3367 1790 3432 seriptis
1817 3367 2034 3415 absentia
2059 3382 2151 3415 nos
2169 3365 2395 3413 offendit.
2415 3366 2538 3414 Sub-

1516 3448 1577 3493 iit
1629 3446 1745 3494 inde
1802 3446 2016 3495 animum
2068 3457 2289 3494 nostrum
2333 3446 2508 3509 opinio
2526 3481 2539 3504 ,

1516 3526 1887 3590 pronuntiatum
1912 3526 2031 3574 olim
2052 3541 2156 3574 esse
2163 3529 2536 3590 persequutuse’:

1516 3605 1634 3654 inde
1656 3617 1784 3656 certe
1810 3606 2146 3666 librariorum,
2168 3604 2347 3670 quibus
2383 3606 2433 3652 in
2462 3622 2538 3652 ea·

1521 3685 1701 3733 lamum
1724 3685 2016 3745 dictabam,
2035 3702 2172 3734 aures
2199 3685 2541 3750 praetervolare

1522 3775 1595 3813 ese
1622 3765 1762 3813 facile
1788 3775 1994 3830 poterat.
2023 3754 2294 3812 'Poetarum
2324 3775 2539 3812 veterum

1521 3846 1810 3904 auctoritas,
1852 3845 1963 3908 qui,
2007 3854 2154 3907 prout
2193 3843 2541 3908 pronuntiaba-

1521 3936 1619 3982 tur,
1656 3924 1931 3973 scribebant
1949 3959 1964 3983 ‚
2005 3935 2058 3971 ut
2089 3923 2182 3971 alia
2215 3922 2363 3971 multa
2384 3959 2398 3983 ,
2428 3922 2542 3968 huic

1521 4003 1790 4067 suspicioni
1825 4003 1957 4052 haud
1992 4019 2164 4067 parum
2207 4003 2365 4050 favere
2408 4001 2542 4048 vide-

1525 4092 1621 4130 tur.
1646 4083 1707 4131 G.

1595 4165 1645 4212 6.
1672 4162 1891 4226 Stirpimn
1922 4172 2143 4209 naturas.
2172 4161 2278 4207 Bas.
2302 4171 2350 4207 et
2373 4160 2500 4208 Gud.
2523 4179 2538 4206 1

1527 4253 1754 4290 naturam
1783 4241 1998 4307 stirpium
2019 4258 2037 4288 .·
2073 4239 2156 4288 sed
2193 4255 2461 4304 perperam.
2483 4240 2544 4286 G.

2587 1739 2646 1772 10
