3217 4784
855 463 981 532 DE
1030 463 1201 531 FIN.
1256 464 1462 531 BON.
1518 462 1631 530 ET
1679 458 1897 528 MAL.
1946 460 2038 541 Π,
2088 452 2189 525 15.

2443 452 2576 523 215

456 602 696 658 tamen
742 610 891 656 non
933 607 1084 655 esse
1129 607 1278 652 non
1331 596 1578 678 turpe,
1631 605 1859 676 quum
1917 579 1990 648 id
2034 602 2074 647 a
2118 575 2583 647 multitudine

454 689 854 765 laudeturss.
909 691 1125 782 Quod
1170 692 1228 761 si
1271 691 1363 760 sit
1407 690 1646 786 ipsum
1695 713 1826 785 per
1878 712 1954 759 se
1993 699 2321 758 rectumst
2367 701 2582 781 atque

455 802 849 889 laudabile,
876 825 1028 872 non
1065 799 1163 871 ob
1201 823 1358 871 eam
1392 822 1674 871 causam
1707 805 2030 867 tamen¹⁰
2071 795 2245 866 illud
2284 795 2422 866 dici
2452 794 2587 864 ho—

458 928 746 986 nestum
805 934 999 998 esse,
1042 910 1212 1006 quia
1271 907 1604 979 laudetur
1648 932 1690 977 a
1736 905 2020 989 multis,
2061 904 2186 976 sed
2238 906 2407 1001 quia
2447 892 2586 973 tine

458 1026 585 1110 sit,
614 1036 734 1107 ut,
767 1020 879 1091 vel
915 1021 974 1090 si
1009 1023 1421 1115 ignorarent
1448 1017 1521 1089 id
1549 1017 1917 1100 homine5‚
1949 1014 2062 1084 vel
2092 1019 2150 1085 si
2178 1013 2584 1086 obmutuis-

459 1147 659 1218 sent,
703 1155 830 1202 sua
866 1145 1108 1201 tamen
1148 1125 1765 1227 pulchritudine¹¹
1800 1138 1987 1196 esset
2016 1128 2399 1221 specieque
2429 1125 2583 1195 lau-

457 1366 602 1413 etism
642 1372 671 1421 4
720 1366 890 1413 nostri.
934 1364 1142 1414 Pessime
1174 1377 1334 1414 sutem
1386 1365 1480 1412 hoc

461 1443 575 1498 loco
606 1444 804 1504 feceris,
836 1445 877 1493 si
918 1462 1047 1509 soepe
1072 1446 1133 1494 ad
1148 1443 1322 1510 judico
1351 1455 1480 1491 retu-

459 1522 587 1579 leris.
622 1526 693 1571 Ita
724 1540 882 1588 neque
903 1524 1116 1587 scriptos
1133 1522 1368 1587 quosdam
1392 1538 1479 1568 au-

462 1601 566 1656 dies
582 1638 597 1662 ‚
620 1619 723 1651 esse
746 1602 1042 1662 abjicientes.
1059 1605 1125 1651 G.

530 1683 577 1730 8.
594 1685 774 1731 Tamen
790 1698 887 1729 non
906 1697 1010 1730 esse
1028 1697 1126 1728 non
1140 1690 1277 1742 tmpe
1297 1711 1313 1736 ,
1331 1693 1481 1740 quum

469 1795 480 1807 .
497 1794 509 1807 .
532 1797 543 1809 .
584 1762 829 1810 laudetur.
880 1761 1086 1808 Goereuz
1133 1755 1304 1803 scribit
1363 1765 1480 1802 tum.

458 1840 570 1898 Sic,
622 1839 782 1902 inquit
801 1874 815 1897 ‚
866 1852 959 1900 pro
999 1846 1159 1881 tamen
1182 1869 1197 1891 ‚
1263 1832 1482 1881 dedimus

458 1932 519 1965 ex
569 1917 669 1964 Pal.
713 1933 732 1962 ι
760 1950 774 1969 ,
824 1915 951 1977 Spir.
991 1911 1194 1960 mediol.
1230 1913 1338 1959 Bas.
1386 1912 1481 1960 Sed

460 2009 521 2041 ne
544 2009 670 2056 opus
696 1992 896 2057 quidem
923 1990 1015 2038 hac
1037 1991 1323 2038 auctoritate
1350 2002 1480 2051 erat,

459 2087 610 2133 quum
633 2071 738 2118 haec
761 2069 1035 2131 corrigendi
1061 2070 1184 2117 ratio
1206 2071 1307 2134 ipsa
1321 2087 1371 2118 se
1392 2071 1479 2118 ob-

461 2141 624 2196 trudat
648 2147 848 2195 dicendi
872 2149 1086 2195 auctoris
1110 2147 1347 2195 rationem
1378 2164 1478 2196 non

458 2226 740 2291 ignoranti3
780 2226 1002 2289 inprimis
1040 2226 1080 2272 si
1120 2227 1355 2283 tenueris,
1378 2238 1478 2274 tum

457 2316 506 2353 et
543 2317 707 2353 tamen
738 2320 766 2351 a
791 2303 961 2351 scribis
1002 2304 1182 2368 ubique
1223 2305 1476 2353 confundi.

457 2387 531 2431 Ita
555 2401 602 2431 v.
633 2400 676 2430 c.
718 2395 848 2430 recte
870 2398 1028 2445 nuper
1061 2381 1219 2430 wolf.
1252 2384 1399 2429 Tusc.
1427 2386 1478 2441 1,

459 2463 526 2509 35
547 2497 562 2522 ‚
587 2463 652 2511 85
676 2496 690 2520 ‚
710 2483 733 2502 ι·
750 2472 852 2508 tum
874 2471 1098 2508 eventum
1123 2460 1341 2507 omnium
1361 2462 1476 2507 ami-

456 2541 596 2588 sisset
615 2576 630 2601 ‚
650 2561 675 2580 ι-
692 2538 775 2585 ubi
803 2550 962 2586 tamen
985 2541 1235 2603 vulgatum
1262 2552 1311 2588 et
1330 2542 1474 2587 Divv.

455 2620 527 2666 VI
545 2652 559 2676 ,
600 2633 677 2680 ep.
707 2626 733 2673 4
751 2653 765 2675 ‚
804 2639 828 2658 ιι
847 2631 896 2666 et
918 2634 1067 2682 quum
1094 2634 1283 2682 semper
1301 2620 1475 2666 incerti

456 2698 613 2745 exitus
667 2696 947 2760 praeliorum
1010 2699 1138 2759 sint,
1185 2707 1343 2744 tamen
1379 2697 1475 2745 boc

456 2787 674 2839 tempore
702 2776 766 2821 ita
793 2776 1021 2840 utrinque
1038 2787 1217 2840 paratae
1233 2776 1296 2823 ad
1318 2776 1473 2839 depu-

456 2854 702 2919 gnandum
726 2869 827 2900 esse
846 2853 1075 2902 dicuntur
1094 2878 1137 2903 n.
1161 2858 1388 2919 Reponas
1412 2872 1474 2903 ex

454 2933 677 2998 pluribus
693 2931 847 2980 codd.
865 2943 961 2979 tum
978 2949 997 2978 .·
1025 2949 1133 2979 narn
1161 2935 1251 2981 etsi
1277 2934 1472 2998 quidem

454 3012 534 3061 vel
564 3013 633 3058 sic
663 3026 813 3075 quum
839 3026 930 3074 pro
970 3010 1086 3058 licet
1123 3012 1335 3075 positum
1375 3014 1474 3062 dici

453 3091 638 3163 possit;
676 3101 835 3137 tamen
860 3089 1020 3136 verbis
1057 3092 1359 3153 transpositis
1384 3108 1471 3139 su-

455 3182 582 3227 ctor‚
605 3171 695 3218 Ιιοσ
718 3181 881 3216 tamen
909 3180 1119 3233 tempore
1134 3204 1149 3225 ,
1190 3171 1472 3233 scripsisset.

456 3252 655 3313 Semper
693 3260 852 3296 autem
896 3248 1029 3311 vulgi
1084 3248 1364 3311 opinionem
1421 3250 1476 3297 In

457 3344 618 3377 errore
644 3328 849 3385 versari,
880 3326 1103 3392 inprimis
1131 3327 1284 3374 Stoici
1315 3328 1475 3391 perhi-

456 3408 652 3460 bebant.
677 3409 755 3454 Sic
781 3406 903 3453 nihil
926 3417 1022 3463 est,
1046 3423 1151 3463 cur,
1174 3421 1265 3469 pro
1286 3423 1435 3470 quum
1458 3444 1473 3469 ‚

455 3501 568 3535 euin
594 3485 760 3533 Davis.
786 3484 944 3548 quod,
989 3500 1101 3531 cuin
1122 3486 1315 3532 Bremio
1353 3484 1470 3548 quia

456 3564 612 3613 mslis.
658 3590 725 3602 —-
757 3562 810 3609 Si
846 3562 1048 3626 quando
1076 3575 1215 3625 turpe
1251 3579 1349 3610 non
1376 3562 1469 3622 sie,

456 3655 621 3699 tamen
649 3658 747 3689 non
787 3657 893 3688 esse
924 3656 1020 3687 non
1061 3652 1226 3704 turpe,
1266 3652 1364 3690 etc.
1390 3645 1470 3690 An

457 3722 605 3785 igitur
628 3720 678 3768 in
710 3736 765 3767 en
791 3720 1029 3768 sententia
1055 3721 1148 3767 suit
1174 3719 1391 3778 Tullius,
1417 3731 1475 3769 ut

454 3800 780 3848 multitudinis
815 3798 1106 3862 approbatio
1132 3814 1293 3846 rerum
1326 3808 1471 3847 natu·

456 3895 557 3927 ram
602 3889 809 3926 mutaret
825 3911 840 3933 ,
887 3877 1036 3940 idque
1073 3877 1252 3924 faceret
1299 3888 1439 3940 turpe
1458 3911 1473 3933 ‚

458 3956 594 4021 qnod
612 3972 700 4021 per
719 3972 770 4003 se
789 3955 931 4003 talem
955 3967 1119 4003 notam
1138 3971 1238 4003 non
1256 3955 1474 4002 mereba-

460 4044 538 4081 tur
553 4036 575 4081 Ρ
598 4034 731 4082 haud
747 4035 942 4098 opinor.
959 4034 1102 4082 Certe
1119 4033 1325 4092 censuit,
1342 4034 1476 4097 quod

462 4111 579 4159 olim
599 4114 768 4161 Horat.
790 4114 854 4170 11,
874 4114 966 4177 Ep.
994 4108 1040 4169 ιζ
1061 4114 1125 4161 63
1144 4127 1156 4159 :
1185 4113 1473 4160 -Interdum

462 4189 634 4252 vulgus
660 4206 825 4239 verum
850 4192 1016 4240 videt:
1045 4203 1116 4239 est
1146 4191 1229 4238 ubi
1252 4201 1471 4256 peccat».

1570 1359 1751 1404 Dure.
1775 1373 1844 1391 —·-
1869 1354 2022 1402 Notat
2062 1355 2114 1401 J.
2149 1355 2212 1399 V.
2241 1357 2294 1401 L.
2326 1370 2426 1402 non
2461 1356 2510 1402 h.
2553 1356 2585 1400 Ι.

1570 1442 1803 1488 Nostrum
1823 1438 2116 1487 contendere
2134 1438 2255 1486 nibil
2279 1440 2478 1487 omnino
2496 1442 2585 1487 tri-

1568 1518 1816 1565 buendum
1845 1533 1948 1565 esse
1982 1517 2236 1581 opinioni;
2272 1517 2357 1564 sed
2398 1528 2585 1566 tantum

1570 1612 1766 1646 mouere
1781 1630 1796 1652 ,
1832 1606 1886 1643 ut
1908 1595 1970 1642 ab
1996 1596 2102 1655 ejus
2119 1594 2362 1643 erroribus
2393 1607 2441 1643 et
2465 1613 2589 1660 prae-

1563 1674 1764 1734 judiciis
1789 1689 2060 1723 caveamus.

1642 1770 1689 1815 9.
1713 1756 1812 1799 Per
1829 1769 1882 1800 se
1900 1763 2096 1800 recreem.
2120 1756 2193 1800 Ita
2212 1763 2388 1818 praeter
2413 1754 2511 1800 Pal.
2546 1771 2588 1811 ι,

1565 1831 1786 1895 aliosque
1812 1830 2050 1894 quosdam
2067 1866 2081 1888 ,
2117 1833 2243 1894 Spir.
2265 1841 2313 1877 ct
2331 1831 2434 1880 Erl.
2455 1833 2587 1881 Crat.

1568 1926 1767 1975 quoqne
1795 1911 1846 1957 in
1879 1911 2111 1973 margine.
2139 1910 2400 1957 verissime
2429 1925 2444 1958 τ
2477 1927 2590 1957 cen-

1567 1991 1659 2037 ties
1687 1992 1815 2036 enim
1858 2005 1985 2052 «per
2027 2005 2077 2036 se
2110 1999 2294 2037 rectum
2338 1998 2388 2035 et
2424 1989 2589 2038 lauda-

1566 2068 1701 2116 bile»
1727 2084 1790 2115 ex
1825 2084 1880 2116 ea
1914 2068 2191 2115 Stoicorum
2219 2067 2405 2115 ratione
2421 2071 2587 2132 iungi-

1568 2160 1648 2196 tur
1665 2182 1679 2207 ‚
1702 2163 1797 2210 qua
1823 2146 1874 2193 hi
1887 2181 1902 2206 ,
1939 2167 1965 2188 α
1985 2163 2127 2195 omne
2145 2147 2329 2194 bonum
2348 2146 2590 2196 laudabile

1565 2243 1742 2288 essen,
1773 2227 2010 2291 probant;
2049 2228 2162 2275 vide
2198 2244 2288 2275 nos
2329 2227 2391 2275 ad
2429 2227 2586 2291 Legg.

1565 2305 1651 2352 lib.
1683 2307 1731 2362 1,
1759 2321 1868 2368 cap.
1898 2320 1987 2366 17,
2015 2304 2045 2368 S
2071 2308 2163 2365 46,
2201 2308 2315 2355 coll.
2355 2305 2476 2357 ibid.
2516 2311 2587 2364 n,

1568 2385 1634 2440 5,
1670 2398 1748 2431 11.
1776 2384 1907 2431 oum
1940 2385 2132 2447 vulgata
2168 2396 2278 2432 ante
2318 2388 2371 2433 P.
2412 2387 2588 2433 Manu-

1564 2463 1688 2510 tium
1713 2463 1860 2509 lectio
1875 2497 1889 2521 ,
1911 2464 2039 2526 turpi
2069 2464 2335 2512 scribarum
2356 2477 2587 2531 peccato,

1564 2540 1966 2607 eratpetfcceum.
1996 2543 2060 2591 G.

1640 2637 1719 2668 ιο.
1755 2623 1931 2667 Tamen
1960 2621 2020 2668 ab
2061 2622 2164 2669 Erl.
2195 2622 2360 2679 abest,
2398 2635 2442 2670 et
2482 2624 2587 2683 ejus

1562 2698 1674 2747 loco
1688 2701 1814 2746 Ven.
1841 2704 1972 2762 ¹⁴94
2002 2700 2052 2747 in
2082 2700 2217 2748 dedit
2247 2713 2261 2748 :
2302 2702 2389 2749 sed
2415 2701 2587 2748 scribae

1561 2778 1659 2825 fere
1694 2794 1885 2842 semper
1924 2779 1979 2825 in
2019 2790 2183 2827 tamen
2212 2779 2355 2826 altius
2383 2781 2586 2840 reiecta.

1560 2858 1602 2903 si
1631 2869 1757 2904 ceree
1784 2867 1951 2917 notat,
1981 2857 2417 2907 offendunt.Conf.
2435 2859 2579 2906 Catil.

1559 2937 1671 2995 111,
1702 2936 1763 2992 5.
1811 2944 1871 2992 ιι
1892 2972 1905 2995 ,
1936 2936 2085 2983 Beck.
2120 2957 2142 2978 ι
2166 2938 2291 2983 Tum
2320 2937 2584 2997 Cethegus,

1560 3017 1648 3080 qui
1674 3016 1839 3079 paullo
1865 3027 1976 3062 ante
1997 3014 2182 3076 aliquid
2201 3026 2359 3060 tamen
2382 3030 2584 3077 respou-

1561 3095 1711 3142 disset
1725 3110 1778 3152 »;
1807 3094 1893 3141 ubi
1911 3103 2041 3140 recte
2064 3107 2220 3154 nuper
2239 3090 2384 3138 Beck.
2415 3103 2584 3139 tamen

1562 3172 1773 3218 reduxit.
1796 3173 1858 3218 G.

1638 3264 1659 3294 1
1677 3264 1692 3293 ι
1707 3284 1719 3295 .
1737 3250 1834 3293 Sua
1850 3258 2009 3293 tamen
2021 3244 2395 3309 pulchritudine.
2412 3250 2590 3295 Trans-

1563 3334 1764 3390 ponunt
1799 3327 1929 3373 Ven.
1963 3330 2124 3386 1494,
2154 3325 2349 3387 pulchr.
2388 3339 2428 3374 t.
2453 3345 2542 3375 sua
2563 3365 2577 3384 ,

1564 3407 1717 3453 Mars.
1735 3403 1930 3468 pulchr.
1961 3420 2050 3452 sua
2072 3415 2232 3452 tamen
2259 3439 2276 3466 ,
2307 3416 2357 3452 et
2378 3406 2448 3454 sic
2475 3408 2582 3456 Bas.

1558 3483 1656 3532 Sed
1680 3493 1728 3531 et
1754 3481 1925 3530 scribae
1970 3494 2017 3530 et
2039 3485 2150 3530 VV.
2173 3485 2283 3532 DD.
2310 3484 2362 3531 in
2382 3485 2580 3545 adjectt.

1558 3562 2028 3626 pronominibusque
2075 3578 2185 3609 cum
2229 3562 2281 3608 vi
2327 3565 2585 3627 praemissis

1558 3650 1781 3705 peccant.
1819 3642 2046 3689 Ceterum
2083 3642 2253 3689 Daris.
2295 3647 2584 3711 transposite

1560 3731 1684 3767 esset
1700 3719 1891 3783 penlclnr.
1917 3720 2026 3782 Qua
2046 3721 2361 3780 auctoritate,
2386 3725 2551 3771 nescio
2570 3742 2583 3781 ;

1556 3798 1666 3858 jure
1704 3808 1832 3845 certe
1870 3797 2024 3845 nulle.
2064 3800 2127 3847 G.
2165 3825 2236 3834 —
2273 3801 2374 3846 διω
2400 3812 2473 3848 est
2498 3801 2585 3849 illa

1563 3892 1657 3923 sua
1707 3874 1899 3941 insigni.
1962 3876 2147 3923 Habuit
2192 3893 2367 3942 nempe
2412 3891 2586 3927 auctor

1565 3951 1781 4001 Platonis
1812 3969 1872 4001 ex
1898 3953 2104 4001 Phaedro
2130 3953 2295 4002 locum
2321 3957 2371 4003 in
2399 3967 2584 4014 mente,

1565 4049 1710 4096 quem
1746 4033 1850 4096 ipse
1889 4032 2092 4081 inferius
2124 4035 2302 4097 ponit,
2346 4034 2436 4087 16,
2489 4034 2586 4090 52,

1564 4122 1613 4158 et
1650 4111 1711 4158 ad
1746 4126 1889 4174 quem
1925 4128 2068 4181 snpra
2103 4113 2243 4161 etiam
2284 4122 2555 4185 respexerat
2579 4146 2595 4167 ‚

1569 4190 1660 4248 15,
1692 4192 1782 4250 48,
