3217 4784
628 335 765 423 544
1277 336 1372 403 Μ.
1427 336 1503 402 Τ.
1562 338 2063 408 CICERONIS

624 482 871 531 amore
917 478 1300 553 germanus
1341 482 1356 524 ε
1394 459 1907 527 constituimus
1943 460 2134 529 inter
2171 484 2339 545 nos,
2386 475 2467 533 ut
2503 463 2776 536 ambu-

624 571 963 641 lationem
998 563 1637 664 postmeridianam
1669 565 2192 640 conficeremus
2220 565 2334 639 in6
2363 572 2739 644 Academia
2757 629 2777 659 ‚

620 683 927 751 maxime
959 672 1158 772 quod
1193 676 1252 746 is
1291 675 1494 746 locus
1529 674 1624 746 ab
1661 678 1861 747 omni
1901 676 2111 749 turba
2147 678 2219 749 id
2259 684 2605 779 temporis
2642 708 2770 754 va-

620 799 841 861 cuus⁷
902 799 1108 856 esset.
1172 776 1473 882 Itaque⁸
1514 785 1605 856 ad
1645 799 1937 884 tempus
1979 786 2067 858 ad
2109 791 2439 861 Pisonem
2483 816 2770 864 omnes.

614 899 794 970 Inde
838 896 1035 966 vario
1078 918 1411 966 sermone
1450 918 1575 966 sex
1629 895 1751 966 illa
1792 922 1834 968 a
1874 896 2191 995 Dipylo9
2245 899 2470 970 stadia
2517 900 2770 972 conse·

616 1012 868 1081 cim'us.
891 1007 1136 1096 Quum
1163 1020 1403 1077 autem
1429 1006 1880 1078 venissemus
1906 1011 1984 1078 in
2004 1007 2406 1080 Academiae
2429 1036 2579 1083 non
2609 1014 2772 1084 sine

623 1140 836 1189 causa
876 1112 1255 1186 nobilitata
1294 1115 1519 1213 spatia
1536 1123 1640 1204 ¹⁰3
1684 1115 2001 1188 solitudo
2038 1122 2193 1189 erat'
2223 1136 2343 1207 ea,
2383 1145 2600 1218 quam
2637 1148 2772 1193 vo-

624 1314 853 1362 comitem
877 1312 975 1378 ipsi
995 1311 1052 1359 iu
1074 1311 1282 1372 itinere,
1307 1311 1444 1377 quod
1472 1312 1536 1361 ad
1564 1328 1648 1362 ac·

624 1391 891 1441 cnsaudum
917 1394 1117 1439 Verrem
1152 1407 1242 1455 per
1277 1390 1494 1439 Siciliam
1527 1391 1657 1440 fece·

626 1483 728 1531 rat,
746 1486 879 1520 anuo
903 1482 1020 1536 post
1045 1480 1206 1518 morte
1236 1480 1527 1535 praematum
1551 1487 1657 1519 ere·

626 1563 767 1617 ptum
785 1587 802 1614 ,
824 1550 889 1600 ob
906 1550 1133 1608 virtutes,
1150 1549 1470 1614 amicitiaque
1488 1547 1655 1609 fidem,

628 1630 800 1680 acerbe
832 1631 1032 1678 Marcus
1053 1628 1188 1693 luget
1211 1627 1277 1675 ad
1302 1629 1408 1677 Att.
1428 1631 1477 1685 1,
1503 1645 1583 1694 ep.
1606 1632 1656 1678 5.

628 1712 854 1760 Ceterum
879 1709 933 1756 bi
960 1705 1354 1756 antemeridianis
1378 1706 1515 1755 horis
1545 1711 1655 1757 An·

632 1789 855 1839 tiochum
892 1784 1222 1837 Ascalonitam
1239 1820 1254 1845 ,
1296 1786 1354 1833 iu'
1392 1785 1659 1836 Ptolemaeo

632 1869 912 1930 docentem,
931 1867 1186 1916 audierant
1199 1901 1216 1928 ,
1238 1863 1670 1929 digredientesque·

632 1952 697 2001 de
722 1948 1054 1999 ambulatione
1079 1946 1455 2014 postmeridiana
1479 1961 1661 1995 couve-

634 2042 826 2079 nerant.
846 2032 915 2080 G.

704 2110 759 2156 6.
787 2109 847 2154 In
878 2103 1174 2154 Academia.
1209 2102 1495 2164 Academia,
1517 2102 1661 2151 locus

633 2196 736 2234 erat
760 2184 1020 2232 arboribus
1045 2182 1292 2242 consitus,
1335 2193 1473 2230 extra
1510 2181 1662 2230 Atbe·

634 2278 808 2314 narum
829 2274 1016 2312 muros.
1044 2265 1102 2310 Iu
1136 2276 1198 2310 eo
1223 2260 1476 2311 Platonem
1494 2273 1663 2309 natum

637 2343 885 2392 referunt:
912 2341 964 2389 in
990 2356 1094 2406 quo
1120 2351 1292 2406 postea
1324 2356 1460 2389 suam
1494 2339 1663 2404 philo-

638 2421 827 2487 sophia
853 2419 1069 2469 scholam
1092 2420 1372 2480 constituit,
1397 2418 1527 2467 unde
1558 2418 1666 2483 ipsa

642 2510 775 2550 secta
790 2534 806 2559 ‚
830 2501 973 2562 cujus
999 2498 1142 2547 Plato
1165 2500 1397 2563 princeps
1419 2498 1510 2546 fuit
1526 2531 1542 2558 ,
1576 2513 1667 2545 no·

637 2595 751 2627 men
778 2577 1060 2625 Academia
1087 2586 1231 2624 nacta
1262 2587 1335 2624 est
1351 2586 1369 2638 ς
1385 2575 1471 2623 sed
1488 2575 1671 2624 exstin-

641 2669 726 2705 cto
770 2655 973 2703 Platone
1019 2655 1158 2718 quasi
1202 2653 1366 2702 varios
1410 2654 1464 2702 in
1509 2669 1668 2702 ramos

639 2735 797 2783 divisa
835 2743 909 2781 est
944 2730 1210 2780 Academia
1238 2742 1253 2780 τ
1295 2731 1380 2780 alii
1411 2731 1666 2781 Platonem

640 2816 988 2875 Socratemque
1018 2818 1133 2875 post
1165 2811 1360 2873 sequuti
1377 2820 1517 2869 sunt,
1539 2822 1668 2859 vete-

638 2894 801 2957 risque
814 2889 1091 2939 Academias
1120 2903 1299 2936 nomen
1317 2888 1662 2949 obtinuerunt3

648 2972 760 3031 alii,
787 2972 913 3020 duce
939 2967 1179 3027 Arcesila,
1213 2967 1335 3016 nibil
1359 2984 1462 3016 esse
1481 2969 1668 3033 perspi·

639 3053 719 3099 cui
734 3086 750 3110 ,
782 3049 917 3099 nulla
951 3047 1015 3097 de
1033 3063 1085 3096 re
1108 3058 1290 3095 certum
1313 3045 1555 3108 judicium
1579 3046 1667 3096 ba·

638 3131 745 3180 beri
780 3146 926 3196 posse
960 3125 1352 3185 contenderunt,
1387 3137 1439 3175 et
1470 3126 1669 3175 nomine

640 3209 817 3259 mediae
846 3206 1123 3258 Academioe
1148 3206 1324 3270 signati
1350 3216 1465 3255 sunt
1487 3221 1500 3254 ε
1531 3206 1668 3254 deui-

641 3306 737 3354 que
760 3288 896 3337 venit
912 3284 1216 3344 Carneades,
1233 3285 1319 3349 qui
1336 3284 1489 3349 ipsam
1513 3287 1669 3335 Ame-

640 3369 743 3417 silo
763 3366 1035 3415 docuinam
1062 3362 1291 3412 nonnihil
1317 3366 1661 3423 commutavit,

640 3457 688 3495 et
712 3447 943 3510 princeps
968 3443 1057 3491 suit
1077 3457 1221 3490 nova
1239 3438 1368 3490 illius
1385 3443 1663 3493 Academiae

639 3540 785 3589 quam
814 3524 987 3572 Cicero
1020 3520 1417 3584 amplectebatur.
1444 3523 1533 3571 Ille
1558 3526 1663 3572 An·

1744 1313 1924 1384 ἀγορὸἰς
1944 1306 1998 1363 iu
2012 1315 2134 1365 urbe
2156 1316 2314 1366 redux
2330 1329 2473 1368 esset.
2490 1321 2586 1369 Ista
2605 1332 2778 1371 autem

1743 1394 2123 1459 postmeridiana
2177 1395 2446 1446 ambulatio
2489 1415 2518 1447 a
2564 1412 2738 1464 quarta
2753 1436 2774 1461 ,

1744 1473 1974 1536 quintave
1996 1473 2144 1534 hora,
2178 1474 2232 1524 id
2254 1486 2329 1524 est
2347 1510 2364 1535 ‚
2393 1487 2509 1541 post
2548 1493 2739 1527 coeuam
2757 1515 2774 1540 ,

1745 1551 2008 1616 cogitanda
2030 1562 2123 1603 est.
2161 1555 2227 1603 G.

1817 1631 1867 1679 8.
1895 1632 2076 1695 Itaque
2084 1664 2202 1682 .....
2212 1648 2392 1682 onam.
2411 1633 2573 1683 Intell.
2597 1635 2776 1700 itaque

1747 1726 1915 1759 omues
1951 1710 2169 1759 venimus
2208 1712 2404 1760 Pisonis
2442 1713 2667 1772 domum,
2704 1716 2775 1764 ad

1746 1799 1938 1853 tempus
1962 1791 2312 1840 constitutum:
2331 1800 2380 1839 et
2405 1791 2518 1841 iude
2539 1794 2776 1858 profecti,

1747 1880 1835 1916 αι
1851 1866 1931 1914 illa
1949 1866 2102 1914 stadia
2123 1883 2151 1916 a
2171 1867 2360 1934 Dipylo
2376 1869 2440 1917 ad
2458 1871 2777 1920 Academiam

1748 1945 1885 1994 vario
1905 1960 2127 1994 sermone
2144 1947 2465 1997 confecimus.

1818 2040 1868 2088 9.
1893 2022 1944 2072 A
1961 2016 2158 2090 De‘pylo.
2178 2026 2313 2075 Goer.
2332 2026 2481 2077 scrib.
2497 2029 2561 2076 ab
2575 2028 2777 2093 Dr‘pylo.

1748 2103 1958 2155 Codices
1975 2135 1993 2162 ,
2014 2103 2176 2169 iuquit
2192 2137 2208 2164 ‚
2235 2106 2389 2153 nostri
2409 2106 2510 2155 sera
2533 2129 2558 2148 ιι
2577 2106 2639 2155 ab
2667 2111 2778 2173 Dy-

1749 2181 1876 2248 pylo
1893 2217 1909 2241 ‚
1936 2180 2000 2230 ab
2021 2182 2227 2249 Hypylo
2245 2218 2260 2242 ,
2297 2183 2357 2231 ab
2383 2174 2526 2249 ypilo
2547 2206 2573 2227 ι-
2600 2199 2615 2233 :
2640 2187 2779 2235 uude

1749 2277 1855 2310 nou
1890 2260 2218 2310 dubitavimus
2259 2274 2356 2328 pro
2391 2263 2583 2327 vulgata
2608 2280 2670 2323 a,
2708 2257 2784 2315 αὖ

1750 2354 2009 2404 reponere3
2032 2339 2212 2390 Cicero·
2227 2340 2355 2389 enim
2386 2362 2412 2383 α
2428 2341 2491 2389 ab
2510 2342 2658 2391 domo
2671 2376 2689 2403 ,
2710 2343 2778 2393 ab

1753 2419 2071 2477 doctissimis,
2105 2418 2168 2467 ab
2209 2420 2331 2477 diis,
2365 2430 2505 2470 etc.»
2546 2423 2788 2471 Ceterum·

1752 2496 2008 2547 claudebat
2043 2509 2185 2562 porta
2213 2499 2427 2563 Dipylon
2457 2501 2776 2550 Cet-amicum.

1754 2577 1903 2626 Cous.
1940 2575 2187 2625 Plutarch.
2222 2578 2383 2639 Sulla,
2411 2594 2526 2643 pag.
2557 2582 2656 2638 460
2676 2614 2693 2641 ,
2728 2598 2773 2630 e.

1755 2656 1927 2708 πάντα
1970 2655 2053 2707 τὸν
2092 2657 2225 2716 {vrbe
2261 2661 2346 2709 τοῦ
2382 2658 2589 2711 Διπύλου
2615 2665 2778 2730 Kapa-

1756 2736 1949 2805 μυχόν·
2014 2734 2374 2800 vocabaturque
2447 2737 2564 2786 olim
2615 2751 2780 2804 por-ue

1761 2813 1996 2862 ΤΙυ-ἰωίω
2011 2831 2032 2871 ,-
2057 2812 2170 2863 vide
2200 2816 2424 2864 eumdem
2451 2815 2582 2866 Plut.
2603 2818 2776 2868 Pet-iel.

1754 2910 1809 2959 p.
1840 2893 1960 2952 168,
1982 2909 2030 2941 e.
2049 2891 2189 2962 παρὰ
2205 2892 2297 2955 τὰς
2317 2896 2575 2965 Θριασίους
2589 2897 2772 2959 πύλας,

1754 2972 1807 3024 al
1832 2977 1911 3024 νῦν
1945 2972 2150 3024 Δίπυλον
2191 2973 2530 3044 ὀνομάζονται.
2566 2978 2638 3024 Ex
2670 2992 2777 3040 quo

1754 3050 1952 3115 quidem
1982 3050 2230 3100 Plutarchi
2265 3053 2379 3102 loco
2419 3054 2601 3119 duplex
2637 3070 2778 3104 error

1756 3129 1889 3195 apud
1905 3130 2319 3196 Bartbelemyum,
2336 3135 2535 3197 Vosage
2549 3133 2778 3200 dujetme

1758 3207 2094 3265 Anacharsis,
2140 3219 2259 3257 tom.
2305 3213 2353 3259 11
2372 3246 2390 3272 ‚
2425 3227 2532 3276 cap.
2570 3229 2624 3273 7,
2668 3213 2780 3264 init.

1755 3287 2003 3337 notandus
2026 3300 2100 3338 est
2114 3323 2129 3347 ,
2143 3288 2229 3337 ubi
2248 3289 2415 3339 eadem
2438 3301 2580 3355 porta
2605 3292 2779 3358 Dipylo

1755 3367 2053 3433 appellatum
2078 3368 2262 3433 quippe
2299 3385 2408 3433 quas
2434 3371 2778 3421 Anacharsidis

1751 3458 1968 3511 tempore
1993 3447 2253 3507 Tkn‘ast‘oe,
2282 3460 2331 3498 et
2355 3449 2505 3499 serius
2530 3455 2779 3501 constanti

1751 3528 1950 3576 nomine
1974 3525 2184 3591 Dipylon
2207 3528 2514 3577 vocitaretur.
2533 3557 2605 3567 —-
2624 3533 2674 3578 A
2694 3531 2780 3578 Di·

639 3603 836 3652 tiocbus
855 3600 917 3648 de
941 3615 1044 3664 quo
1071 3600 1125 3649 b.
1151 3599 1186 3650 1.
1206 3601 1367 3665 agitur
1391 3599 1454 3650 ad
1483 3602 1534 3649 id
1562 3613 1665 3651 teu·
1744 3606 1882 3672 mlo.
1907 3607 2050 3654 Porta
2077 3622 2131 3654 ea
2159 3606 2293 3655 velut
2320 3608 2373 3655 in
2400 3624 2484 3656 ore
2518 3609 2655 3657 urbis
2684 3627 2781 3674 po·

639 3681 787 3732 debat
803 3712 818 3739 ‚
841 3688 898 3727 ut
919 3694 1088 3727 omues
1107 3679 1392 3728 Academias
1415 3682 1467 3727 in
1486 3695 1662 3745 gyrum

638 3761 815 3813 veteris
834 3758 1107 3807 Academia
1131 3759 1403 3809 reduceret.

713 3860 759 3906 7.
789 3841 1004 3888 Vaescees.
1043 3838 1451 3902 Frequentabatur
1476 3839 1666 3887 Acade·

638 3934 731 3981 mia
762 3926 1018 3979 matutinis
1053 3926 1261 3973 maxime
1291 3924 1454 3987 horis,
1482 3926 1545 3975 ad
1571 3942 1665 3975 no.

638 4028 781 4068 nam,
810 4011 887 4058 vel
920 4008 1157 4058 decimam
1185 4021 1372 4070 usque:
1400 4004 1518 4053 hinc
1550 4021 1665 4071 pro-

638 4106 804 4155 perare
826 4089 1047 4137 Socrates
1064 4085 1278 4149 solebat,
1305 4097 1361 4135 ut
1387 4086 1677 4146 πληθούσης.

1752 3688 1841 3734 sita
1856 3719 1871 3743 ,
1918 3685 2072 3746 major
2132 3686 2387 3750 aliquanto
2441 3688 2781 3751 patentiorque

1755 3779 1899 3828 quam
1921 3774 2092 3813 ceterae
2114 3774 2186 3813 est
2207 3780 2221 3814 ε
2245 3777 2296 3815 et
2318 3767 2444 3815 infra
2469 3784 2602 3830 eam,
2621 3777 2784 3816 extra-

1759 3860 1855 3909 que
1891 3844 2000 3892 late
2037 3855 2153 3893 sunt
2189 3845 2281 3893 νίας
2301 3860 2316 3896 :
2358 3858 2408 3895 et
2443 3857 2609 3909 extra,
2647 3846 2782 3895 mille

1755 3925 1902 3972 ferme
1918 3939 2089 3989 passus
2107 3925 2159 3972 in
2178 3924 2455 3974 Academiae
2477 3927 2782 3993 gymnasium

1753 4005 1926 4055 serens.
1949 4004 2058 4053 Liv.
2080 4002 2168 4052 lib.
2188 4005 2671 4055 xxxmae-urus.

1831 4099 1907 4132 ιο.
1935 4081 2237 4132 Academiae.
2257 4118 2292 4130 ..
2307 4082 2569 4133 nobilitata
2594 4082 2779 4149 spatia.
