3217 4784
815 360 940 427 DE
988 359 1165 428 FIN.
1216 360 1429 430 BON.
1473 361 1591 429 ET
1637 362 1852 432 MAL.
1902 368 1967 449 1,
2028 389 2131 462 ¹9·
2403 396 2525 443 ιιι

417 476 932 550 disserendum.
986 484 1071 549 In
1148 479 1461 577 physicis
1539 480 1933 578 plurimum
2014 490 2258 584 posuit
2289 501 2373 563 ¹¹.
2435 500 2535 566 Ea

415 589 744 675 scientia,
787 603 860 660 et
901 588 1293 661 verborum
1351 591 1561 676 vis¹²‚
1603 606 1677 663 et
1716 609 1973 665 natura
2022 600 2404 689 orationi3‚
2460 619 2534 676 et

415 702 1017 796 consequentium
1043 703 1696 797 repugnantiumve
1722 704 1902 776 ratio
1924 719 2161 802 potest
2184 714 2492 811 perspici
2512 740 2544 783 ε·

412 811 737 880 omnium
784 826 1027 882 autem
1062 834 1306 883 rerum
1340 823 1595 881 natura
1630 815 1917 910 cognita
1939 809 2025 903 ¹3,
2051 817 2376 891 levamur
2412 848 2533 895 su-

412 983 463 1030 vi
485 983 547 1031 ad
565 983 712 1033 finem
731 986 949 1046 rejicitur
961 1020 977 1045 ,
999 986 1137 1047 cuins
1153 985 1428 1050 exemplum

413 1064 580 1127 paucis
604 1075 720 1129 post
736 1066 789 1112 in
809 1063 996 1123 verbis,
1014 1087 1040 1107 σι
1055 1075 1241 1113 servata
1258 1064 1366 1113 illa.
1379 1099 1418 1115 ..

412 1143 641 1207 regula»,
668 1144 898 1203 recurrit,
931 1144 1069 1193 facile
1102 1145 1428 1209 suspicionem

413 1223 651 1281 moverit,
678 1221 841 1271 locum
886 1240 1055 1288 parum
1083 1239 1185 1272 esse
1210 1236 1394 1273 castum
1413 1259 1428 1283 ,

411 1304 562 1367 idque
586 1305 762 1368 magis,
782 1321 931 1369 quum
956 1304 1204 1355 dialectica
1222 1308 1349 1356 viam
1366 1307 1428 1355 ad

411 1401 582 1434 verum
609 1386 873 1435 videndum
891 1420 909 1447 ‚
935 1387 1085 1452 idque
1123 1389 1215 1437 rite
1243 1388 1429 1436 edisse-

413 1465 615 1514 rendum
633 1467 818 1531 aperire
835 1500 852 1525 ‚
877 1482 991 1515 vere
1017 1468 1115 1516 dici
1139 1469 1313 1532 possit.
1333 1468 1430 1516 Sed

412 1560 550 1593 casus
567 1562 696 1610 saepe
712 1547 811 1594 veri
834 1549 1042 1610 speciem
1062 1548 1237 1604 induit,
1259 1558 1309 1595 et
1325 1548 1428 1595 vim

411 1623 542 1672 haud
565 1642 674 1674 raro
696 1626 867 1675 scribae
884 1627 937 1673 iu
954 1627 1092 1675 viam
1114 1637 1318 1675 mutant.
1342 1627 1409 1675 G.

487 1719 508 1750 1
522 1720 567 1754 1.
579 1706 635 1752 In
655 1706 864 1770 pltrsicae's
880 1705 1143 1768 plurimum
1156 1705 1339 1768 posuit.
1358 1707 1430 1752 Ita

411 1780 512 1831 Erl.
543 1794 592 1830 et
618 1786 745 1849 Spir.
769 1784 906 1847 quod
929 1784 1135 1847 vulgate
1154 1784 1289 1831 bono
1308 1799 1432 1848 prae·

406 1860 593 1920 judicio
616 1880 718 1912 esse
741 1865 911 1922 debet,
935 1873 1143 1927 receptae
1165 1879 1228 1910 ex
1246 1862 1348 1910 Pal.
1380 1880 1428 1911 ι.

411 1940 479 1987 At
499 1942 639 1989 multi
665 1941 811 1990 codd.
837 1952 948 1990 ante
965 1941 1228 2005 plurimum
1248 1975 1263 2000 ,
1284 1941 1407 2006 quid
1416 1979 1433 2004 ,

413 2019 490 2067 vel
515 2022 652 2083 quod
672 2039 781 2070 eum
824 2039 872 2068 v.
903 2033 1005 2069 eum
1044 2020 1262 2082 addunt,
1300 2021 1429 2068 unde

412 2098 601 2147 comer.
640 2100 835 2162 quidem
872 2117 1022 2165 quam
1038 2137 1055 2162 ‚
1096 2101 1232 2164 quod
1269 2103 1428 2149 Bremi

411 2179 612 2241 recepit.
628 2180 794 2241 Atque
815 2195 926 2226 sane
946 2182 1108 2243 negari
1126 2181 1295 2244 nequit
1309 2215 1324 2239 ,
1347 2197 1432 2228 au-

414 2268 462 2306 te
475 2257 736 2322 plurimum
758 2259 1017 2322 saepissime
1040 2276 1183 2322 quam
1206 2260 1258 2306 in
1282 2274 1429 2322 quum

413 2354 440 2385 a
468 2336 638 2384 scribis
683 2337 874 2385 mutari.
904 2336 1082 2386 Sed.h.
1112 2338 1146 2386 1.
1183 2336 1432 2401 particulis

411 2415 489 2463 his
512 2416 588 2464 vis
614 2416 712 2464 loci
749 2416 1003 2479 frangitur.
1048 2417 1172 2464 Nam
1202 2415 1431 2463 dicuutur

411 2496 515 2543 haec
555 2510 678 2559 pro,
725 2495 971 2559 «Physica
998 2507 1137 2555 sunt,
1174 2495 1222 2542 iu
1250 2495 1429 2558 quibus

410 2576 503 2639 Ep.
519 2574 781 2639 plurimum
806 2575 951 2638 pouit
965 2597 990 2617 ι
1005 2611 1020 2635 ,
1042 2575 1149 2622 soni
1170 2574 1217 2621 vi
1236 2575 1289 2621 in
1307 2589 1428 2623 voce

402 2655 619 2719 physicis
645 2655 920 2720 qum-enda.
957 2658 1027 2705 At
1052 2666 1196 2714 sunt,
1216 2654 1301 2719 qui
1321 2654 1428 2703 hec

410 2735 480 2782 sic
510 2735 801 2800 transposita
837 2734 1019 2794 velint,
1054 2746 1110 2783 ut
1134 2745 1247 2783 ante
1281 2750 1426 2783 «om-

411 2816 546 2863 nium
557 2826 717 2863 autem
729 2830 889 2862 rerum
904 2849 920 2874 ,
944 2825 1040 2864 etc.
1052 2836 1078 2856 ι·
1105 2813 1426 2862 collocentur.

411 2894 508 2942 Sed
535 2910 706 2959 parum
727 2893 780 2941 hi
804 2892 988 2941 vident.
1010 2896 1126 2942 Hoec
1142 2894 1270 2941 euim
1285 2927 1299 2949 ‚
1318 2910 1426 2957 qnae

408 2972 761 3032 subjiciuntur,
785 2970 981 3036 reliqua
994 2971 1188 3035 quidem
1213 2972 1428 3037 discipli·

410 3067 487 3100 na
527 3053 581 3100 in
613 3051 879 3101 dialecticis
913 3050 1211 3111 tractabant;
1238 3062 1288 3099 at
1314 3054 1427 3116 Epi·

411 3146 557 3179 curus
584 3131 751 3179 eadem
776 3131 827 3177 in
861 3129 1081 3193 Physicis
1104 3129 1232 3188 suis,
1260 3130 1335 3178 vel
1354 3165 1370 3189 ‚
1388 3131 1428 3179 si

409 3211 614 3275 propius
641 3210 849 3265 dixeris,
875 3207 1262 3272 psychologicis,
1279 3224 1430 3272 quan·

412 3298 512 3336 tum
538 3288 653 3338 satis
681 3288 910 3352 putabat,
934 3297 1177 3336 tractarat.
1195 3286 1275 3335 Ad
1293 3286 1427 3351 quod

410 3368 520 3415 VV.
549 3368 662 3415 Dn.
693 3378 791 3415 tam
818 3382 989 3431 parum
1015 3364 1354 3424 attenderunt,
1374 3376 1431 3413 ut

409 3456 612 3506 cuncta,
637 3462 745 3510 qua
764 3446 828 3494 ad
850 3445 983 3494 illam
1015 3456 1167 3494 artem
1196 3445 1428 3494 referren-

410 3534 520 3585 tur,
542 3524 605 3573 ab
631 3524 727 3572 hoc
751 3525 926 3572 omissa
953 3534 1002 3573 et
1029 3534 1308 3589 contempta
1336 3540 1429 3588 pu·

408 3611 594 3661 tarent,
640 3603 777 3667 quod
808 3620 923 3652 -esse
963 3596 1302 3664 falsissimum,
1327 3603 1428 3651 cla-

407 3680 476 3729 ris
500 3681 661 3729 verbis
687 3681 833 3730 docet
863 3684 1020 3730 Laert.
1055 3685 1136 3743 X,
1169 3683 1264 3742 24,
1288 3698 1426 3747 seqq.

408 3756 607 3812 εἰώθασι
634 3760 800 3830 μέντοι
835 3762 891 3814 τὸ
923 3762 1168 3812 κανονικὸν
1197 3762 1315 3831 ὁμοῦ
1358 3768 1427 3832 τῷ

408 3846 592 3908 φυσικῷ
620 3840 924 3893 συντάττειν.
961 3841 1201 3904 Epicurus
1250 3858 1425 3909 nempe

407 3933 559 3980 quum
592 3918 875 3967 rationalem
918 3918 1280 3984 philosophiam
1318 3934 1426 3968 om·

408 4010 550 4057 uem,
576 4009 635 4045 ut
659 4013 791 4046 nunc
814 4008 991 4047 vocant
1006 4035 1022 4059 ,
1050 4008 1302 4058 renuent,
1320 4014 1428 4047 sen·

408 4072 545 4120 sibus
584 4075 727 4123 unice
768 4087 949 4125 certam
983 4074 1132 4125 fidem
1177 4076 1394 4126 tribuens
1411 4112 1430 4138 ,

1515 1004 1620 1038 non
1638 991 1803 1056 potuit
1819 1024 1833 1049 ,
1860 992 1976 1055 quin
2005 993 2068 1042 de
2090 994 2337 1045 dialectica
2353 1033 2367 1058 ,
2396 1016 2422 1047 a
2442 1018 2538 1065 qua

1517 1070 1714 1133 relique
1732 1069 2137 1137 philosophorum
2166 1076 2438 1141 disciplinas
2455 1081 2536 1128 ni-

1517 1149 1669 1195 mium
1707 1148 2081 1213 exspectabant,
2121 1153 2356 1215 abjectius
2380 1160 2535 1207 senti-

1517 1239 1623 1276 ret:
1653 1228 1715 1276 de
1752 1228 1906 1276 tribus
1932 1230 2255 1297 philosophiae
2283 1238 2535 1299 partibus,

1518 1323 1628 1371 quae
1649 1318 1754 1356 tum
1781 1308 2033 1372 separatim
2067 1312 2394 1364 tractabantur
2410 1351 2425 1375 ,
2450 1333 2538 1365 ua-

1516 1387 1663 1435 turali
1682 1421 1698 1448 ‚
1732 1387 1919 1443 ethica,
1951 1390 2203 1451 rationali,
2243 1395 2431 1443 tertiam
2459 1413 2537 1444 re·

1518 1465 1669 1527 cidit,
1692 1478 1741 1515 et
1766 1483 1874 1529 quae
1900 1484 1964 1515 ex
1990 1484 2043 1516 ea
2065 1469 2116 1516 in
2144 1488 2244 1519 rem
2259 1489 2393 1521 suam
2412 1492 2540 1540 opus

1518 1558 1678 1594 essent
1690 1579 1703 1603 ,
1719 1550 1960 1596 κανονικοῦ
1978 1549 2173 1596 nomine
2189 1554 2392 1600 naturali
2410 1556 2538 1618 parti

1517 1625 1727 1675 addixit.
1758 1626 1834 1674 cf.
1865 1627 2073 1685 Seneca,
2097 1631 2191 1693 Ep.
2237 1634 2303 1693 89
2320 1666 2335 1689 ,
2362 1650 2412 1696 9.
2439 1636 2537 1683 Ista

1517 1714 1678 1751 autem
1722 1706 2048 1768 quorumdam
2077 1711 2395 1774 transpositio
2425 1748 2443 1774 ,
2479 1725 2540 1762 ut

1517 1781 1609 1829 alia
1637 1783 1786 1831 multa
1810 1787 2157 1845 transmittam,
2190 1789 2265 1836 vel
2294 1789 2407 1838 ideo
2428 1792 2538 1851 reji-

1519 1860 1690 1910 cienda
1717 1874 1814 1922 est,
1840 1864 1976 1927 quod
2007 1866 2207 1914 Veteres
2232 1866 2539 1919 dialecticam

1517 1957 1753 2006 nusquam
1798 1942 2050 1992 scientiam
2088 1946 2286 2009 (qualis
2331 1949 2408 1996 vel
2452 1965 2538 1997 sua

1516 2031 1689 2068 natura
1733 2019 1830 2068 dici
1856 2024 2026 2086 nequit
2042 2059 2057 2084 ,
2097 2040 2248 2088 quum
2274 2026 2397 2074 nihil
2432 2028 2496 2076 sit
2521 2063 2538 2089 ,

1515 2099 1612 2146 nisi
1661 2100 2035 2149 instrumentum
2060 2135 2077 2161 ‚
2129 2101 2349 2172 ὄργανον,
2406 2106 2538 2155 velut

1516 2178 1745 2226 Ariaduae
1752 2178 1927 2238 filium,
1937 2182 2076 2241 cujus
2091 2183 2373 2243 adjumento
2390 2186 2540 2234 scicn-

1518 2255 1588 2303 tia
1608 2258 1813 2319 potiaris
1835 2272 1849 2306 :
1877 2257 1922 2319 ),
1946 2259 2033 2306 sed
2055 2276 2246 2325 semper
2279 2275 2538 2331 ιιι-ωηερ-

1518 2333 1720 2397 pellant.

1597 2428 1674 2460 m.
1708 2413 1970 2462 Verborum
1996 2415 2091 2465 vis.
2118 2420 2242 2466 Nam
2269 2421 2415 2470 verba
2435 2437 2536 2471 non
2614 2473 2618 2477 ,

1517 2490 1769 2540 hominum
1797 2493 2053 2555 instituto,
2085 2497 2171 2544 sed
2199 2509 2367 2547 natura
2414 2518 2536 2551 con-

1516 2581 1644 2619 stare
1679 2570 1887 2619 dicebat.
1919 2573 2347 2624 Multam—Vim
2370 2579 2540 2627 verho-
2626 2576 2630 2581 ’

1516 2665 1624 2696 rum
1665 2660 1714 2697 et
1758 2660 1980 2698 naturam
2004 2651 2239 2701 orationis
2266 2671 2328 2702 ex
2354 2668 2539 2706 natura».

1516 2729 1797 2792 cognitione
1822 2730 2010 2794 percipi
2039 2734 2243 2782 censuit.
2270 2735 2391 2783 Ideo
2435 2753 2539 2785 cre-

1514 2806 1607 2856 bro
1636 2808 1827 2857 dicebat
1854 2807 2107 2871 diligenter
2129 2823 2356 2876 oportere
2375 2818 2538 2877 expri-

1516 2886 1611 2949 mi,
1639 2905 1747 2952 qnae
1781 2906 1856 2937 res
1894 2889 2109 2949 subJecta
2151 2901 2275 2937 esset
2311 2892 2537 2949 vocibus,

1514 2978 1572 3014 ut
1587 2979 1799 3016 exstaret
1818 2984 1919 3031 quo
1941 2967 2326 3030 disputationem
2343 2985 2537 3019 omnem

1515 3046 1692 3095 resen-e
1708 3047 1891 3096 liceret.
1902 3046 2009 3093 Imo
2023 3044 2230 3092 docebat
2247 3061 2393 3093 voces
2409 3047 2538 3111 ipsas

1514 3122 1769 3172 homiuum
1793 3124 2017 3171 instituto
2041 3122 2225 3185 positas
2251 3138 2352 3171 non
2367 3125 2537 3189 inisse,

1516 3203 1602 3250 sed
1628 3214 1850 3251 naturam
1869 3201 2027 3265 ipsam
2047 3217 2204 3249 rerum
2217 3202 2271 3252 id
2288 3203 2535 3259 docuisse:

1516 3282 1747 3328 nimirum
1772 3297 1876 3328 eam
1901 3280 2004 3328 suis
2028 3284 2415 3344 permotionibus
2438 3288 2537 3337 ho..

1516 3361 1671 3407 mines
1696 3359 1946 3417 incitasse,
1972 3369 2024 3406 nt
2059 3360 2347 3424 peculiarem
2387 3378 2435 3415 et
2459 3384 2537 3416 re-

1516 3439 1609 3488 bus
1623 3439 2042 3487 accommodatum
2060 3440 2286 3504 spiritum
2303 3443 2534 3498 efflarent.

1518 3521 1809 3568 Μοιιιι..-
1825 3521 1966 3567 Patet
1995 3519 2143 3583 igitur
2166 3524 2413 3587 superiora
2433 3542 2539 3575 ver-

1513 3598 1578 3646 ba
1595 3632 1612 3657 ,
1638 3613 1700 3645 ea
1725 3597 1956 3660 scientia,
2000 3597 2315 3664 intelligenda
2338 3620 2442 3653 esse
2476 3606 2538 3655 de

1517 3676 1756 3741 Physica3
1782 3686 1839 3724 ut
1863 3680 2063 3740 Guyeto
2104 3679 2320 3742 placuit:
2347 3699 2451 3735 non
2475 3684 2538 3733 de

1517 3758 1726 3822 Logica,
1753 3768 1809 3806 ut
1846 3756 2053 3806 affirmat
2077 3761 2318 3813 Davisius.
2352 3766 2502 3813 Omv.

1592 3838 1673 3886 13.
1692 3835 1871 3884 Omnia
1891 3847 2055 3884 autem
2075 3853 2236 3887 rerum
2257 3851 2442 3890 natum
2458 3858 2540 3889 co·

1510 3914 1678 3980 gnita.
1719 3914 1951 3965 offendes
1987 3916 2042 3964 in
2077 3916 2172 3967 hoc
2215 3922 2417 3984 positu,
2452 3922 2540 3987 qui

1515 3994 1649 4044 nulla
1665 3995 1758 4044 alia
1782 3996 1860 4043 via
1877 4028 1893 4053 ,
1909 3996 2004 4042 nisi
2020 3997 2130 4044 soni
2151 3999 2339 4048 ratione
2359 4001 2540 4059 habita,

1518 4075 1609 4122 rite
1626 4072 1933 4137 expedietur.
1956 4073 2132 4123 Voluit
2145 4077 2274 4125 enim
2293 4089 2469 4127 auctor
2484 4095 2538 4125 ea
