3217 4784
803 401 926 467 DE
975 399 1145 467 ΠΝ.
1202 396 1403 466 ΒΟΝ.
1456 398 1568 464 ET
1618 398 1838 465 MAL.
1891 399 1997 507 ῃ,
2048 421 2159 465 21.

2412 399 2555 498 239

421 521 613 615 ejus,
664 520 915 591 consul
951 533 1057 590 est
1099 517 1349 589 factus.
1389 518 1657 588 Tenuis
1701 521 1778 588 L.
1822 520 2190 615 Virginius
2216 527 2302 607 ¹9,
2339 545 2552 591 unus-

422 657 565 728 que
590 631 681 702 de
710 630 983 718 multiS,
1018 628 1459 725 sexagesimo
1493 652 1689 698 anno
1728 644 1892 724 post
1921 628 2327 701 libertatem
2362 655 2553 703 rece-

423 757 651 840 ptam,
679 743 1028 839 virginem
1062 740 1277 808 filiam
1304 761 1429 808 sua
1457 762 1680 807 manu
1707 737 2003 826 occidit,
2034 743 2305 839 potius»,
2334 764 2553 837 quam

423 877 504 924 ea
544 854 757 949 Appii
788 849 1065 923 Claudii
1104 847 1427 934 libidini,
1466 848 1591 943 qui
1633 860 1787 915 tum
1825 862 1979 918 erat
2012 875 2296 921 summo
2330 851 2406 919 in
2431 853 2559 921 im·

424 965 624 1061 perio
640 973 730 1048 ²⁰,
757 959 1175 1031 dederetur.

518 1076 705 1143 XXI.
760 1076 903 1140 Aut
956 1068 1109 1139 hoec
1154 1066 1319 1150 tibi,
1369 1070 1770 1164 Torquate,
1824 1083 1994 1139 sunt
2047 1073 2555 1170 vituperanda,
2594 1103 2661 1168 67

426 1196 549 1251 aut
572 1179 1054 1279 patrocinium
1084 1178 1473 1275 voluptatis
1499 1176 2288 1275 repudiandum.Quod
2318 1203 2557 1258 autem

429 1292 935 1390 patrocinium,
974 1304 1097 1359 aut
1151 1314 1314 1385 quae
1356 1290 1489 1359 ista
1539 1312 1751 1359 causa
1798 1303 1905 1359 est
1942 1287 2360 1386 voluptatis,
2398 1320 2558 1392 quae

428 1426 561 1474 nec
602 1416 816 1473 testes
861 1399 1050 1473 ullos
1085 1426 1126 1472 e
1176 1399 1383 1471 claris
1421 1400 1623 1485 viris,
1666 1423 1801 1469 nec
1837 1397 2244 1471 laudatores
2295 1410 2561 1501 poterit

424 1511 846 1585 adhibere¹?
906 1515 1003 1581 Ut
1058 1513 1248 1581 enim
1317 1533 1451 1579 nos
1507 1535 1597 1579 ex
1645 1508 2014 1579 annalium
2070 1519 2562 1587 monumentis

410 1636 634 1696 testes
680 1625 1118 1695 excitamus²
1159 1642 1632 1714 eos,quorum
1672 1618 1910 1688 omnis
1946 1618 2090 1687 vita
2132 1638 2560 1721 consumpta

426 1834 579 1882 Dolor
589 1844 751 1882 autem
772 1833 833 1879 de
855 1846 909 1878 re
927 1828 1094 1893 quavis
1110 1827 1240 1875 cristi
1260 1825 1447 1874 auctori

426 1928 551 1975 προ
566 1914 782 1976 ponitur.
806 1911 867 1959 G.

506 2005 583 2050 ¹9·
611 1991 664 2037 1..
691 1988 957 2053 Virginius.
993 1988 1067 2033 De
1093 1987 1220 2050 Rep.
1250 1986 1327 2048 11,
1352 1986 1414 2046 37
1434 2022 1448 2045 ,

429 2077 500 2114 ent
514 2068 738 2115 Decimus
760 2065 1022 2132 Virginius.
1050 2066 1145 2113 Hie
1163 2078 1262 2113 erat
1282 2077 1449 2114 centu·

430 2149 504 2194 rio
528 2147 579 2193 in
602 2148 820 2194 exercitu
843 2147 1023 2193 montis
1048 2146 1233 2210 Algidi.
1258 2147 1331 2195 Cf.
1351 2148 1449 2194 Tit.

432 2227 537 2274 Liv.
566 2228 667 2285 111,
704 2235 788 2281 44.
821 2225 949 2273 Vide
974 2226 1270 2274 luculentam
1295 2242 1451 2273 narra·

432 2304 613 2352 tionem
640 2302 786 2365 hujus
816 2304 1064 2369 tragoediae
1080 2343 1095 2368 ,
1120 2316 1169 2352 et
1196 2316 1336 2351 notas
1365 2321 1451 2351 uo-

431 2396 542 2431 strae
566 2383 683 2431 edit.
713 2394 831 2433 tom.
859 2387 909 2443 1,
934 2400 1045 2449 pag.
1086 2387 1190 2448 399
1228 2396 1276 2432 et
1315 2400 1451 2448 seqq.

435 2464 550 2510 Hac
576 2475 682 2510 acta
708 2476 821 2512 sunt
847 2479 979 2512 anno
1004 2467 1066 2512 U.
1095 2466 1157 2514 C.
1190 2467 1306 2521 304.

502 2558 585 2591 ao.
618 2543 716 2607 Qui
749 2554 847 2591 tum
888 2555 999 2592 erae
1016 2560 1201 2591 summo
1224 2543 1273 2589 in
1302 2543 1453 2607 impe-

432 2623 524 2669 rio.
563 2623 769 2670 Goereuz
793 2623 920 2671 delet
960 2624 1026 2671 in.
1065 2623 1238 2685 Multi,
1264 2623 1452 2686 inquit,

432 2702 596 2766 scripti
638 2704 844 2751 aliorum
869 2740 883 2762 ,
942 2705 1199 2767 nostrique
1245 2719 1414 2751 omnes
1439 2737 1454 2762 ,

429 2780 825 2845 praepositionem
852 2785 1096 2845 ignorant.
1133 2782 1307 2846 Neque
1339 2784 1391 2831 h.
1418 2784 1453 2832 l.

433 2861 704 2909 audiendus
730 2862 950 2909 Davisius
985 2875 1057 2909 est
1076 2897 1090 2917 ‚
1132 2862 1455 2927 adstipulante

434 2941 626 2989 Bremio
650 2957 663 2990 :
691 2940 742 2988 in
778 2951 902 2989 stare
930 2941 1045 2989 ideo
1080 2940 1286 3004 debere,
1321 2942 1456 3005 quod

434 3023 567 3083 App.
593 3019 853 3074 Claudius,
900 3035 1028 3066 unus
1069 3035 1096 3065 e
1138 3018 1424 3068 decemviris
1440 3056 1456 3083 ,

435 3114 534 3145 nou
553 3098 686 3147 solus
698 3113 938 3145 summum
954 3099 1072 3161 imp.
1097 3098 1377 3148 obtinuerit.
1399 3101 1457 3147 Id

436 3177 632 3241 quidem
649 3194 800 3241 quum
817 3177 934 3225 alibi
953 3189 1081 3226 reete
1092 3179 1250 3227 valeat
1264 3215 1278 3237 ‚
1300 3188 1458 3227 tamen

435 3257 499 3303 ad
518 3256 776 3306 Claudium
812 3256 904 3304 hae
944 3256 996 3303 in
1038 3274 1089 3304 re
1133 3274 1302 3321 pamm
1330 3269 1459 3305 recte

435 3336 831 3385 accommodatur
877 3350 891 3385 τ
928 3352 1038 3383 nam
1067 3337 1182 3384 huie
1215 3353 1328 3383 vere
1358 3346 1458 3383 tum

435 3430 675 3463 nummum
702 3418 874 3465 Romae
908 3415 1163 3479 imperium
1183 3416 1276 3462 suit
1299 3452 1314 3477 ,
1344 3416 1458 3463 reli·

436 3496 546 3559 quis
586 3495 873 3543 decemviris
899 3494 960 3541 ad
989 3494 1169 3542 bellum
1213 3496 1458 3559 profectis.

436 3575 585 3623 Adde
604 3613 619 3632 ,
650 3585 810 3622 totum
838 3573 1001 3622 locum
1042 3575 1209 3634 jejune
1248 3576 1460 3638 positum

437 3656 593 3703 videri
614 3654 814 3712 debere,
842 3653 882 3700 si
905 3669 964 3701 eo
991 3653 1116 3701 nibil
1144 3653 1464 3718 significetur,

437 3736 531 3783 nisi
545 3735 802 3784 Claudium
818 3743 920 3781 tum
936 3734 985 3780 in
1004 3732 1289 3782 decemviris
1302 3735 1462 3782 fuisse.

440 3816 597 3862 Aures
625 3829 824 3878 quoqne
852 3813 901 3860 in
930 3825 1183 3877 respuunt.
1211 3814 1348 3862 Nihil
1374 3814 1464 3877 igi-

442 3899 522 3941 tn'r
548 3893 826 3942 dubitantes
846 3908 1016 3940 vocem
1038 3892 1299 3941 sublestam
1327 3894 1464 3953 abje-

443 3975 621 4034 cimus,
648 3990 757 4038 quie
781 3986 893 4020 ante
911 3973 973 4019 im
999 3991 1025 4021 a
1051 3974 1221 4023 scribis
1243 3986 1291 4021 et
1316 3973 1466 4033 addi,

443 4060 492 4098 et
519 4053 763 4110 subtrahi,
804 4052 943 4102 solet.

517 4131 663 4180 xxl.
694 4147 739 4182 ι.
769 4134 923 4181 Testes
1052 4132 1324 4181 adhibere?
1345 4132 1464 4182 Eru.

1538 1823 1771 1872 exhibere
1795 1826 1942 1874 scribi
1951 1826 2106 1886 jubet.
2135 1827 2263 1875 Mire
2287 1844 2416 1878 sane.
2434 1831 2560 1880 Nam

1536 1917 1680 1953 testes
1702 1906 1756 1953 in
1782 1923 1835 1954 re
1863 1906 1924 1954 ad
1955 1923 2045 1954 nos
2071 1908 2345 1971 pertinente
2361 1945 2375 1967 ‚
2416 1910 2562 1959 adhi-

1535 1985 1701 2032 bemus
1755 1996 1918 2033 nostra
1939 2022 1953 2046 ‚
2014 1986 2298 2035 exhibemus
2354 1989 2559 2039 aliorum

1536 2082 1696 2114 causa.
1720 2065 1966 2114 Exhibere
2008 2079 2148 2115 testes
2190 2069 2338 2132 igitur
2377 2069 2560 2134 ubique

1537 2147 1586 2192 in
1605 2146 1794 2206 jndicio
1815 2146 2020 2207 dicitur,
2046 2164 2115 2194 se.
2136 2147 2358 2207 judicum
2379 2165 2520 2197 eausa
2544 2188 2558 2209 ,

1535 2235 1591 2272 ut
1620 2225 1714 2273 isto
1752 2236 1855 2272 tum
1891 2225 2175 2286 adjumento
2209 2228 2263 2275 hi
2299 2228 2433 2276 litem
2470 2229 2559 2277 rite

1539 2303 1811 2367 disceptare
1866 2306 2076 2367 possint.
2125 2305 2426 2355 Adhibemm
2477 2324 2560 2356 eos

1538 2382 1683 2429 nobis
1705 2419 1719 2443 ,
1746 2398 1793 2430 v.
1821 2400 1864 2430 e.
1891 2386 1990 2431 Off.
2012 2387 2116 2443 111,
2153 2402 2214 2433 10
2235 2423 2250 2447 ,
2285 2398 2342 2443 14
2360 2425 2375 2448 ‚
2398 2391 2560 2450 jurato

1538 2462 1826 2511 sententiam
1853 2462 2068 2512 dieentes
2095 2467 2365 2515 meminIsse
2384 2467 2563 2528 juben-

1539 2556 1636 2601 tur,
1659 2542 1802 2589 deum
1834 2560 1886 2590 se
1922 2542 2085 2609 (sibi)
2131 2545 2359 2593 adhibere
2378 2558 2561 2596 testem.

1539 2624 1736 2670 Terent.
1764 2623 1959 2672 Phorm.
2004 2625 2095 2682 lv,
2124 2628 2188 2684 4,
2228 2641 2289 2673 2:
2329 2648 2353 2667 α
2379 2625 2476 2675 hoe
2495 2638 2563 2675 te·

1540 2718 1670 2751 mere
1690 2718 1952 2766 numquam
1982 2704 2196 2752 amittam
2225 2721 2251 2752 a
2276 2722 2354 2754 me
2381 2741 2396 2766 ,
2444 2709 2563 2770 quin

1541 2783 1663 2830 mihi
1692 2794 1835 2831 testea
1860 2783 2115 2832 adhibeam
2138 2806 2178 2832 ι.
2218 2786 2339 2833 Plin.
2381 2787 2559 2848 Paneg.

1542 2862 1612 2930 75
1627 2898 1641 2921 ,
1684 2865 1712 2911 3
1744 2877 1757 2910 :
1797 2886 1822 2905 α
1847 2875 1902 2911 ut
1927 2864 2060 2912 orbis
2102 2874 2334 2912 terrarum
2372 2866 2565 2928 pietatis

1541 2954 1722 2991 nostrae
1736 2943 2047 2991 adhiberetur
2064 2944 2201 2990 testis
2214 2953 2262 2989 et
2281 2944 2504 2989 conscius
2524 2965 2563 2989 ι.

1541 3025 1651 3072 Jaiu
1670 3022 1765 3069 hoe
1785 3022 1898 3069 loeo
1925 3021 2071 3069 verba
2087 3055 2102 3079 ‚
2131 3042 2156 3061 α
2180 3036 2320 3067 eausa
2340 3020 2567 3084 volupta-

1542 3102 1623 3161 tis,
1641 3117 1751 3164 quae
1764 3116 1851 3147 nec
1863 3110 2005 3147 testea
2018 3099 2144 3146 ullos
2154 3134 2168 3147 .
2181 3131 2193 3144 .
2208 3131 2220 3143 .
2231 3098 2410 3161 poterit
2433 3098 2567 3159 (sibi)

1543 3181 1772 3230 adhibere
1790 3200 1816 3220 a·
1832 3214 1847 3237 ‚
1891 3189 2020 3225 reete
2045 3187 2368 3241 opponuntur
2394 3178 2565 3241 proxi·

1545 3262 1666 3317 mia,
1696 3281 1720 3300 α
1749 3273 1839 3304 nos
1868 3274 1927 3303 ex
1958 3256 2203 3304 annalium
2237 3257 2567 3304 monumentis

1545 3348 1690 3386 testes
1710 3336 1974 3383 excitamus
1990 3358 2043 3393 n,
2070 3352 2137 3383 se.
2165 3335 2227 3383 ad
2250 3351 2339 3383 vos
2362 3335 2570 3383 refutan-

1547 3416 1654 3465 dos.
1691 3416 1825 3465 Nihil
1846 3416 1995 3479 igitur
2020 3432 2111 3463 uec
2139 3415 2423 3463 mutandum
2442 3451 2456 3475 ‚
2482 3433 2569 3466 nec

1547 3496 1609 3545 ad
1629 3512 1825 3560 zeugma
1845 3495 2238 3560 confugiendum.
2260 3498 2321 3544 G.

1621 3593 1669 3626 α.
1694 3576 2003 3625 Excieamus.
2024 3578 2128 3624 Nec
2148 3577 2199 3624 in
2223 3577 2430 3641 simplici
2451 3576 2571 3625 cita·

1548 3672 1655 3703 mus
1698 3656 2037 3719 praeferendo(
2055 3655 2195 3719 quod
2216 3656 2377 3703 Ursin.
2396 3673 2459 3703 ex
2483 3673 2574 3705 suo

1549 3734 1716 3783 laudat
1744 3733 1765 3801 )
1789 3771 1804 3794 ‚
1845 3737 2010 3783 Davis.
2068 3745 2116 3782 et
2172 3736 2288 3783 Ern.
2342 3735 2573 3784 audiendi

1549 3827 1663 3863 sunt
1682 3831 1697 3876 ς
1727 3815 1793 3863 cf.
1816 3814 1944 3865 Rab.
1965 3814 2130 3863 Posth.
2165 3831 2224 3873 17
2240 3849 2254 3872 ,
2272 3824 2337 3881 ⁴7
2360 3830 2374 3863 ε
2416 3838 2437 3857 ι
2458 3818 2576 3864 Poe·

1552 3895 1895 3947 sumexeitare
1927 3894 2108 3943 multos
2135 3894 2391 3955 reductos,
2434 3906 2576 3943 testeo

1554 3974 1855 4022 liberalitatis
1877 3985 1973 4021 tua:
1993 3995 2033 4018 ι.
2055 3972 2151 4022 Cll.
2169 3975 2303 4021 Brut.
2328 3975 2392 4037 93
2407 4010 2422 4033 ‚
2451 3976 2545 4021 322
2561 4007 2576 4031 ,

1563 4076 1585 4097 ι
1620 4053 1682 4101 ab
1711 4052 1876 4101 inferis
1902 4052 2307 4119 locupletissimos
2329 4063 2470 4100 testes
2495 4067 2578 4098 ex·

1558 4134 1791 4183 citaret».
1820 4134 1885 4182 G.
