3217 4784
796 366 917 432 DE
966 365 1138 432 ΜΝ.
1195 364 1395 430 BON.
1442 364 1558 431 ET
1608 365 1821 434 MAL.
1879 367 1963 449 v,
2012 392 2080 461 9.

2359 371 2498 469 575

376 489 659 586 pleatur
678 496 766 557 ¹¹.
797 485 990 556 Nihil
1022 487 1215 556 enim
1249 483 1629 582 prohibet,
1673 485 2000 582 quaedam
2028 512 2179 559 esse
2208 506 2280 562 et
2309 496 2500 566 inter

373 622 450 669 se
468 597 896 670 animalibus
910 596 1312 695 reliquis‚et
1325 619 1487 665 cum
1507 593 1752 666 bestiis
1769 596 2047 669 homini
2068 624 2300 672 comm
2310 609 2498 690 unia,

372 711 714 805 quoniam
758 709 1086 779 omnium
1114 719 1222 777 est
1249 719 1504 774 natura
1539 710 1979 791 communis:
2005 708 2145 780 Sed
2182 728 2496 786 extrema

370 819 487 890 illa
519 833 593 890 et
637 843 953 903 summa,
999 840 1159 912 quae
1206 815 1633 909 quaerimus,
1685 816 1874 887 inter
1916 821 2326 893 animalium
2382 850 2497 923 ge·

370 954 542 1000 nera
561 929 888 1000 distincta
914 942 987 998 et
1006 925 1377 1022 dispertita
1406 938 1575 994 sunt
1591 977 1612 1012 ,
1636 938 1709 994 et
1734 950 1863 996 sua
1889 934 2152 1026 cuique
2180 936 2496 1031 propria,

371 1054 443 1109 et
496 1039 584 1110 ad
637 1038 709 1107 id
759 1052 923 1134 apta
958 1092 976 1125 ‚
1040 1033 1243 1131 quod
1297 1034 1652 1130 cujusque
1711 1051 1966 1107 natura
2001 1050 2056 1082 ¹²
2110 1041 2491 1117 desiderat.

367 1152 603 1239 Quare
632 1171 857 1245 quum
887 1146 1191 1217 dicimus
1211 1199 1230 1230 ‚
1267 1141 1609 1215 omnihus
1629 1145 2054 1219 animalibus
2091 1165 2495 1229 extremum
2536 1183 2598 1233 26

369 1283 521 1328 esse
547 1312 567 1346 ,
594 1257 989 1329 secundum
1025 1269 1358 1326 naturam
1396 1255 1669 1343 vivere3
1692 1281 1841 1327 non
1867 1260 1964 1327 ita
1999 1262 2494 1358 accipiendum

368 1384 510 1455 est,
566 1368 768 1465 quasi
813 1368 1173 1452 dicamus,
1213 1387 1445 1435 unum
1495 1388 1649 1435 esse
1700 1368 2027 1438 omnium
2060 1384 2492 1445 extremum.

366 1591 512 1638 quam
536 1574 748 1623 omnium
778 1573 1040 1629 desiderat,
1081 1573 1151 1618 ita
1178 1585 1268 1616 nos
1303 1584 1391 1616 nus

368 1655 491 1702 rium
505 1690 519 1713 ,
537 1666 585 1701 et
606 1653 865 1701 verborum
892 1650 1229 1698 collocationis
1247 1664 1386 1695 causa

365 1745 604 1798 receptam
644 1732 882 1779 malumus
903 1764 917 1789 ,
955 1741 1091 1777 certo
1136 1728 1387 1792 persuasi,

362 1824 640 1870 auctorem,
679 1813 718 1859 si
750 1821 877 1875 part.
903 1807 1081 1857 addere
1114 1808 1351 1857 noluisset
1370 1840 1388 1868 ,

362 1892 656 1956 scripturum
705 1891 850 1939 fuisse
893 1911 918 1930 ιι
958 1903 1151 1935 necesse
1182 1898 1254 1935 est
1282 1904 1385 1936 esse

361 1968 507 2018 finem
537 1970 755 2017 omnium
786 1967 956 2015 bunc:
987 1987 1009 2009 ι
1034 1965 1181 2029 idque
1198 1968 1383 2031 magis,

361 2065 510 2112 quum
538 2066 617 2097 vv.
647 2065 834 2096 necesse
854 2060 925 2094 ese
953 2062 1056 2093 esse
1089 2060 1382 2111 componens

359 2141 502 2177 sinet.
529 2129 656 2176 Vide
682 2142 773 2174 nos
799 2143 943 2191 supra
963 2125 1027 2172 ad
1051 2128 1154 2175 Fiu.
1182 2129 1270 2185 IV,
1286 2129 1379 2185 28,

363 2224 445 2267 77.
491 2208 715 2256 Ceterum
772 2205 1010 2253 enuntiati
1064 2207 1379 2268 praecedentis

356 2286 552 2349 pondus
568 2286 619 2332 in
639 2284 847 2332 clausula
866 2296 1043 2331 natura
1069 2297 1143 2332 ese
1164 2286 1376 2348 positum

358 2380 460 2412 esse
475 2401 488 2421 ,
531 2365 654 2413 bene
683 2362 943 2411 tenendum
963 2373 1036 2410 est
1059 2397 1075 2423 ,
1120 2379 1181 2410 ne
1206 2364 1258 2409 in
1277 2362 1375 2410 loci

355 2444 589 2492 sententia
611 2443 807 2491 bareas.

432 2538 451 2569 ι
467 2538 512 2570 1.
572 2526 636 2569 Ut
661 2533 840 2569 natura
884 2512 1154 2583 expleatur.
1210 2521 1373 2569 Brem-

355 2603 429 2650 his
455 2619 544 2650 sua
579 2602 694 2650 addi
717 2600 857 2662 jubet
886 2617 898 2647 ε
926 2600 977 2647 id
1014 2600 1143 2646 enim
1169 2599 1375 2663 probare

354 2682 700 2729 enuntiationis
719 2681 914 2728 initium
930 2711 946 2737 ,
977 2701 1004 2721 ι
1023 2680 1268 2741 Quoniam
1293 2694 1376 2726 au·

354 2770 448 2807 tem
468 2774 553 2807 sn·
572 2761 805 2822 cujusque
818 2759 1074 2805 animantis
1090 2769 1261 2805 natura
1276 2768 1372 2815 cst,

352 2849 444 2886 etc.
468 2861 490 2881 ι
520 2841 739 2901 Quaque
766 2848 1054 2901 sequnntur,
1098 2859 1124 2878 ιι
1141 2837 1371 2900 quoniam

353 2918 568 2963 omnium
611 2925 684 2962 est
727 2925 896 2962 natura
934 2915 1271 2973 communis»,
1317 2932 1371 2961 ea

350 2995 441 3043 nisi
466 2993 720 3059 supposita
746 2993 869 3050 sint,
907 3002 1036 3039 certe
1075 3008 1246 3056 parum
1267 3009 1372 3041 esse

351 3073 562 3121 subtilia.
606 3070 880 3133 Meliusque
910 3070 1033 3117 infra
1063 3069 1095 3132 S
1124 3072 1219 3131 26,
1265 3092 1289 3113 ι
1321 3083 1370 3121 et

351 3152 573 3199 tamenin
590 3151 818 3198 omnibus
837 3165 1020 3196 summa
1039 3149 1310 3197 communis
1327 3171 1368 3197 ι.

348 3254 416 3266 -
444 3232 499 3276 Iu
525 3228 637 3276 loco
664 3229 829 3293 priore
866 3244 957 3276 nos
991 3242 1189 3292 quoqne
1227 3227 1369 3275 basi-

349 3324 487 3366 mns,
532 3307 619 3355 sed
655 3308 709 3355 in
749 3322 810 3355 eo
835 3307 1193 3370 acquievimus,
1232 3305 1368 3369 qnod

348 3387 635 3452 putabamus
665 3386 686 3452 (
710 3397 766 3435 ut
791 3388 1067 3434 etiamnunc
1088 3387 1290 3435 facimus
1307 3384 1330 3452 )
1348 3419 1366 3446 ,

346 3482 405 3513 ex
440 3466 712 3531 praegrcssis
759 3481 842 3512 vv.
900 3481 991 3512 sua
1026 3476 1076 3514 et
1119 3466 1361 3524 omnium,

345 3545 483 3592 facile
499 3561 590 3592 sua
609 3541 845 3607 cujusque
869 3544 1072 3608 intelligi
1103 3560 1117 3594 z
1146 3544 1217 3592 sio
1239 3547 1365 3593 enim

342 3624 465 3670 inste
505 3637 520 3672 ε
560 3646 585 3666 α
607 3623 741 3687 qnod
767 3624 1001 3687 cujusque
1030 3635 1197 3672 natm-s
1242 3625 1365 3673 desi·

343 3700 503 3750 deret-
521 3733 536 3757 ,
582 3716 717 3766 eque
755 3718 847 3750 sua
864 3717 927 3749 ex
946 3703 1195 3767 'proximis
1221 3704 1353 3766 cogi·

345 3781 540 3829 tandum
570 3791 673 3840 est,
721 3781 850 3830 baud
893 3797 1009 3829 vero
1052 3783 1347 3831 addendum.

1478 1584 1658 1617 sumus.
1700 1569 1876 1620 Verbis
1916 1584 2074 1622 nutem
2093 1608 2108 1632 ,
2144 1578 2373 1638 quoniam
2418 1615 2429 1628 .
2446 1615 2485 1629 ..

1474 1648 1769 1707 communis,
1800 1650 1885 1697 vix
1909 1664 2038 1700 recte
2070 1651 2243 1712 νοθείας
2279 1659 2494 1720 suspicio

1473 1724 1740 1779 adherebit
1753 1762 1769 1787 ‚
1791 1745 1942 1792 quum
1961 1741 2009 1777 et
2026 1736 2213 1795 optimo
2233 1735 2401 1798 positu
2418 1739 2494 1785 in-

1474 1816 1548 1853 ter
1569 1821 1620 1853 se
1638 1810 1806 1866 iuncta
1834 1813 2133 1874 reperiantur
2153 1847 2169 1874 ,
2211 1832 2303 1864 nec
2331 1819 2453 1866 male
2477 1850 2493 1877 ,

1470 1901 1534 1933 ex
1558 1888 1868 1950 oppositione
1885 1890 2183 1955 spodoseos,
2204 1909 2313 1956 quae
2330 1897 2492 1959 sequi·

1470 1974 1566 2023 tur,
1603 1966 1859 2016 addantur.
1883 1972 1946 2018 G.
1967 1971 2019 2017 in
2037 1971 2289 2022 Additum.

1545 2059 1626 2090 ια.
1647 2045 1789 2093 Nihil
1817 2045 1942 2095 em‘m
1969 2049 2214 2113 prohibet,
2258 2053 2487 2114 quedam

1465 2137 1566 2169 esse
1597 2157 1608 2169 .
1634 2156 1647 2169 .
1669 2158 1682 2171 .
1715 2124 1815 2172 Sed
1844 2136 2065 2174 extrema
2104 2127 2194 2176 illa
2241 2163 2255 2174 .
2276 2164 2288 2177 .
2312 2166 2326 2181 .
2371 2145 2489 2180 sunt

1605 2200 1870 2252 desider-ae.
1912 2206 2049 2254 Goer.
2086 2207 2254 2255 scribit
2290 2209 2412 2272 sint,
2441 2224 2486 2259 et

1463 2278 1714 2327 desideret.
1735 2281 1984 2343 Vulgatae,
2021 2285 2183 2349 inquit
2200 2323 2217 2348 ,
2242 2300 2481 2339 structura

1461 2374 1651 2419 semper
1694 2358 1838 2406 nobis
1882 2360 2146 2411 offensioni
2201 2367 2309 2416 suit.
2365 2371 2478 2418 Non

1459 2436 1681 2499 quidem,
1714 2439 1850 2502 quod
1882 2452 1996 2504 post
2021 2442 2143 2490 nihil
2160 2444 2386 2506 prohibet
2404 2463 2484 2494 ac-

1459 2531 1560 2565 cus.
1589 2533 1701 2565 cum
1731 2518 1817 2566 inf.
1835 2520 2081 2583 sequitui-3
2112 2523 2182 2570 sic
2202 2524 2330 2571 enim
2350 2524 2483 2573 haud

1458 2594 1605 2642 semel
1621 2595 1747 2645 m'lail
1760 2596 1961 2660 impedit
1972 2600 2177 2648 struitur
2196 2615 2209 2650 :
2229 2602 2316 2650 sed
2331 2603 2474 2652 locus

1457 2688 1657 2721 mancus
1699 2684 1749 2721 et
1783 2675 1958 2725 debilis
1995 2678 2272 2737 videbatur,
2309 2693 2355 2730 et
2394 2700 2478 2731 su·

1458 2751 1669 2814 quadam
1704 2753 1909 2816 spodosi
1951 2756 2185 2819 privatus.
2229 2760 2479 2810 Ambabus

1457 2830 1604 2893 igitur
1646 2848 1708 2879 ex
1746 2832 1872 2895 Spir.
1913 2844 1963 2881 et
1995 2837 2096 2886 Erl.
2138 2840 2479 2899 conjunctivo:

1457 2911 1730 2973 accepimus
1752 2910 1869 2969 sint,
1895 2923 1942 2959 et
1969 2913 2238 2976 desideret,
2268 2935 2472 2982 quorum

1455 2989 1773 3051 posteriorem
1793 3022 1808 3046 ,
1828 2989 1987 3037 miuus
2011 2996 2328 3042 necessarium
2342 3032 2357 3057 ,
2384 3014 2474 3045 no-

1455 3077 1653 3129 stroque
1678 3078 1805 3113 elwa
1841 3068 2241 3131 exprimendum,
2281 3073 2414 3122 Gud.
2446 3093 2465 3122 ι

1453 3159 1676 3205 quoque,
1697 3153 1745 3189 ct
1758 3144 1864 3190 Bas.
1884 3144 2133 3194 exhibent.
2148 3149 2258 3195 Jam
2277 3151 2468 3212 quidem

1451 3220 1541 3269 sed
1561 3235 1673 3266 vere
1698 3216 1756 3266 fit
1782 3221 2076 3283 epodoseos,
2103 3235 2152 3272 ct
2174 3242 2266 3289 pro
2291 3227 2338 3275 si
2366 3246 2469 3278 mo·

1451 3299 1543 3355 do,
1564 3296 1657 3345 sed
1668 3298 1813 3345 modo
1827 3334 1843 3360 ,
1886 3300 1961 3346 vel
1993 3303 2136 3350 modo
2157 3304 2441 3369 simpliciter
2456 3346 2472 3369 ‚

1451 3376 1671 3441 ponitur.
1710 3377 1985 3426 Scribarum
2021 3393 2182 3429 antem
2223 3384 2316 3432 hos
2351 3403 2468 3435 con·

1446 3458 1630 3518 junctt.
1673 3471 1803 3516 csse,
1828 3457 1903 3505 bis
1945 3458 1996 3505 in
2042 3463 2284 3511 contextis
2329 3466 2468 3516 nullo

1450 3535 1601 3584 modo
1618 3534 1873 3599 probabile
1885 3548 1972 3587 est.
1999 3539 2075 3586 De
2090 3539 2236 3602 buius
2257 3541 2468 3608 denique

1449 3616 1540 3664 sed
1559 3615 1832 3680 epodoseos
1850 3617 1929 3671 vi,
1947 3634 2008 3664 ex
2026 3622 2267 3668 contextis
2283 3623 2467 3687 ubique

1440 3695 1810 3761 cognoscenda,
1836 3712 1962 3760 saepe
1989 3698 2197 3759 egimus.
2232 3702 2461 3750 Ceterum

1438 3797 1465 3825 οι
1485 3775 1715 3823 distincta
1738 3784 1787 3822 et
1808 3773 2054 3838 dispertita
2071 3813 2086 3835 ,
2115 3778 2166 3826 in
2198 3796 2309 3829 suas
2334 3797 2464 3844 que·

339 3858 445 3906 Jsm
482 3857 679 3923 quidem
725 3859 822 3909 hoe
863 3859 1113 3920 addimus,
1144 3861 1350 3925 ,impla
1436 3869 1532 3918 qne
1559 3862 1719 3917 partes
1757 3863 1806 3902 et
1842 3870 2015 3918 genera
2045 3855 2270 3910 distincta
2295 3881 2316 3903 ι
2346 3873 2461 3909 sunt

341 3953 423 3984 ma
451 3936 670 3985 additum
716 3940 799 3987 vix
846 3950 1005 4003 recte,
1052 3941 1144 3988 nisi
1183 3942 1359 4003 etism,

249 4017 256 4027 '
341 4025 538 4079 propter
583 4016 792 4081 proeccd.
824 4018 1036 4067 omnt'um
1061 4054 1079 4075 ,
1126 4020 1358 4084 cujusque

344 4092 560 4142 addatur.
587 4094 817 4143 Contenti
854 4096 999 4161 igitur
1026 4112 1135 4144 cum
1163 4096 1356 4158 vulgata

1445 3932 1577 3996 apud
1601 3930 1941 3997 philosophos.
1968 3934 2048 3982 sic
2077 3936 2200 3984 nibil
2221 3953 2346 4001 opus
2363 3949 2459 3995 est,

1445 4023 1503 4060 ut
1520 4026 1653 4137 heum
1693 4012 1809 4060 Em.
1853 4028 1945 4078 pro
2002 4014 2226 4063 discincta
2246 4051 2263 4075 ,
2308 4016 2458 4064 divisa

1444 4106 1518 4136 ma
1557 4106 1594 4136 s.
