3217 4784
822 377 943 442 DE
990 377 1163 444 FIN.
1216 376 1430 444 BON.
1486 376 1599 441 ET
1648 377 1861 443 MAL.
1918 377 2013 459 ΙΙ,
2067 375 2178 443 28.

2429 381 2567 474 273

457 501 722 585 ptatem
753 502 1173 585 perpetuam
1197 488 1359 583 quis
1385 501 1625 584 potest
1655 502 1986 584 praestare
2008 488 2352 584 sapienti?
2387 493 2568 563 Nam

456 596 721 692 quibus
757 596 977 669 rebus
1010 594 1427 668 efficiuntur
1470 595 1880 693 voluptates
1903 650 1922 682 ,
1963 594 2071 683 ha}
2106 620 2257 666 non
2292 612 2462 669 sunt
2494 601 2570 669 in

456 721 808 803 potestate
843 706 1181 804 sapientis
1196 714 1262 766 ²7
1293 732 1308 774 ε
1349 730 1499 775 non
1539 706 1731 775 enim
1766 706 1841 774 in
1885 709 2037 803 ipsa
2065 706 2415 804 sapientia
2443 732 2570 806 po·

452 818 666 887 situm
704 832 812 887 est
846 816 1139 887 beatum
1179 838 1330 885 esse
1352 867 1372 901 ,
1408 812 1528 884 sed
1558 817 1634 884 in
1671 817 1757 884 iis
1783 812 2037 900 rebus,
2083 841 2262 913 quas
2292 820 2571 915 sapien-

454 930 549 997 tia
589 939 960 1023 comparat
992 922 1082 994 ad
1116 923 1597 1021 voluptatem:
1643 937 1874 994 totum
1923 939 2164 996 autem
2212 925 2287 996 id
2330 940 2567 998 exter-

451 1061 665 1122 num;
694 1049 809 1121 et,
838 1032 1037 1131 quod
1078 1047 1484 1119 externum,
1515 1032 1591 1103 id
1623 1033 1696 1103 in
1727 1056 1898 1103 casu
1925 1047 2051 1104 est.
2085 1037 2194 1104 Ita
2225 1033 2307 1105 fit
2342 1033 2569 1108 beatae

451 1147 608 1215 vitae
644 1143 936 1214 domina
977 1139 1265 1213 fortuna
1289 1197 1308 1227 ‚
1353 1166 1570 1239 quam
1627 1142 1977 1239 Epicurus
2019 1144 2118 1212 ait
2180 1172 2214 1209 α
2245 1144 2571 1243 exiguam

453 1253 886 1323 intervenire
914 1252 1219 1349 sapienti
1239 1241 1306 1294 ²⁸
1336 1282 1392 1322 ».

545 1366 867 1433 XXVIII.
910 1366 1058 1459 Age
1085 1372 1135 1446 ¹,
1176 1362 1502 1457 inquies,
1541 1365 1676 1433 ista
1713 1386 1930 1460 parva
1973 1375 2162 1432 sunt.
2213 1391 2245 1426 α
2275 1366 2568 1460 Sapien-
2610 1400 2677 1449 90

452 1485 600 1543 tem
634 1470 1024 1569 locupletat
1054 1474 1209 1568 ipsa
1251 1485 1502 1541 natura
1532 1497 1602 1557 »3
1630 1470 1838 1564 cujus
1872 1467 2194 1538 divitias²
2220 1471 2568 1567 Epicurus

447 1661 638 1716 aptum,
656 1651 1074 1700 accommodatum
1094 1660 1279 1698 natnrae
1293 1685 1309 1709 ,
1327 1659 1421 1697 etc.
1441 1670 1463 1689 ι

448 1731 729 1795 designetur
772 1745 786 1779 ι
831 1730 901 1777 sic
929 1729 980 1777 h.
1015 1728 1049 1776 l.
1077 1743 1176 1775 esse
1203 1742 1231 1773 e
1267 1741 1472 1790 corpore

447 1809 596 1857 animi
610 1809 833 1874 voluptas
851 1816 1091 1855 coarctata
1111 1805 1327 1853 dictione
1351 1805 1473 1853 dici-

449 1897 557 1943 tur,
583 1903 693 1951 qne
718 1887 936 1952 prosecta
954 1899 982 1930 a
1002 1898 1235 1946 corpore,
1259 1883 1320 1931 ad
1342 1883 1470 1931 idem

450 1966 684 2025 refertur,
711 1966 774 2013 cf.
804 1965 985 2027 supra!
1000 1998 1016 2023 ,
1043 1977 1101 2023 17
1121 1997 1138 2023 ,
1162 1963 1244 2022 54.
1263 1960 1473 2010 Videtur

449 2055 608 2090 antem
634 2061 661 2091 e
687 2044 883 2107 scriptis
903 2041 1246 2105 veteribusque
1266 2040 1471 2105 impres-

449 2121 516 2168 sis
543 2120 709 2169 doceri
746 2137 893 2186 posse
911 2153 927 2180 ,
964 2135 1066 2183 quo
1108 2119 1257 2168 modo
1295 2119 1470 2167 sensim

449 2202 539 2249 ista
561 2199 707 2247 lectio
730 2208 960 2263 corrupta
986 2200 1068 2247 sit.
1097 2201 1297 2246 Oxonn.
1328 2200 1387 2247 E.
1423 2193 1471 2255 ξ.

447 2276 508 2326 sit
528 2279 668 2342 qaod
682 2289 754 2326 est
777 2277 848 2326 in.
874 2294 926 2340 χ.
944 2273 993 2342 ψ.
1020 2276 1153 2326 Gud.
1175 2292 1204 2324 2
1222 2311 1237 2335 ,
1259 2274 1322 2324 sit
1339 2277 1476 2340 quod

449 2358 519 2405 in.
543 2356 676 2405 Gud.
709 2373 759 2413 ι,
787 2357 961 2403 Bas.et
988 2357 1114 2404 Ven.
1158 2355 1318 2418 1493,
1362 2370 1473 2401 cum

448 2435 672 2500 pluribus
696 2434 956 2485 Gruteriet
974 2433 1159 2482 Davisii
1181 2431 1243 2480 sit
1261 2432 1400 2497 quod
1414 2443 1473 2489 et,

449 2515 499 2563 in
526 2515 716 2564 omissa.
731 2514 821 2562 His
839 2512 1113 2562 accuratius
1128 2512 1473 2570 consideratis,

455 2594 683 2642 videntur
704 2591 849 2640 νεὼ.
866 2626 880 2651 ,
915 2591 1053 2655 quod
1073 2602 1173 2649 est,
1201 2607 1264 2639 ex
1284 2590 1474 2651 judicio

454 2672 626 2720 scriboe
642 2688 789 2736 snper
806 2670 870 2719 sit
885 2669 1128 2734 adscripta
1144 2704 1160 2729 ,
1188 2668 1368 2732 quibus
1384 2670 1476 2718 iste

455 2767 592 2799 snam
611 2748 946 2798 confirmantis
974 2747 1289 2808 sententiam,
1317 2757 1373 2794 ut
1399 2759 1474 2795 to-

458 2830 546 2877 ties
570 2830 622 2877 in
648 2827 797 2878 codd.
824 2825 988 2874 videre
1008 2826 1123 2873 licet
1139 2861 1152 2884 ,
1181 2824 1395 2874 adderet.
1416 2827 1472 2873 In

458 2917 589 2958 texta
614 2906 789 2959 deinde
808 2922 960 2970 quum
985 2903 1132 2951 relata
1155 2914 1312 2951 essent
1329 2937 1346 2963 ,
1363 2915 1434 2952 est
1450 2939 1466 2962 ,

456 3003 607 3051 quum
643 2986 866 3051 proxime
910 2982 1096 3042 redeat,
1128 2981 1299 3044 partim
1338 2983 1388 3029 in
1426 2995 1474 3030 et

458 3077 719 3124 mutatum,
757 3063 932 3129 partim
962 3062 1194 3109 omissum
1221 3075 1234 3108 ε
1259 3076 1287 3107 e
1312 3071 1471 3109 autem

459 3146 535 3194 vel
554 3145 771 3207 abiecta,
807 3140 881 3190 vel
909 3142 1013 3202 ejus
1037 3140 1151 3186 loco
1186 3137 1235 3185 in
1272 3139 1467 3203 scripta.

460 3226 518 3271 ln
545 3224 753 3287 deniqne
779 3221 950 3270 scribe
976 3220 1129 3267 secere
1144 3252 1159 3276 ,
1178 3227 1235 3265 ut
1253 3217 1318 3265 ad
1332 3217 1470 3265 situm

458 3315 531 3353 est
552 3301 991 3352 accommodarent.

530 3400 619 3446 ²7·
648 3386 738 3433 Hce
755 3400 853 3432 non
874 3393 986 3431 sunt
1007 3381 1058 3430 in
1075 3390 1182 3446 pot.
1203 3395 1308 3443 sap.
1333 3379 1470 3429 Goer.

458 3474 640 3528 transp.
684 3474 799 3511 sunt
831 3473 943 3526 post
987 3460 1036 3508 ἰπ
1063 3469 1324 3523 potestate.
1365 3459 1438 3506 Ita
1457 3492 1473 3517 ‚

457 3543 615 3607 inquit
633 3575 650 3601 ,
708 3542 837 3606 Spir.
884 3550 932 3588 et
977 3537 1081 3588 Erl.
1128 3537 1340 3586 Acuitur
1403 3535 1472 3584 sic

455 3622 674 3686 negatio,
722 3620 786 3667 cs.
824 3618 1036 3682 Philipp.
1063 3619 1210 3672 VIII,
1257 3617 1318 3675 8,
1369 3615 1435 3662 23
1457 3648 1475 3672 ,

455 3722 482 3743 -
498 3700 579 3749 cni
597 3699 687 3763 (Ρ.
706 3701 806 3748 uo.
822 3697 844 3763 )
861 3696 950 3762 qni
970 3712 1074 3744 non
1098 3705 1261 3760 paret,
1289 3709 1392 3741 non
1411 3693 1474 3741 ab

454 3794 514 3826 eo
533 3777 758 3826 mandata
783 3774 1066 3840 accipienda
1088 3783 1202 3821 sunt
1220 3805 1236 3829 ,
1266 3770 1350 3820 sed
1370 3771 1472 3836 ipse

455 3867 527 3905 est
551 3866 686 3905 totus
718 3852 1046 3920 repudiandus
1087 3873 1132 3899 n.
1167 3849 1355 3899 Acadd.
1393 3851 1472 3910 11,

462 3951 520 3995 ¹7
539 3967 556 3995 ,
583 3936 646 3989 54
679 3948 693 3981 ;
719 3956 744 3975 α
763 3949 849 3981 cnr
878 3931 927 3980 id
956 3931 1125 3996 potins
1148 3928 1472 3989 contenditis,

456 4024 512 4062 nt
539 4028 640 4061 non
664 4028 755 4061 sno
783 4010 1003 4077 quidque
1042 4025 1215 4074 genere
1255 4009 1321 4058 sit
1348 4007 1470 4069 tale,

455 4091 598 4154 quale
615 4101 688 4138 est
704 4092 726 4137 Ρ
745 4114 770 4133 ιι
784 4094 971 4156 Aperte
1000 4090 1165 4154 igitur,
1184 4088 1226 4136 si
1244 4099 1469 4138 contexta

601 4187 688 4254 II.
743 4203 836 4246 cte.
860 4214 974 4264 pm
999 4204 1142 4249 meta.

1560 1647 1740 1696 videris
1760 1683 1775 1709 ,
1811 1647 2061 1695 meliorem
2114 1646 2372 1694 verborum
2405 1651 2575 1698 seriem

1557 1725 1751 1789 sequuti
1772 1741 1952 1773 sumus.

1634 1806 1716 1854 28.
1756 1806 1913 1869 Quam
1940 1803 2181 1868 Epicurus
2205 1804 2280 1852 ait
2300 1826 2326 1846 ιι
2342 1805 2577 1870 exiguam

1558 1882 1837 1932 intervenire
1848 1883 2059 1947 sapienti
2065 1905 2108 1933 n.
2131 1884 2287 1945 Quam
2306 1895 2395 1942 est,
2405 1901 2577 1948 quam-

1558 1979 1708 2027 quam
1727 1978 1856 2011 eam.
1885 1962 2074 2011 Deinde
2087 1964 2359 2027 transponit
2372 1964 2502 2013 Gud.
2519 1980 2547 2011 a
2563 1999 2577 2022 ,

1557 2041 1788 2107 exiguam
1802 2042 1878 2090 ait
1893 2060 1913 2098 ,-
1940 2040 1993 2088 in
2015 2056 2117 2105 qno
2145 2039 2332 2105 duplici
2354 2041 2416 2089 de
2437 2058 2579 2089 cansa

1559 2136 1663 2168 non
1727 2131 1800 2168 est
1863 2119 2293 2169 contemnendum.
2363 2120 2576 2169 Primum

1561 2200 1692 2248 enim
1705 2200 2052 2264 sieeaeiguam,
2077 2201 2238 2263 inquo
2256 2200 2579 2264 oppositionis

1559 2278 1634 2326 vis
1677 2278 1800 2327 inest
1819 2312 1833 2336 ,
1885 2278 2081 2342 gravius
2129 2277 2325 2341 pondus
2364 2278 2543 2342 accipit
2565 2294 2578 2326 ς

1560 2356 1737 2404 deinde
1750 2365 1877 2405 amat
1890 2367 2061 2404 auctor
2077 2356 2285 2404 maxime
2302 2358 2578 2406 accusativo

1561 2451 1672 2483 cnm
1690 2434 1780 2482 inf.
1810 2433 2010 2482 verbnm
2026 2433 2218 2483 finitum
2239 2435 2574 2500 interponere;

1560 2530 1623 2561 ne
1645 2514 1862 2561 dicamus
1876 2546 1892 2571 ,
1926 2513 2199 2575 frequenter
2228 2511 2300 2559 ait
2324 2514 2576 2562 enuntiato

1560 2605 1651 2638 sno
1677 2582 1898 2639 interseri
1920 2590 2094 2638 solere.
2121 2591 2184 2639 G.

1631 2671 1867 2717 xxvm.
1922 2685 1965 2716 ι.
2009 2671 2118 2731 Age
2144 2702 2160 2726 ‚
2218 2668 2420 2732 inquies.
2470 2673 2577 2735 Age

1561 2746 1874 2796 concedentis
1895 2757 1969 2794 est
1984 2782 2000 2809 ,
2027 2758 2080 2794 ut
2098 2762 2191 2811 pro
2216 2747 2324 2795 Mil.
2357 2764 2416 2810 ¹9
2437 2785 2453 2810 ,
2474 2757 2541 2811 49
2561 2764 2574 2796 :

1561 2849 1586 2869 ιι
1606 2828 1713 2891 Age
1727 2861 1744 2887 ,
1769 2827 1831 2875 sit
1858 2826 1924 2875 ita
1947 2826 2125 2873 factum
2140 2848 2184 2874 ι.
2220 2829 2372 2874 Prave
2397 2827 2576 2890 igitur,

1558 2914 1673 2968 post
1713 2901 1902 2968 inquies
1924 2940 1939 2965 ‚
1980 2903 2176 2966 vulgata
2223 2902 2371 2950 colon
2414 2904 2570 2966 ponit.

1559 2985 1687 3032 Sunt
1709 2994 1870 3032 autern
1893 2983 1980 3030 ista
1999 2997 2089 3045 per
2113 2977 2305 3045 μίμησιν
2322 2995 2543 3044 expressa
2559 3015 2574 3039 ,

1560 3074 1616 3111 nt
1645 3063 1786 3111 etiam
1806 3063 1938 3109 Rosa
1958 3059 2100 3107 vidit.
2120 3060 2183 3105 G.

1634 3157 1682 3189 α.
1710 3141 1856 3205 Cujus
1880 3137 2073 3187 divicias
2097 3133 2347 3199 Epicurus.
2365 3135 2574 3199 Vulgata

1560 3232 1676 3286 post
1713 3235 1762 3267 v.
1789 3217 2026 3283 Epicurus
2059 3212 2270 3263 addebat
2307 3212 2408 3276 ipse
2423 3232 2445 3271 ‚·
2490 3215 2573 3263 sed

1561 3300 1725 3347 Davis.
1754 3307 1805 3345 et
1826 3298 1943 3343 Em.
1972 3310 2118 3358 pron.
2144 3292 2393 3352 delerant,
2422 3310 2576 3359 quum

1560 3376 1730 3424 multia
1779 3375 1834 3423 in
1875 3373 2068 3439 scriptis
2107 3388 2211 3420 non
2256 3384 2574 3436 compareret.

1558 3454 1714 3503 Abest
1762 3453 1889 3501 idem
1926 3454 1981 3501 in
2019 3452 2196 3500 nostris
2237 3466 2433 3514 quoqne
2461 3483 2478 3509 ‚
2526 3463 2575 3500 et

1559 3534 1760 3582 Oxonn.
1785 3531 2042 3594 omnibns3
2072 3546 2161 3578 nec
2188 3530 2346 3576 Brem-
2367 3541 2497 3578 recte
2520 3531 2575 3581 id

1559 3613 1631 3661 sic
1657 3625 1906 3659 revocasse
1926 3608 2137 3665 videtur,
2149 3617 2206 3654 ut
2229 3606 2464 3671 Epicurus
2488 3608 2573 3657 de-

1560 3692 1711 3739 letum
1743 3688 1891 3738 malit.
1930 3687 2089 3737 Nobis
2123 3697 2278 3745 certe,
2306 3706 2332 3726 ιι
2360 3686 2464 3750 ipsa
2488 3704 2574 3735 na-

1562 3780 1670 3818 tura
1717 3783 1732 3818 :
1776 3770 1916 3830 cujus
1948 3766 2140 3814 divitias
2185 3765 2286 3829 ipse
2310 3787 2334 3806 n
2363 3800 2379 3825 ‚

1560 3847 1723 3912 placet
1750 3859 1763 3892 ε
1790 3859 2081 3909 quamquam
2110 3843 2174 3898 de,
2195 3846 2503 3907 pronominis
2528 3848 2575 3894 vi

1562 3937 1692 3975 recte
1713 3935 1894 3973 monet.
1913 3946 1983 3961 --
1999 3926 2067 3973 At
2091 3923 2171 3971 vel
2195 3921 2394 3987 Epicuri
2405 3939 2576 3973 nomen

1561 4005 1731 4071 paucis
1758 4002 1918 4050 verbis
1946 4014 2059 4051 ante
2097 4001 2303 4064 legitur!
2328 4027 2399 4039 --
2428 4003 2578 4063 Quod

1558 4085 1655 4133 hoc
1676 4083 1789 4131 loco
1809 4096 2002 4131 movere
2019 4081 2256 4129 neminem
2279 4079 2444 4131 debet.
2463 4080 2581 4131 Non

2306 4173 2384 4241 18

2417 3766 2575 3815 misius
2673 3829 2681 3838 ι
