3217 4784
773 384 896 450 DE
947 382 1120 451 ΠΝ.
1171 384 1376 453 ΒΟΝ.
1425 384 1541 451 ΕΤ
1590 384 1806 453 MAL.
1860 385 1997 470 111,
2056 389 2154 470 ιι..

2386 390 2523 465 385
2593 448 2602 461 .

504 506 685 574 XIV.
729 506 826 572 Ut
857 504 1048 586 enim
1091 501 1521 576 obscuratur
1567 519 1641 576 et
1693 503 2099 578 offunditur
2143 509 2303 583 luce
2357 518 2527 591 solis
2564 538 2631 600 45

411 613 650 683 lumen
691 612 1040 702 lucernae3
1083 627 1154 685 et
1181 629 1264 685 ut
1302 615 1547 685 interit
1575 614 2068 712 magnitudine
2098 622 2311 693 maris
2335 628 2529 725 AEgei

408 725 592 797 stilla
627 731 957 815 muriae13
986 743 1055 799 et
1084 738 1216 821 ut²
1257 729 1333 797 in
1361 728 1625 798 divitiis
1662 732 1928 818 Croesi,
1972 735 2276 806 teruncii
2302 762 2530 816 acces-

408 838 512 906 sio
535 864 556 926 ;
590 853 662 908 et
678 838 940 935 gradus
966 862 1157 907 unus
1178 838 1252 906 in
1284 862 1367 907 ea
1393 839 1545 924 via,
1587 862 1750 934 quae
1777 854 1886 909 est
1910 839 2082 912 hinc
2106 843 2182 913 in
2211 848 2524 924 Indiam:

406 948 543 1033 sic,
583 972 813 1044 quum
850 948 941 1017 sit
978 948 1039 1015 is
1073 944 1439 1017 bonorum
1494 945 1702 1035 finis,
1739 970 1961 1045 quem
1995 953 2199 1023 stoici
2241 956 2528 1050 dicunt,

407 1062 644 1130 omnis
713 1060 846 1130 ista
914 1084 1156 1130 rerum
1219 1064 1292 1130 in
1358 1086 1665 1159 corpore
1730 1062 2029 1133 sitarum
2059 1057 2090 1110 3
2157 1073 2529 1148 aestimatio

351 1204 355 1209 ·
407 1166 792 1265 splendore
808 1172 995 1240 virtu
1004 1170 1090 1240 tis
1105 1184 1177 1240 et
1192 1169 1687 1266 magnitudine
1699 1169 2153 1262 obscuretur,
2179 1192 2252 1249 et
2265 1180 2529 1255 obrua-

410 1293 551 1366 tur,
576 1294 793 1377 atque
816 1284 1120 1351 intereat
1147 1305 1438 1354 necesse
1466 1296 1595 1353 est.
1630 1285 1718 1353 Et
1745 1283 2360 1378 quemadmodum
2400 1319 2530 1392 op-

408 1388 809 1481 portunitas
883 1387 909 1481 (
938 1388 1037 1458 sic
1107 1388 1299 1458 enim
1355 1388 1802 1486 appellemus
1859 1393 2198 1487 εὐκαιρίαν)
2236 1421 2387 1467 non
2450 1398 2534 1471 fit

410 1494 636 1589 major
665 1494 1148 1592 productione
1182 1498 1585 1595 temporis(
1613 1496 1887 1568 habent
1923 1500 2116 1569 enirn
2147 1525 2360 1596 suum
2390 1533 2534 1581 mo-

404 1603 577 1675 dum
647 1630 1125 1703 quaecumque
1147 1609 1177 1658 ⁴¹·
1238 1621 1655 1704 opportuna
1715 1605 2145 1705 dicuntur);
2184 1617 2286 1686 sic
2340 1635 2533 1692 recta

476 1837 618 1884 xlv.
690 1852 736 1886 1.
799 1837 939 1886 Scilla
983 1837 1157 1886 murioe
1197 1838 1251 1885 in
1292 1838 1432 1887 nullo

408 1929 627 1962 meorum
653 1915 849 1978 legitur.
881 1915 1079 1980 Reliqui
1106 1915 1240 1964 stilla
1260 1916 1431 1967 mellis.

407 1990 540 2041 Gud.
569 2008 599 2040 τι
640 2004 690 2041 et
731 1993 878 2043 Vien.
902 2005 960 2042 st.
986 1995 1156 2043 maris.
1188 1995 1284 2044 Sed
1320 1996 1430 2045 vul-

410 2081 519 2134 gate
541 2073 788 2120 verissima
808 2084 895 2122 est.
913 2073 974 2122 G.

481 2165 533 2198 α.
579 2151 644 2197 Ee
688 2163 741 2197 ut
907 2162 955 2199 et
1006 2163 1074 2201 ue.
1120 2155 1346 2218 Repetite
1384 2166 1433 2203 ee

407 2227 627 2292 exempla
663 2230 913 2293 iungentis
950 2241 1039 2279 eat.
1081 2231 1156 2280 Cf.
1189 2250 1333 2299 supra
1368 2237 1392 2281 1
1418 2268 1433 2292 ,

417 2308 504 2369 ιδ,
535 2308 799 2357 5o.'1'ertio
825 2309 939 2357 loco
961 2320 1013 2356 ue
1031 2309 1146 2358 ideo
1164 2315 1427 2376 repositum

408 2401 510 2432 uon
542 2396 641 2443 est,
667 2403 731 2434 ne
767 2388 966 2436 tedium
995 2401 1191 2439 ereum.
1234 2393 1354 2441 Haeo
1381 2402 1431 2439 et

406 2464 520 2511 talin
542 2465 785 2514 variandae
810 2467 1047 2515 orationis
1082 2484 1223 2518 musa
1257 2482 1431 2519 auctor

409 2542 699 2606 frequentat.
729 2545 791 2591 G.

479 2620 529 2670 3.
561 2623 743 2669 Rerum
761 2623 812 2670 in
836 2640 1037 2688 corpore
1057 2625 1276 2675 sitarum.
1309 2629 1429 2676 Haec

405 2715 431 2746 a
456 2701 512 2747 P.
534 2700 729 2749 Manat.
744 2702 955 2765 primum
979 2721 1007 2752 e
1026 2705 1211 2753 Maffaei
1228 2708 1340 2756 cod.
1360 2725 1432 2756 re·

408 2787 544 2841 cepta
573 2778 750 2837 lectio,
782 2782 881 2828 Pet.
910 2784 1053 2831 etiarn
1079 2785 1228 2832 Marsi
1256 2797 1428 2836 aucto·

407 2857 544 2904 ritate
580 2856 820 2908 firmatur.
863 2861 1057 2925 Reliqui
1096 2863 1247 2911 codd.
1276 2866 1352 2914 vel
1377 2866 1428 2914 ἰη

405 2953 606 3001 corpore
631 2936 804 2985 harum
822 2956 841 2993 ,-
881 2951 935 2986 ut
955 2957 982 2987 e
999 2943 1176 2988 nostris
1210 2945 1336 3007 Spir.
1379 2959 1429 2996 et

405 3015 504 3065 Erl.
538 3017 734 3081 scriptis
760 3018 1008 3066 veteribus
1040 3019 1283 3085 plerisque
1309 3040 1429 3073 con·

404 3095 723 3143 sentientibus
773 3110 788 3143 :
842 3096 920 3143 vel
971 3096 1365 3162 incorporearum
1405 3123 1427 3161 ,-

404 3189 516 3220 cum
569 3174 747 3237 quibus
792 3174 967 3239 reliqui
1011 3178 1167 3226 nostri
1227 3180 1425 3231 faciunt.

405 3251 548 3300 Solus
569 3252 780 3317 denique
795 3254 998 3302 Eliensis
1026 3271 1054 3302 α
1088 3273 1427 3320 corporearum

404 3331 603 3380 exhibet
626 3346 640 3380 ε
664 3333 827 3396 quod,
854 3334 1178 3398 probantibus
1190 3339 1353 3385 Davis.
1376 3349 1428 3386 et

402 3414 519 3459 Em.
564 3422 798 3475 sequutus
837 3424 910 3460 est
938 3413 1094 3461 Brenn.
1134 3414 1230 3463 Sed
1269 3417 1308 3463 si
1346 3416 1423 3465 vel

402 3501 574 3539 auctor
601 3490 691 3537 ista
720 3506 838 3538 voce
864 3491 1109 3541 interdum
1135 3495 1206 3542 sic
1226 3506 1390 3544 utatur
1408 3532 1424 3557 ‚

403 3580 458 3616 nt
478 3572 640 3619 Brem.
665 3570 770 3618 vult
789 3586 803 3619 ε
831 3581 987 3618 tamen
1014 3574 1231 3638 vulgata,
1251 3578 1294 3623 si
1312 3592 1424 3624 vere

402 3647 587 3696 codicis
611 3648 781 3713 scripti
806 3648 954 3699 lectio
977 3661 1049 3698 est
1064 3687 1079 3711 ‚
1111 3652 1248 3716 quod
1274 3653 1421 3702 dubi-

405 3729 494 3774 tsri
515 3729 717 3792 nequit,
735 3730 1031 3794 praeferenda
1050 3732 1141 3780 erit
1159 3747 1175 3792 ς
1200 3744 1274 3781 est
1293 3735 1422 3782 enim

403 3805 656 3883 egles-tior,
700 3823 843 3871 quam
868 3819 926 3856 ut
955 3826 982 3857 s
1008 3809 1180 3858 scribis
1206 3813 1419 3874 profecta

403 3882 500 3931 diei
524 3887 698 3949 possit.
722 3887 873 3935 Situm
897 3889 1093 3937 enimin
1115 3905 1167 3937 re
1192 3890 1422 3939 Ciceroni

401 3973 677 4014 constanter
693 3965 753 4014 de
771 3982 831 4015 eo
851 3966 1049 4025 dicitur,
1072 3990 1093 4012 ι
1119 3969 1253 4033 quod
1273 3971 1420 4019 ratio·

403 4056 516 4088 nem
539 4059 672 4093 sunm
694 4046 747 4092 in
773 4047 842 4093 rei
862 4057 1032 4094 natura
1053 4047 1198 4097 habet
1213 4071 1254 4109 ι,
1275 4061 1420 4114 atque

402 4121 467 4170 ita
497 4143 523 4164 α
560 4123 623 4171 sd
666 4140 766 4173 rem
803 4127 1043 4190 pertinet,
1084 4129 1129 4176 ei
1167 4141 1420 4179 consenta-

598 4211 683 4280 ῙῙ.
725 4227 821 4278 Cic.
839 4246 958 4296 pars
980 4232 1129 4282 tertia.

1520 1856 1665 1887 neum
1683 1873 1699 1899 ,
1738 1841 1843 1903 ejus
1861 1842 2117 1906 proprium
2135 1856 2207 1893 est
2226 1868 2269 1895 n.
2300 1850 2371 1898 Its
2391 1850 2536 1901 situm

1518 1919 1570 1966 in
1590 1917 1728 1967 nobis
1752 1935 1897 1984 supra
1921 1922 1980 1979 1,
2013 1937 2071 1983 ¹7
2091 1959 2106 1985 ‚
2132 1924 2194 1985 57
2215 1960 2232 1986 ‚
2264 1949 2290 1969 ο-
2312 1928 2456 1978 sitnm
2483 1933 2537 1980 in

1517 1997 1692 2044 animis
1732 1996 2017 2061 bominum,
2067 2011 2163 2048 etc.
2197 2022 2220 2045 ι
2247 2005 2359 2053 Jem
2388 2024 2462 2057 res
2488 2009 2538 2058 in

1516 2091 1715 2142 corpore
1734 2075 1841 2124 sitoe
1865 2086 2004 2140 sunt,
2030 2094 2140 2143 quae
2166 2097 2252 2130 sus
2279 2097 2448 2135 natura
2476 2089 2539 2137 ad

1480 2218 1493 2227 ρ
1517 2169 1698 2219 corpus
1743 2155 2036 2206 reseruntur.
2076 2159 2329 2224 Nusquam
2378 2178 2539 2216 autem

1516 2234 1620 2284 Cic.
1673 2252 1721 2285 v.
1770 2253 2031 2301 corporeus
2071 2240 2142 2288 sic
2176 2245 2345 2308 ponit,
2381 2259 2432 2295 ut
2472 2251 2546 2298 ad

1516 2328 1689 2379 corpus
1722 2315 1977 2379 per-titicus
2015 2319 2170 2371 valeat
2191 2336 2204 2369 :
2228 2323 2338 2381 sed,
2358 2349 2383 2368 σι
2404 2331 2540 2392 quod

1515 2409 1728 2458 corpore
1741 2393 2002 2458 praeditum
2016 2410 2091 2446 est
2112 2422 2156 2447 n.
2176 2403 2248 2449 Eo
2262 2405 2542 2456 referendus

1516 2474 1661 2520 etiam
1682 2472 1851 2533 loeus,
1875 2489 2020 2536 quem
2039 2476 2168 2526 sorte
2188 2481 2345 2532 Brem.
2365 2485 2418 2532 in
2439 2488 2541 2534 aui-

1513 2567 1597 2599 mo
1632 2551 1828 2611 habuit,
1856 2551 1924 2600 N.
1971 2556 2038 2602 D.
2094 2558 2169 2616 11,
2202 2560 2289 2621 15,
2320 2569 2411 2623 41,
2453 2566 2540 2613 ubi

1516 2630 1642 2697 ignis
1684 2647 1942 2695 corporeus
1979 2634 2033 2682 in
2070 2639 2462 2699 precedentibus
2499 2646 2543 2694 is

1516 2711 1718 2770 dicitur,
1748 2711 1834 2774 qui
1875 2714 2203 2777 «corporibus
2224 2719 2539 2772 animantium

1514 2789 1795 2837 continetur
1820 2810 1845 2830 υ
1873 2803 1888 2838 :
1935 2791 2023 2838 sed
2073 2809 2136 2841 ne
2189 2795 2287 2845 isto
2341 2801 2539 2863 quidem

1512 2869 1627 2917 loco
1652 2885 1779 2933 opus
1808 2882 1912 2933 est,
1949 2882 2005 2920 ut
2027 2889 2053 2920 a
2082 2880 2280 2940 propris
2317 2881 2365 2929 vi
2403 2885 2539 2931 vocis

1514 2948 1755 2998 discedas.
1777 2949 1839 2996 G.

1586 3032 1638 3089 4.
1668 3031 2013 3093 Quoecumqeee.
2044 3032 2177 3081 Goer.
2217 3035 2364 3084 scrib.
2401 3055 2536 3101 qua·-

1511 3121 1644 3168 quoe.
1665 3107 1844 3155 Nullus
1863 3143 1879 3169 ,
1920 3108 2110 3171 iuquit,
2149 3127 2366 3160 meorum
2397 3133 2534 3180 quoe-

1510 3201 1728 3248 memque.
1753 3185 1880 3249 Spir.
1890 3197 1939 3233 et
1953 3186 2054 3234 Erl.
2080 3205 2174 3252 que
2188 3224 2203 3249 ‚
2222 3192 2355 3240 Gud.
2377 3206 2534 3261 uterq.

1510 3265 1675 3311 Oxou.
1695 3266 1751 3312 E.
1791 3266 1945 3315 Mars.
1966 3283 2176 3333 quoeque
2194 3288 2213 3319 .·
2236 3272 2365 3321 unde
2400 3293 2534 3339 qua·-

1510 3357 1626 3404 quae
1648 3342 1873 3391 dedimus
1892 3379 1908 3405 ,
1932 3346 2070 3410 qnod
2100 3348 2282 3414 ubique
2303 3369 2330 3400 a
2363 3355 2535 3404 scribis

1510 3420 1973 3485 corrumpitur.Att.
1997 3428 2149 3487 xvl,
2167 3446 2244 3493 ep.
2267 3433 2295 3478 8
2315 3445 2329 3478 :
2350 3455 2375 3475 «ι
2394 3435 2535 3483 Vete-

1509 3514 1654 3547 ranos
1672 3502 1843 3565 quiqui
1864 3502 2063 3553 Casilini
2084 3517 2132 3554 et
2147 3508 2344 3558 Calatiae
2360 3524 2508 3561 sunt»
2522 3551 2536 3574 ,

1509 3578 1594 3626 ubi
1643 3580 1757 3627 item
1805 3581 2025 3648 plerique
2084 3587 2253 3651 scripti
2302 3607 2527 3657 quoeque.

1507 3657 1636 3706 Mire
1657 3675 1784 3707 unus
1819 3660 1969 3711 codd.
1999 3667 2298 3728 optimorum
2335 3682 2532 3719 nostro-

1507 3751 1616 3784 rum
1644 3737 1706 3785 ad
1725 3740 1860 3788 Orat.
1883 3742 1939 3800 1,
1983 3745 2072 3803 15,
2094 3745 2158 3804 67
2183 3780 2197 3803 ‚
2233 3769 2258 3788 κ
2282 3747 2379 3795 hoc
2415 3766 2532 3813 pro-

1506 3815 1638 3865 fecto
1681 3816 1892 3877 efficiet,
1941 3831 1997 3868 ut
2031 3838 2320 3888 quamquam
2371 3844 2469 3876 rem
2502 3848 2527 3876 a

1506 3910 1709 3960 quoquo
1746 3902 2032 3963 cognoverit
2053 3922 2098 3951 υ.
2138 3904 2342 3968 Quoquo
2387 3910 2530 3957 refert

1509 3974 1656 4023 etism
1702 3977 1865 4024 Oxon.
1906 3975 1953 4038 β.
2015 3990 2066 4028 et
2119 3992 2379 4049 utrumque
2416 4003 2529 4034 sane

1507 4054 1716 4118 vulgate
1727 4089 1742 4114 ‚
1783 4072 2138 4123 quamcumque

1506 4134 1861 4196 praeferendum
1881 4136 2089 4188 videtur.

2187 4098 2198 4109 .
2214 4098 2228 4112 .
2244 4096 2257 4109 .
2300 4079 2493 4128 quoque
2514 4101 2529 4123 ,

2245 4224 2334 4296 25
