3217 4784
1127 454 1597 524 INTRODU
1617 454 1888 522 CTIO.
2480 479 2503 522 ι
2530 478 2553 524 1

437 593 692 658 tuat-ur,
723 575 826 639 vel
852 574 1089 638 horum
1114 574 1433 638 librorum
1464 573 1730 662 scriptio
1762 571 1842 636 ad
1880 571 2042 637 illud
2070 595 2277 661 usque
2304 590 2563 662 tempus

434 681 838 747 extendatur.
879 680 1081 745 Tertii
1127 679 1362 744 deinde
1398 680 1741 767 quartique
1767 679 1914 743 libri
1951 702 2164 743 sermo
2201 681 2283 744 ad
2321 704 2566 746 annum

440 812 562 877 7⁰¹
600 789 950 876 applicatus
978 785 1251 851 videtur.
1288 787 1455 850 Nam
1487 787 1614 850 hoc
1640 786 1784 873 ipso
1810 808 1983 849 anno
2010 810 2048 850 a
2078 788 2197 850 Cn.
2227 787 2567 875 Pompeio,

440 896 705 960 tertium
746 895 1052 975 consule,
1085 894 1186 958 lex
1226 893 1329 957 illa
1360 892 1443 957 de
1479 894 1729 957 ambitu
1768 893 1890 957 lata
1924 909 2054 973 est,
2099 916 2226 979 qua
2262 910 2525 959 cautum
2548 943 2566 975 ,

438 1022 525 1065 ne
566 1020 903 1065 causatum
950 1000 1205 1087 patroni
1240 1015 1571 1063 ternarum
1624 999 1934 1062 horarum
1980 998 2258 1085 spatium
2293 998 2570 1063 dicendo

438 1105 863 1170 excederent:
886 1105 1025 1169 haec
1049 1119 1264 1168 autem
1291 1118 1367 1167 ut
1396 1103 1575 1167 brevi
1596 1118 1747 1167 ante
1769 1103 2003 1191 scripta
2026 1120 2574 1167 commemoratur

438 1209 564 1291 lv,
602 1232 627 1273 1
651 1256 671 1292 ,
713 1231 767 1273 1.
802 1207 1050 1272 Eodem
1078 1208 1222 1295 ipso
1250 1229 1516 1295 quoque
1547 1229 1721 1271 anno
1748 1208 1881 1270 fato
1906 1207 2170 1271 functus
2204 1224 2303 1272 est
2327 1209 2398 1272 L.
2437 1210 2569 1273 Lu-

436 1315 678 1393 cullus,
707 1336 786 1378 ex
813 1336 947 1401 quo
978 1311 1181 1377 filium
1209 1328 1594 1377 testamento
1626 1312 1693 1375 in
1725 1312 1818 1375 M.
1849 1313 2108 1377 Catonis
2138 1314 2404 1377 tutelam
2435 1331 2567 1378 tra-

437 1418 737 1499 didisset,
764 1419 1085 1505 Tulliique
1112 1418 1306 1481 simul
1334 1440 1502 1483 curoe
1529 1416 2082 1497 commendasset3
2110 1416 2240 1481 vid.
2267 1417 2572 1482 adnotata

437 1523 519 1588 ad
557 1526 687 1601 ΙΙΙ,
727 1547 799 1603 2,
840 1524 902 1588 8.
940 1523 1152 1603 Hujus
1184 1539 1402 1586 autem
1443 1522 1698 1586 Luculli
1741 1520 1850 1584 filii
1888 1522 1974 1585 ita
2011 1521 2253 1585 ibidem
2286 1524 2572 1610 injicitur

438 1631 686 1694 mentio
704 1678 722 1710 ,
752 1651 826 1692 ac
850 1629 905 1692 si
930 1630 1101 1692 inter
1123 1628 1245 1691 hos
1273 1628 1354 1691 de
1378 1629 1515 1707 ejus
1545 1625 1927 1690 educatione
1952 1643 2145 1714 atque
2169 1627 2398 1691 studiis
2423 1645 2566 1692 tum

434 1736 721 1824 primum
750 1755 963 1799 sermo
993 1734 1457 1797 institueretur.
1490 1732 1608 1797 His
1639 1731 1838 1820 igitur
1868 1730 2130 1797 duobus
2161 1733 2568 1796 sermonibus
2683 1738 2693 1747 '

435 1860 507 1906 se
540 1838 1170 1929 quinquagenarium
1216 1839 1444 1903 Cicero
1488 1836 1814 1902 venditat:
1849 1855 1915 1902 at
1948 1839 2142 1903 tertio
2175 1838 2321 1901 libri
2355 1838 2568 1926 quinti

434 1968 736 2017 sermone
781 1943 1084 2010 eumdem
1109 1993 1127 2025 ,
1175 1945 1359 2033 quasi
1406 1943 1652 2008 Medeae
1701 1944 1969 2024 alicujus
2015 1960 2150 2008 arte
2197 1958 2528 2008 recoctum
2551 1992 2569 2024 ,

433 2067 701 2140 repente
726 2050 1276 2116 adolescentulum
1310 2051 1533 2138 viginti
1563 2066 1713 2114 octo
1745 2070 2066 2113 annorum
2093 2049 2304 2129 vides,
2335 2050 2567 2113 Antio·
2599 2056 2608 2065 '

432 2156 543 2221 chi
578 2157 859 2244 magistri
914 2157 1247 2243 proeceptis
1287 2157 1754 2220 auscultantem
1776 2205 1794 2237 ,
1833 2170 1898 2218 et
1941 2179 2147 2243 quum
2183 2157 2460 2219 maxime
2496 2157 2564 2219 in

432 2260 787 2324 nobilitatis
840 2258 962 2322 illis
1008 2259 1360 2323 Academiae
1399 2259 1616 2346 spatiis
1662 2282 1812 2323 cum
1854 2261 2202 2347 aequalibus
2252 2259 2565 2324 deambu-

432 2367 675 2431 lantem
699 2412 717 2445 ,
763 2364 845 2429 de
876 2363 1393 2453 gravissimisque
1428 2364 1658 2446 rebuS,
1694 2364 1905 2451 deque
1937 2366 2090 2452 ipsis
2127 2366 2412 2453 magistri
2451 2364 2566 2429 de·

434 2473 624 2538 cretis
639 2470 1057 2552 judicantem.
1082 2470 1280 2551 Quod
1300 2471 1512 2559 primo
1538 2469 1803 2558 quidem
1832 2469 2141 2557 adspectu
2160 2473 2404 2536 nemini
2430 2494 2564 2535 non

436 2578 674 2641 mirum
708 2576 911 2641 videri
946 2576 1178 2641 debet:
1216 2576 1329 2640 sed
1362 2578 1723 2640 accuratius
1759 2578 1811 2640 si
1844 2593 2201 2664 quoeratur,
2228 2600 2308 2641 ex
2344 2600 2565 2642 neces-

432 2682 619 2747 sitate
658 2682 935 2770 quadam
975 2705 1128 2747 eum
1164 2682 1253 2745 ita
1286 2683 1510 2747 fecisse
1540 2683 1912 2771 apparebit3
1949 2699 2144 2770 atque
2176 2684 2268 2748 sic
2298 2683 2562 2748 demum

430 2786 836 2874 dialogorum
869 2787 1007 2869 iun,
1042 2811 1171 2874 qua
1198 2788 1336 2852 hoec
1373 2788 1661 2852 excusari
1695 2787 1938 2869 solent,
1965 2789 2223 2854 libertas
2251 2806 2422 2853 recte
2453 2788 2564 2852 ad-

431 2894 743 2957 mittetur.
781 2895 983 2957 Erant
1012 2894 1275 2980 quidem
1305 2897 1540 2958 Brutus
1569 2911 1635 2958 et
1664 2895 1870 2959 Varro
1899 2918 1972 2958 ex
2003 2895 2410 2975 Antiocheia,
2449 2895 2564 2980 qui

432 2998 820 3063 disserentes
862 2998 1187 3063 introduci
1219 3015 1547 3086 poterant,
1580 2997 1695 3062 sed
1732 2999 1802 3062 hi
1843 3000 1912 3062 in
1943 2998 2142 3061 vivis:
2177 2998 2312 3083 ipse
2342 3012 2562 3060 autem

430 3104 641 3192 legem
670 3104 794 3167 sibi
821 3103 1191 3189 scripserat,
1220 3127 1302 3169 ne
1326 3126 1404 3167 ex
1431 3105 1531 3168 his
1561 3104 1681 3168 nisi
1711 3105 2234 3181 interlocutores,
2263 3117 2338 3167 ut
2363 3102 2566 3187 Quin-

432 3224 541 3272 tus
587 3208 784 3271 {irater
827 3223 893 3270 et
934 3206 1184 3269 Atticus
1209 3254 1227 3287 ,
1269 3206 1788 3272 admitterentur.
1833 3208 1930 3271 Ex
1975 3207 2245 3272 mortuis
2291 3207 2569 3272 restabat

432 3313 504 3377 L.
534 3313 869 3393 Lucullus,
895 3312 1002 3376 cui
1026 3312 1096 3375 in
1129 3312 1422 3398 priorum
1452 3310 1989 3377 Academicorum
2015 3312 2183 3377 libro
2209 3314 2562 3401 posteriore

430 3433 643 3506 partes
672 3418 1004 3507 primarias
1022 3464 1041 3497 ,
1074 3432 1149 3481 ut
1175 3417 1539 3481 Antiocheo
1558 3464 1576 3497 ,
1603 3415 1883 3484 dederat.
1909 3420 1995 3483 At
2025 3418 2196 3483 libro
2225 3419 2330 3483 vix
2355 3418 2562 3499 edito,

430 3524 560 3587 hoc
587 3545 621 3586 a
650 3544 720 3586 se
744 3523 985 3587 factum
1010 3522 1096 3585 ita
1118 3522 1239 3610 ipsi
1263 3520 1673 3610 displicebat,
1699 3538 1775 3585 ut
1799 3545 1938 3587 eam
1967 3525 2166 3587 solam
2193 3524 2280 3587 ob
2304 3546 2559 3588 causam

431 3644 645 3692 totum
694 3642 1149 3717 argumentum
1193 3626 1313 3691 alia
1353 3649 1622 3714 prorsus
1672 3628 1920 3692 ratione
1966 3628 2324 3693 elaborasse
2356 3628 2558 3694 videri

430 3733 639 3797 vellet.
667 3735 766 3796 De
789 3757 861 3797 re
885 3734 1051 3821 ipsa,
1070 3756 1351 3819 veraque
1375 3734 1511 3813 ejus
1533 3756 1721 3797 causa
1738 3781 1757 3815 ,
1787 3733 1914 3799 vid.
1935 3735 2186 3799 Introd.
2205 3734 2287 3799 ad
2312 3734 2557 3800 Acadd.

431 3838 582 3927 (vol.
614 3862 757 3927 sup.
782 3862 847 3928 p.
878 3838 951 3904 15
979 3856 1146 3904 nost.
1173 3838 1323 3926 ed.).
1351 3840 1539 3905 Solus
1559 3840 1714 3904 inde
1739 3840 1860 3930 ipsi
1888 3843 1977 3906 M.
2002 3842 2250 3930 Pupius
2277 3842 2428 3905 Piso
2446 3864 2559 3906 oc·

431 3944 761 4026 currebat,
790 3944 1013 4011 decem
1046 3947 1179 4010 fere
1213 3945 1399 4010 annis
1430 3945 1644 4010 Tullio
1681 3947 1924 4028 major,
1966 3971 2036 4011 re
2070 3948 2205 4036 ipsa
2236 3968 2389 4011 vero
2431 3969 2561 4033 prae

432 4051 657 4114 ceteris
685 4049 980 4115 idoneus.
1016 4051 1324 4115 Audierat
1348 4051 1456 4116 hic
1482 4053 1655 4116 enim
1685 4076 1822 4117 non
1855 4054 2065 4117 solum
2100 4051 2389 4118 studiose
2419 4053 2558 4113 An-

432 4155 723 4223 tiochum
746 4205 765 4242 ,
811 4158 925 4224 sed
957 4160 1145 4225 etiam
1177 4161 1459 4225 Staseam
1501 4160 1998 4254 Peripateticum
2035 4160 2148 4224 diu
2185 4180 2401 4223 secum
2442 4156 2559 4221 ha-
