3217 4784
529 450 537 459 .
621 352 761 423 308

1304 356 1402 422 M.
1453 355 1528 421 T.
1582 355 2064 426 CICERONIS

620 488 945 575 portam²
980 501 996 543 z
1033 480 1196 546 UNo
1227 499 1364 544 omz
1394 499 1509 546 cm
1550 500 1887 548 PLUmMAE
1924 503 2414 551 consnmmn‘r
2463 507 2750 571 GENTES,

496 622 589 674 ιη
620 611 875 657 popum
912 609 1328 655 nummum
1370 609 1604 656 Fmssss
1649 612 1906 657 vntum.
1948 587 2129 659 Idne
2166 596 2609 664 consensisse
2655 596 2747 666 de

619 697 941 767 Calatino
962 687 992 738 3
1028 694 1371 790 plurimas
1402 710 1653 791 gentes
1684 695 2142 784 arbitramur,
2174 701 2595 798 primarium
2627 728 2749 801 po-

618 807 769 904 puli
795 804 1012 876 fuisse
1033 859 1051 889 ‚
1088 805 1288 902 quod
1318 809 1938 903 praestantissimus
1969 807 2221 880 fuisset
2249 815 2327 880 in
2364 812 2745 886 conficien-

615 916 723 987 dis
765 914 1308 1013 voluptatibus?
1348 920 1536 1012 Ergo
1582 919 1658 987 in
1710 919 1795 988 iis
1843 915 2423 991 adolescentibus
2474 920 2744 995 bonam

614 1050 813 1124 spem
863 1050 1015 1097 esse
1071 1025 1392 1098 dicemus
1417 1082 1436 1115 ,
1477 1042 1551 1098 et
1586 1051 1915 1124 maguam
1960 1028 2315 1115 indolem,
2357 1057 2547 1128 quos
2597 1038 2742 1106 suis

612 1134 1014 1207 commodis
1069 1137 1576 1222 inservituros,
1616 1152 1689 1208 et
1741 1137 2100 1236 quidquid
2156 1142 2328 1238 ipsis
2377 1145 2740 1241 expediat,

612 1245 925 1318 facturos
978 1245 1502 1317 arbitramur-⁴?
1542 1251 1804 1319 Nonne
1852 1247 2221 1335 videmus,
2271 1267 2541 1348 quanta
2583 1279 2740 1352 per-

685 1430 734 1461 α.
771 1414 914 1461 Velm
936 1414 1027 1462 hoc
1051 1415 1125 1461 ad
1139 1425 1339 1478 portam
1368 1427 1380 1460 :
1413 1414 1519 1461 Uno
1548 1429 1635 1461 ore
1720 1411 1858 1462 Gnd.
1896 1428 1924 1460 α
1944 1449 1958 1471 ,
1984 1410 2131 1461 immo
2155 1429 2263 1462 cum
2285 1433 2306 1472 ‚·
2349 1415 2456 1464 haec
2485 1418 2615 1465 enim
2639 1418 2740 1467 duo

609 1493 691 1539 eui
704 1493 956 1557 plurimae,
999 1503 1094 1541 etc.
1129 1495 1296 1556 Quum
1323 1493 1521 1541 codices
1542 1493 1630 1541 hs-

608 1573 756 1621 beant
794 1588 891 1620 emo
932 1589 1071 1631 cum,
1117 1573 1190 1621 vel
1218 1590 1314 1620 uno
1339 1571 1452 1632 cui,
1502 1583 1632 1620 reete

608 1653 833 1701 Davisius
858 1652 1035 1717 aliique
1061 1652 1230 1714 legunt
1250 1673 1273 1695 α
1294 1653 1428 1700 velut
1446 1652 1545 1700 hoc
1566 1651 1630 1699 sd

607 1744 802 1794 portam
828 1733 1027 1780 unicum
1055 1746 1068 1780 :
1094 1730 1346 1795 plurima,
1370 1741 1462 1779 ete.
1485 1751 1507 1773 ο
1546 1730 1631 1780 Ci-

608 1827 721 1859 cero
738 1812 799 1860 de
822 1815 939 1875 Leg.
963 1814 1037 1872 11,
1062 1812 1167 1870 23,
1187 1809 1310 1857 dicit
1327 1844 1342 1867 ,
1359 1809 1630 1872 antiquitus

607 1906 739 1938 aram
790 1892 934 1939 fuisse
969 1901 1106 1938 extra
1154 1899 1345 1952 portam
1383 1887 1629 1935 Collinam

609 1986 719 2016 cum
746 1971 836 2018 hac
857 1970 1174 2033 inscriptione
1192 2004 1208 2030 ,
1238 1990 1263 2009 κ
1285 1966 1492 2015 Domina
1523 1968 1628 2016 Ho-

608 2049 742 2095 noris
765 2069 817 2105 ι,
858 2064 1059 2110 eamque
1096 2061 1285 2092 causam
1327 2046 1471 2094 fuisse
1508 2046 1627 2094 aedis

612 2126 825 2173 Honoris
886 2136 1056 2189 postea
1133 2123 1418 2173 dedicaudae
1466 2141 1480 2175 :
1538 2125 1626 2174 sed

605 2220 754 2265 quum
781 2203 927 2250 multa
956 2203 1009 2250 in
1039 2220 1099 2251 eo
1120 2202 1234 2252 loco
1252 2205 1472 2270 sepulcra
1501 2207 1624 2255 suis·

607 2293 744 2341 sent,
783 2299 809 2329 a
866 2281 1182 2346 pontificibus
1233 2295 1424 2333 exarata
1471 2297 1624 2343 suut3

607 2362 777 2409 statuit
811 2362 939 2409 euim
975 2361 1230 2427 collegium
1266 2365 1429 2413 iocum
1454 2365 1622 2430 publi-

604 2455 717 2487 cum
766 2455 865 2487 non
912 2442 1127 2503 potuisse
1168 2444 1350 2506 privata
1390 2445 1624 2508 religione

606 2518 869 2582 obligari».
910 2522 1021 2567 Hoc
1045 2521 1194 2583 igitur
1232 2522 1405 2570 Cicero
1449 2525 1499 2571 in
1535 2540 1618 2582 eo,

603 2613 750 2661 quem
780 2598 1082 2658 excutimus,
1106 2599 1219 2647 loco
1239 2600 1434 2649 videtur
1450 2602 1624 2651 inuue-

605 2695 655 2725 re
671 2713 685 2735 ,
723 2676 997 2742 sepulcrum
1029 2678 1181 2726 solius
1224 2680 1364 2728 Atilii
1413 2681 1624 2732 Calatini

605 2757 674 2805 ibi
694 2774 721 2805 a
752 2755 1068 2821 pontificibus
1119 2758 1355 2807 intactum
1399 2763 1621 2810 relictum

604 2838 750 2886 fuisse
792 2853 806 2887 :
842 2837 959 2885 inde
1004 2853 1117 2885 vere
1157 2837 1255 2885 diei
1311 2840 1477 2903 potuit
1524 2841 1621 2890 hoe

602 2916 798 2966 unicum
817 2917 965 2965 fnisse
989 2916 1195 2982 elogium
1209 2952 1225 2975 ,
1263 2935 1415 2982 quum
1433 2935 1497 2968 ne
1515 2936 1621 2969 mo-

602 3008 830 3046 numenta
876 2996 1074 3062 quideln
1126 2996 1296 3061 elogiis
1350 3009 1620 3048 ceterorum

600 3088 864 3125 exstarent.
896 3078 1000 3126 Nec
1030 3076 1170 3124 aliter
1204 3078 1384 3125 Noster
1412 3077 1531 3127 dicit
1567 3080 1621 3128 iu

600 3158 791 3204 Senect.
832 3172 941 3219 esp.
985 3170 1092 3223 17:
1133 3158 1376 3219 «Quanta
1418 3158 1471 3206 in
1510 3160 1620 3207 Ati·

600 3234 668 3279 lio
722 3233 944 3282 Calatino
974 3236 987 3279 1
1036 3235 1089 3282 iu
1142 3252 1287 3299 quem
1336 3237 1462 3286 illud
1510 3238 1616 3289 elo·

598 3312 730 3373 ginm
766 3312 964 3359 unicum
1002 3326 1016 3359 ε
1065 3314 1289 3363 Plurimae
1309 3351 1325 3374 ,
1363 3327 1460 3368 etc.
1482 3340 1510 3360 ι
1546 3345 1619 3358 —·

602 3390 744 3436 Velut
773 3388 866 3436 hoc
904 3390 977 3436 ad
997 3403 1195 3454 portam
1213 3399 1242 3441 Ρ
1272 3397 1378 3443 Uno
1416 3413 1500 3445 ore
1535 3396 1620 3446 eui

590 3466 836 3529 plurima.
874 3467 1013 3516 Nihil
1055 3473 1158 3518 susi
1198 3489 1365 3523 sumus
1393 3487 1613 3537 mutare,

595 3544 708 3592 licet
730 3562 932 3609 prorsus
956 3563 1059 3596 non
1089 3550 1363 3601 dubitemus
1382 3589 1397 3613 ,
1436 3554 1613 3601 lectio-

596 3639 705 3671 nem
736 3624 865 3673 hene
903 3643 1005 3675 esse
1046 3630 1364 3694 suppositam.
1395 3633 1612 3681 Primum

594 3703 757 3751 nullus
776 3716 994 3754 nostrum
1022 3723 1108 3755 ore
1121 3725 1142 3765 ,-
1172 3710 1307 3773 quod
1324 3710 1545 3774 spurium
1560 3728 1612 3760 se

597 3782 669 3830 vel
706 3799 770 3830 ex
804 3799 924 3847 vaga
965 3785 1079 3833 sede
1111 3787 1282 3851 prodit
1316 3803 1329 3836 :
1359 3788 1444 3836 alii
1480 3790 1609 3837 enim

595 3872 704 3909 tum.
724 3864 891 3926 scripti
909 3897 924 3922 ,
948 3874 1049 3912 tum
1074 3865 1192 3913 editi
1212 3901 1228 3925 ,
1252 3867 1306 3914 in
1332 3866 1512 3931 quibus
1537 3878 1611 3915 est

593 3944 747 3992 Mers.
777 3958 863 3989 ore
902 3959 1016 3990 uno.
1053 3944 1240 3993 Deinde
1279 3945 1609 4010 probatissimi

517 4011 521 4015 ’
592 4022 785 4070 codices
820 4021 921 4070 Pal.
966 4037 984 4068 1
1005 4057 1020 4081 ‚
1066 4024 1196 4086 Spir.
1237 4024 1336 4073 Erl.
1364 4040 1461 4071 uno
1495 4040 1608 4072 cum

592 4101 840 4164 prebent,
878 4117 904 4148 a
952 4100 1129 4164 quibus
1170 4118 1341 4165 parum
1368 4101 1608 4166 discrepat

1719 1491 1902 1557 ubique
1944 1493 2333 1543 confunduntur.
2381 1497 2509 1545 Ven.
2561 1505 2692 1560 1494
2720 1532 2737 1558 ‚

1718 1587 1867 1619 unum
1895 1588 2000 1620 esse
2016 1572 2263 1637 plurimes.
2293 1574 2517 1639 Denique
2557 1592 2647 1624 nec
2682 1577 2736 1625 iu

1716 1651 1978 1715 proximis,
2001 1651 2088 1699 ubi
2109 1651 2275 1699 eadem
2302 1654 2405 1717 ipss
2428 1654 2577 1702 verbs
2605 1654 2734 1704 obli·

1716 1745 1813 1792 que
1847 1740 2295 1794 repetuntur,·nee
2331 1730 2392 1779 de
2420 1732 2607 1781 Senect.
2641 1749 2700 1795 ¹7
2720 1770 2735 1793 ,

1716 1809 1778 1856 δι
1823 1808 1842 1871 (
1871 1807 1957 1856 ubi
1998 1808 2169 1873 scripti
2194 1809 2416 1874 plerique
2439 1826 2610 1860 omnes
2629 1813 2733 1860 un!-

1714 1903 1822 1934 cum
1843 1888 2104 1951 referunt),
2126 1887 2284 1936 ullum
2311 1889 2446 1937 verbi
2470 1906 2557 1937 ore
2576 1901 2734 1940 exstat

1711 1965 1981 2027 vestigium.
2016 1969 2128 2015 VV.
2168 1967 2278 2016 DD.
2321 1968 2626 2019 multifariam
2659 1969 2733 2019 lo-

1711 2058 1773 2090 co
1785 2055 2144 2093 succurrerunt.
2153 2047 2229 2095 Ne
2244 2046 2457 2112 reliquos
2469 2064 2729 2107 moremur,

1710 2124 1874 2172 Davis.
1919 2139 1982 2170 ex
2042 2124 2080 2172 l.
2135 2126 2170 2173 1.
2221 2126 2283 2174 de
2336 2129 2448 2176 Seu.
2498 2128 2691 2177 unicum
2715 2162 2732 2189 ,

1698 2200 1929 2265 plurimae
1950 2204 2161 2268 recepit:
2179 2207 2339 2254 Brem.
2357 2207 2508 2255 modo
2526 2208 2605 2256 cui
2622 2225 2732 2257 esn-

1713 2280 1846 2329 cellis
1891 2282 2104 2334 inclusit.
2157 2285 2335 2333 Melius
2386 2283 2533 2335 Rath.
2582 2304 2731 2336 unum

1710 2375 1837 2410 eum.
1860 2361 1954 2409 Sed
1981 2378 2088 2409 eum
2118 2363 2260 2426 friget
2287 2378 2300 2411 :
2338 2363 2408 2410 sie
2440 2365 2571 2411 enim
2598 2365 2728 2414 hune

1709 2440 1851 2489 malle
1868 2441 2083 2491 debebis.
2110 2443 2269 2491 Altius
2287 2443 2428 2490 etism
2445 2445 2727 2503 conjecturs

1709 2535 1736 2565 s
1765 2520 1996 2569 codicum
2031 2522 2268 2585 scriptura
2305 2532 2486 2569 remota
2514 2521 2722 2571 videtur.

1711 2600 1819 2648 Nos
1845 2602 2044 2665 quidem
2067 2602 2118 2649 in
2134 2600 2326 2648 unicum
2343 2601 2691 2665 acquiescimus
2710 2635 2726 2661 ,

1709 2679 1798 2726 sed
1821 2696 1922 2729 non
1946 2692 2001 2729 ut
2028 2679 2091 2728 sd
2109 2679 2430 2746 praecedentis
2463 2680 2724 2739 reseratur,

1706 2768 1762 2805 ut
1779 2760 1945 2809 Davis.
1967 2759 2122 2809 edidit
2135 2796 2151 2822 ,
2183 2769 2232 2806 et
2250 2770 2307 2809 nt
2330 2759 2486 2807 altero
2505 2758 2593 2808 illo
2610 2759 2726 2808 loco

1706 2836 1949 2901 vulgatur.
1965 2839 2226 2888 Construas
2241 2838 2434 2887 unicum
2444 2838 2729 2903 primarium

1703 2912 1886 2962 ‘inb-um.
1905 2916 2126 2965 Primsrii
2161 2917 2292 2966 enim
2320 2918 2414 2965 vin·
2441 2918 2605 2984 plures
2632 2934 2729 2967 uns

1705 3009 1806 3041 esse
1829 2995 1999 3043 Romae
2028 3007 2287 3060 poterent,
2310 3007 2362 3045 et
2385 3008 2521 3045 erent
2542 3011 2556 3044 :
2585 2996 2727 3045 Cels-

1706 3071 1863 3123 tinum
1888 3083 2049 3122 autem
2079 3074 2186 3123 hec
2211 3075 2464 3139 inscriptio
2487 3072 2729 3142 ἀριςευόν-

1703 3167 1798 3200 των
1833 3149 1998 3220 ἅριςον
2042 3152 2161 3200 dicit
2179 3188 2196 3216 ,
2239 3169 2363 3201 voce
2388 3152 2584 3201 unicum
2613 3170 2727 3202 cum

1702 3231 1752 3278 vi
1779 3246 1806 3278 a
1831 3231 1994 3280 fronte
2018 3231 2197 3296 posits.
2223 3233 2288 3280 G.
2307 3257 2380 3268 —
2408 3231 2495 3278 Ad
2505 3243 2725 3295 portam.

1703 3307 1890 3358 Gallica
1909 3325 2033 3360 vem.
2052 3310 2297 3374 Capenam
2321 3318 2452 3373 port.
2473 3310 2722 3374 intelligit.

1776 3388 1825 3434 3.
1852 3389 1929 3436 De
1955 3387 2198 3437 Calatino.
2220 3390 2370 3436 Anno
2391 3389 2493 3450 495
2515 3390 2579 3437 Δ.
2617 3390 2723 3436 Ati-

1700 3464 1796 3514 lius
1818 3467 2065 3516 Calatinns
2088 3469 2252 3526 Eune,
2287 3467 2519 3531 Drepano
2538 3499 2553 3524 ,
2587 3466 2724 3530 Lily-

1700 3542 1811 3593 baeo
1835 3544 2034 3594 hostilia
2050 3545 2274 3611 proesidis
2304 3544 2528 3617 dejecit&
2543 3546 2723 3592 Pauor·

1673 3609 1682 3627 ’
1700 3639 1834 3671 mum
1854 3625 2013 3688 cepit,
2038 3636 2291 3688 totamque
2312 3623 2524 3670 Siciliam
2545 3639 2721 3686 perva-

1699 3712 1864 3765 gntus,
1909 3705 2078 3767 paucis
2125 3701 2333 3751 navibus
2369 3716 2590 3764 magnum
2628 3699 2720 3748 ho·

1699 3781 1846 3829 stium
1865 3782 2082 3843 classem,
2102 3781 2227 3836 duce
2248 3778 2508 3840 Amilcar-e,
2526 3794 2722 3843 supers-

1699 3860 1788 3909 vit.
1810 3861 2084 3910 Mun-rus.

1768 3948 1817 3997 4.
1829 3943 2064 3989 Facturus
2077 3938 2409 3987 arbitramur?
2423 3938 2556 3986 Goer.
2574 3938 2720 3988 scrib.

1697 4018 2058 4068 arbitrabimur.
2081 4019 2153 4067 Its
2171 4052 2185 4075 ,
2213 4016 2391 4080 inquit.
2409 4020 2522 4066 Par.
2547 4035 2569 4066 1
2594 4030 2641 4067 et
2657 4016 2688 4069 3
2705 4057 2722 4081 ,

1698 4097 1827 4163 apud
1846 4098 2031 4148 Davis..
2044 4107 2092 4146 et
2136 4113 2163 4145 e
2199 4096 2381 4146 nostris
2407 4097 2539 4148 Gud.
2558 4109 2717 4164 uterq.
