3217 4784
650 442 691 510 8
1168 447 1300 513 JO.
1356 448 1589 517 AUG.
1648 448 2219 521 GOERENZII

643 567 883 646 Brut0,
934 565 1039 630 cui
1080 565 1373 654 inscripti
1423 584 1613 649 sunt,
1666 569 2096 653 traderentur,
2139 573 2261 637 sibi
2316 574 2764 664 descripserint

641 670 792 757 (vid.
817 672 950 735 Att.
987 671 1177 752 XIlI,
1205 694 1306 759 ep.
1349 694 1422 736 21
1457 689 1521 737 et
1554 673 1692 761 22).
1722 676 1944 763 anue
1977 677 2112 764 ipsa
2148 701 2336 743 causa
2372 680 2533 763 fuit,
2567 705 2764 770 quare

640 793 868 841 auctor
910 776 978 839 in
1013 775 1245 863 quinto
1282 777 1449 842 libro
1489 778 1673 865 plura
1718 796 2032 862 mutaret,
2073 798 2147 846 ut
2191 783 2297 847 hic
2342 784 2504 849 liber
2545 785 2765 853 denuo
2859 792 2865 797 ’

641 881 853 947 editus
884 879 1240 964 videretur,
1280 883 1700 971 Atticumque
1739 885 1987 950 urbane
2024 906 2317 954 moneret
2337 937 2356 972 ,
2404 914 2487 955 ne
2534 893 2765 981 reliqui

638 1003 789 1052 ante
815 1003 1071 1075 tempus
1094 987 1162 1051 in
1185 1008 1413 1052 manus
1439 989 1782 1054 hominum
1808 992 2137 1075 venirent3
2168 995 2287 1059 nisi
2315 996 2577 1062 eosdem
2600 1022 2765 1087 quo-

542 1160 549 1169 ,
640 1117 770 1183 que
803 1110 1115 1177 mutatos,
1152 1096 1591 1185 reliquamque
1629 1099 2039 1163 librariorum
2085 1101 2287 1190 ipsius
2321 1125 2582 1191 operam
2613 1129 2763 1194 per·

638 1201 840 1265 (litam
868 1200 1074 1265 vellet.
1101 1200 1199 1266 Cf.
1230 1200 1386 1266 ibid.
1423 1225 1522 1290 ep.
1561 1226 1637 1267 21
1671 1227 1689 1267 :
1725 1234 1751 1259 α
1773 1204 2039 1292 Scripsit
2065 1207 2300 1271 Balbus
2335 1207 2418 1272 ad
2451 1232 2592 1292 me,
2626 1234 2696 1275 se
2726 1235 2764 1276 a

640 1325 703 1371 te
734 1306 1037 1393 quintum
1060 1303 1142 1370 de
1159 1306 1426 1371 Finibus
1448 1307 1688 1372 librum
1712 1307 2162 1398 descripsisse:
2195 1312 2263 1375 in
2292 1336 2426 1400 quo
2451 1336 2585 1378 non
2611 1338 2764 1381 sane

639 1411 839 1476 multa
893 1412 1173 1488 mutavi,
1219 1412 1333 1477 sed
1380 1431 1592 1478 tamen
1648 1414 1963 1502 quaedam.
2012 1417 2116 1479 Tu
2156 1433 2373 1481 autem
2419 1421 2763 1486 commode

637 1516 896 1599 feceris,
932 1517 984 1579 si
1020 1516 1303 1606 reliquos
1339 1520 1772 1602 continueris»,
1821 1542 1904 1585 ne
1936 1537 2001 1585 et
2036 1525 2311 1602 ἀδιόρθωτα
2353 1522 2589 1588 habeat
2617 1525 2762 1590 Bal-

638 1625 759 1691 bus
780 1674 799 1707 ,
830 1642 895 1688 et
926 1635 1054 1687 ἔωλά
1078 1627 1315 1691 Brutus
1341 1658 1390 1692 υ.
1418 1630 1515 1692 Ex
1547 1651 1677 1716 qua
1706 1644 1979 1716 utraque
2011 1629 2210 1694 veluti
2235 1629 2516 1697 editione
2547 1655 2763 1697 exem-

637 1732 827 1820 plaria
881 1750 1230 1823 propagata
1270 1733 1573 1797 videntur
1615 1758 1631 1798 ε
1683 1735 1771 1798 ita
1807 1734 1995 1800 nobis
2044 1734 2305 1824 quidem
2329 1785 2347 1819 ,
2379 1754 2614 1826 praeter
2640 1740 2760 1803 alia

634 1860 777 1924 quae
812 1839 879 1900 in
918 1836 1334 1901 adnotatione
1366 1835 1447 1899 ad
1484 1836 1665 1899 hunc
1698 1837 1935 1900 librum
1974 1840 2299 1929 tetigimus
2320 1888 2338 1922 ,
2373 1842 2601 1906 miram
2636 1842 2760 1908 loci

634 1941 800 2007 illius
843 1941 930 2029 (c.
969 1941 1044 2021 8,
1084 1939 1204 2025 21)
1242 1938 1805 2027 interpolationem
1857 1942 2007 2005 satis
2047 1959 2195 2031 apte
2236 1944 2531 2034 explicari
2576 1971 2762 2036 posse

632 2049 1073 2113 indicavimus.
1102 2044 1307 2110 Simili
1338 2060 1510 2108 certe
1542 2046 1792 2109 ratione
1816 2046 2029 2135 priora
2059 2047 2433 2115 Academica
2458 2051 2524 2116 in
2553 2054 2761 2143 publi·

632 2180 781 2221 cum
818 2153 1059 2243 elapsa,
1094 2175 1453 2239 eorumque
1489 2153 1579 2215 sic
1613 2154 1884 2217 alterum
1918 2154 2153 2220 librum
2186 2155 2270 2220 ad
2301 2175 2517 2223 nostra
2552 2184 2760 2250 usque

633 2281 925 2349 tempora
974 2274 1294 2324 servatum
1337 2281 1510 2341 esse,
1557 2259 1627 2322 in
1664 2283 1892 2325 eorum
1929 2261 2411 2329 introductione
2457 2266 2758 2332 vidimus.

631 2365 875 2435 Traditi
925 2381 1139 2429 autem
1188 2367 1390 2429 Bruto
1428 2364 1493 2428 hi
1530 2367 1736 2430 nostri
1772 2367 1959 2448 libri,
1996 2369 2066 2431 id
2101 2383 2232 2449 est,
2266 2391 2415 2433 vere
2460 2371 2759 2458 justeque

636 2472 792 2536 editi
813 2519 831 2553 ,
868 2471 1163 2559 proxime
1197 2486 1345 2534 ante
1381 2469 1525 2534 idus
1564 2470 1820 2535 sextiles
1868 2470 2173 2536 videntur
2204 2495 2219 2536 ε
2245 2488 2395 2536 tum
2429 2475 2602 2539 enim
2652 2477 2758 2542 ille

630 2601 780 2642 cum
803 2577 1016 2641 Tullio
1040 2576 1106 2640 in
1136 2575 1329 2654 hujus
1355 2576 1723 2639 Tusculano
1755 2576 1881 2639 fuit
1909 2574 2019 2662 (cf.
2046 2575 2203 2639 ibid.
2238 2599 2337 2664 ep.
2372 2578 2512 2660 45);
2544 2602 2759 2669 neque

628 2699 847 2773 postea
875 2682 1181 2769 temporis
1216 2681 1342 2744 ulla
1375 2703 1603 2744 eorum
1635 2680 1718 2744 ad
1748 2683 2035 2746 Atticum
2065 2682 2307 2746 mentio
2333 2684 2633 2765 injicitur.
2663 2687 2757 2752 Ita

627 2788 904 2852 absoluti
942 2783 1205 2874 quidem
1246 2785 1389 2847 libri
1432 2781 1512 2847 de
1546 2784 1819 2848 Finibus
1862 2786 2042 2873 prius
2085 2803 2274 2866 sunt,
2309 2810 2504 2875 quam
2538 2808 2756 2878 poste·

628 2897 795 2959 riora
828 2890 1209 2961 Academica
1241 2905 1445 2976 coepta
1473 2911 1489 2952 :
1523 2887 1639 2953 sed
1668 2892 1890 2977 paucis
1927 2889 2156 2954 diebus
2187 2907 2362 2978 post,
2397 2916 2590 2981 quam
2619 2897 2756 2961 hoec
2842 2903 2851 2913 '

626 3002 707 3066 ab
742 3002 953 3065 Attico
978 2997 1254 3062 Varroni
1287 2994 1695 3060 traderentur
1725 2995 1843 3083 (cf.
1876 2996 2034 3062 ibid.
2071 3020 2171 3085 ep.
2213 2996 2372 3087 37),
2414 3002 2479 3064 in
2525 3025 2755 3068 manus

626 3109 807 3171 Bruti
837 3121 1175 3171 venerunt.

714 3213 867 3276 Haec
893 3210 976 3275 de
999 3211 1237 3275 horum
1266 3210 1584 3274 librorum
1619 3208 1969 3299 scriptione
2004 3209 2418 3298 editioneque
2455 3213 2754 3302 expedire

625 3316 813 3380 nobis
845 3316 1049 3381 licuit.
1081 3316 1217 3379 Jam
1260 3314 1341 3379 de
1375 3338 1455 3379 eo
1488 3337 1755 3403 quoque
1788 3330 2080 3403 tempore
2116 3315 2537 3403 quaerendum
2557 3366 2575 3399 ,
2619 3342 2753 3407 quo

624 3444 955 3487 sermones
998 3422 1239 3509 quique
1284 3442 1510 3484 eorum
1556 3420 1763 3484 habiti
1809 3420 2163 3510 finguntur.
2202 3422 2362 3485 Tres
2403 3438 2618 3485 autem
2651 3423 2752 3488 his

623 3529 917 3617 quinque
970 3526 1147 3590 libris
1197 3547 1525 3589 sermones
1582 3547 1733 3588 vere
1782 3524 2016 3589 diversi
2072 3524 2752 3613 comprehenduntur,

623 3657 828 3723 quum
862 3630 1151 3697 secundo
1184 3648 1250 3695 et
1281 3645 1515 3719 quarto
1545 3629 1713 3695 libro
1745 3630 1834 3693 illi
1861 3630 2362 3718 praecedentium
2383 3678 2402 3711 ,
2435 3633 2750 3698 sententia

621 3737 843 3803 eadem
880 3738 950 3800 in
988 3758 1253 3801 examen
1289 3751 1551 3816 vocata,
1591 3733 1791 3797 modo
1827 3736 2330 3815 continuentur,
2366 3735 2493 3800 loci
2525 3737 2752 3812 etiam,

621 3843 928 3932 temporis
948 3890 965 3924 ‚
1008 3858 1072 3906 et
1106 3841 1500 3929 reliquarum
1534 3844 1769 3918 διαλόγου
1795 3856 2119 3919 napaeas-052
2160 3839 2325 3903 ratio
2361 3839 2582 3905 eadem
2617 3842 2754 3929 ipsa

621 3950 929 4015 obtineat.
968 3949 1251 4036 Tempus
1297 3961 1516 4009 autem
1564 3944 1629 4005 in
1682 3965 1760 4006 eo
1798 3966 2148 4008 commune
2197 3943 2439 4008 habent
2486 3969 2750 4029 omnes,

620 4056 798 4144 quod
841 4071 991 4119 ante
1035 4054 1218 4118 civile
1255 4051 1497 4116 bellum
1551 4051 1827 4114 instituti
1875 4072 2014 4116 esse
2059 4049 2330 4139 putandi
2373 4051 2503 4115 sint
2541 4076 2556 4117 z
2607 4077 2751 4141 quae

619 4166 787 4227 enim
822 4183 1112 4251 personae
1144 4174 1376 4247 praeter
1403 4159 1617 4245 ipsum
1645 4157 1967 4246 principes
1993 4155 2534 4239 introducuntur,
2556 4159 2622 4223 hi
2651 4161 2752 4226 vel
