3217 4784
1105 418 1889 492 ARGUMENTUM.
2419 420 2561 519 319

579 543 684 601 His
719 539 1057 620 praemissis,
1106 540 1301 618 pergit
1342 539 1419 598 ad
1466 559 1733 618 magnam
1788 539 1979 611 illam,
2029 551 2247 597 motam
2284 540 2560 619 singulari

503 638 818 719 Carneadis
854 638 1146 710 acumine,
1177 637 1670 705 controversiam,
1707 636 1937 697 Stoicos
1965 655 1999 695 a
2039 638 2467 715 Peripateticis,
2501 642 2560 698 in

503 747 625 793 tota
648 734 724 794 de
750 734 921 794 bonis
947 748 1008 793 et
1041 734 1207 792 malis
1228 732 1574 810 quaestione,
1601 751 1722 790 non
1751 733 1955 806 rebus,
1988 732 2090 793 sed
2117 734 2312 795 verbis
2342 736 2562 795 discre-

499 850 642 910 pare
682 855 695 889 :
733 830 1152 907 contenditque
1198 830 1371 907 longe
1412 827 1596 904 majus
1635 829 1788 886 inter
1832 849 1933 888 eos
1974 850 2096 890 esse
2125 853 2348 903 rerum,
2389 853 2563 911 quam

495 929 805 988 verborum
828 926 1156 997 discrimen,
1170 944 1351 1003 quum
1368 925 1621 1003 primum
1642 925 2010 1004 Peripatetici
2037 928 2299 989 dolorem
2321 932 2381 989 in
2401 932 2564 990 malis

502 1038 724 1103 ponant
746 1067 764 1095 ,
807 1023 987 1083 Stoici
1031 1022 1349 1099 sapientem
1390 1023 1484 1081 vel
1515 1024 1575 1080 in
1618 1023 1918 1081 tormentis
1955 1022 2192 1085 beatum
2228 1028 2563 1107 praedicent.

502 1121 642 1180 Illos
672 1120 915 1192 deinde,
936 1118 1200 1177 admissis
1233 1118 1421 1177 tribus
1445 1118 1736 1178 bonorum
1766 1118 2074 1198 generibus
2091 1164 2109 1191 ,
2131 1124 2312 1183 vitam
2334 1145 2568 1184 omnem

500 1217 796 1296 complere
840 1215 1161 1275 commodis
1190 1236 1225 1276 a
1253 1232 1502 1296 corpore
1534 1215 1830 1295 rebusque
1860 1222 2111 1276 externis
2138 1221 2562 1297 pendentibus:

505 1314 612 1373 hos
639 1335 841 1387 secus3
885 1315 1105 1393 quippe
1131 1312 1345 1392 quibus
1386 1335 1460 1373 ne
1491 1314 1681 1393 prima
1705 1328 1930 1373 naturae
1955 1314 2191 1393 quidem
2228 1318 2305 1378 ad
2335 1319 2563 1381 beatam

503 1412 681 1471 vitam
700 1411 1017 1492 quidquam
1046 1413 1382 1485 conferant,
1408 1412 1512 1471 sed
1532 1432 1649 1471 una
1677 1412 1864 1471 virtus
1891 1424 2115 1471 tantum
2135 1413 2355 1489 valeat,
2382 1430 2448 1476 ut
2473 1439 2566 1477 res

501 1511 561 1571 in
593 1531 844 1590 corpore
872 1512 1119 1590 positas,
1160 1511 1316 1569 velut
1360 1513 1458 1569 lux
1504 1510 1643 1568 solis
1677 1510 1929 1568 lucernae
1965 1510 2193 1583 lumen,
2236 1513 2477 1589 obruat,
2508 1531 2567 1576 et

500 1608 731 1685 penitus
753 1609 1058 1679 obscuret,
1105 1612 1136 1678 S
1162 1606 1369 1675 40-45.
1393 1610 1473 1665 Ut
1494 1603 1770 1684 (agendi)
1798 1606 2206 1682 opportunitas
2235 1608 2297 1666 in
2323 1610 2452 1688 ipso
2480 1614 2565 1670 rei

500 1707 738 1785 agendae
782 1718 1076 1767 momento
1124 1715 1426 1770 cernatur,
1466 1722 1574 1760 nec
1607 1703 1937 1763 accessione
1983 1706 2261 1782 temporis
2317 1708 2566 1787 produci

500 1805 683 1879 possit
709 1825 722 1861 ε
753 1804 836 1861 sic
872 1803 934 1860 in
965 1802 1157 1879 ipsum
1184 1797 1407 1856 bonum
1430 1797 1732 1859 crescendi
1766 1800 2151 1859 accessionem
2181 1821 2300 1860 non
2336 1804 2562 1864 cadere.

508 1911 719 1965 Parum
765 1912 959 1959 autem
990 1908 1160 1955 acute
1191 1893 1398 1973 objici,
1430 1915 1504 1955 ex
1551 1915 1625 1955 eo
1671 1896 1836 1976 quod
1879 1898 2142 1957 valitudo
2187 1900 2360 1977 longa
2396 1901 2564 1960 brevi

503 1996 869 2077 praeferenda
907 1997 983 2053 sit
1000 2037 1018 2066 ,
1045 1993 1345 2071 sapientiae
1370 2012 1539 2053 usum
1560 2036 1579 2067 ,
1609 2014 1731 2073 quo
1759 1995 1992 2072 longior
2019 1995 2125 2071 sit,
2155 2016 2227 2055 eo
2255 2017 2378 2057 esse
2406 2018 2564 2078 prae-

504 2095 843 2154 stantiorem
867 2114 880 2150 :
909 2109 1090 2170 quum
1111 2091 1373 2151 valitudo
1405 2095 1597 2168 spatio
1624 2092 1962 2165 aestimetur,
1991 2094 2197 2169 virtus,
2213 2098 2565 2175 opportuni-

504 2204 643 2250 tate.
673 2189 898 2250 Stoicos
933 2199 1153 2259 autem,
1183 2188 1285 2265 qui
1325 2207 1587 2247 crescere
1619 2208 1908 2248 summum
1933 2188 2156 2250 bonum
2181 2206 2423 2271 negent,
2453 2214 2562 2253 ne-

502 2308 640 2367 gare
662 2287 837 2346 etiam
863 2284 1041 2345 alium
1068 2285 1184 2344 alio
1214 2296 1318 2342 aut
1343 2284 1758 2363 sapientiorem
1788 2306 1943 2356 esse,
1978 2301 2080 2346 aut
2104 2291 2284 2367 magis
2304 2292 2397 2350 vel
2423 2311 2564 2370 pec-

498 2398 758 2451 cantem,
788 2382 881 2441 vel
909 2393 1067 2440 recte
1104 2381 1435 2441 facientem.
1472 2381 1629 2440 Mira
1656 2381 1781 2441 haec
1810 2383 2048 2459 quidem
2075 2386 2287 2459 videri,
2321 2389 2453 2462 sed,
2500 2404 2564 2447 ut

500 2503 575 2540 ex
606 2480 759 2539 veris
787 2479 1082 2556 firmisque
1108 2476 1554 2554 consequentia,
1591 2492 1747 2537 recte
1778 2478 2053 2558 probari,
2083 2486 2114 2553 S
2146 2484 2352 2554 46-48.
2394 2486 2564 2543 Divi-

504 2580 609 2637 tias
637 2589 860 2648 autem,
901 2573 1223 2634 secundum
1263 2575 1619 2653 Diogenem,
1651 2595 1772 2635 non
1801 2576 1981 2636 modo
2007 2576 2121 2637 hoc
2146 2579 2371 2652 valere,
2397 2595 2465 2640 ut
2490 2581 2562 2640 ad

500 2677 861 2754 voluptatem
901 2684 961 2732 et
1001 2671 1380 2732 valitudinem
1417 2673 1586 2751 quasi
1630 2672 1878 2747 ducant,
1927 2674 2031 2734 sed
2058 2689 2365 2756 utramque
2391 2679 2563 2738 etiam

500 2773 849 2833 contineant.
881 2769 974 2829 Ad
1002 2770 1278 2831 virtutem
1308 2789 1452 2829 vero
1481 2782 1543 2829 et
1579 2782 1799 2830 ceteras
1831 2783 1987 2831 artes
2023 2773 2237 2833 ducere
2269 2775 2396 2834 illas
2429 2777 2565 2854 qui-

502 2870 662 2941 dem,
690 2867 989 2926 continere
1017 2885 1114 2924 eas
1143 2866 1410 2938 minime,
1443 2887 1637 2945 neque
1663 2866 1985 2947 quidquam
2011 2872 2285 2944 omnino,
2310 2872 2469 2950 quod
2505 2872 2564 2928 in

500 2969 672 3028 bonis
697 2977 1055 3025 numeretur.
1084 2964 1237 3024 Hinc
1263 2965 1456 3043 pergit
1481 2965 1800 3044 disputatio
1822 2966 1898 3026 ad
1921 2988 2117 3026 rerum
2143 2967 2565 3039 differentiam,

498 3086 629 3146 quae
654 3063 763 3123 nisi
788 3073 967 3131 esset,
993 3060 1115 3119 vita
1143 3061 1329 3119 omnis
1357 3062 1848 3133 confunderetur3
1876 3083 1984 3121 nec
2020 3062 2303 3141 sapientia
2333 3062 2407 3121 ad
2439 3082 2565 3149 eam

502 3160 855 3241 degendam,
885 3176 993 3215 nec
1021 3155 1282 3216 delectus
1314 3177 1513 3216 rerum
1547 3159 1702 3217 ullus
1730 3156 2000 3216 adhiberi
2032 3170 2260 3235 posset,
2291 3164 2324 3230 S
2358 3159 2564 3236 49-51.

500 3256 783 3332 Quamvis
827 3253 1004 3332 igitur
1045 3264 1268 3310 certum
1311 3252 1413 3325 sit,
1458 3253 1649 3312 solum
1690 3252 1949 3326 bonum,
1992 3252 2332 3325 honestum,
2376 3254 2566 3314 solum

499 3356 750 3426 malum,
785 3364 956 3428 turpe
996 3367 1148 3418 esse3
1182 3359 1376 3406 tamen
1404 3348 1657 3425 aliquam
1690 3348 2080 3407 differentiam
2117 3362 2185 3408 ut
2215 3362 2565 3424 statuerent,

499 3471 737 3513 necesse
765 3448 968 3520 fuisse,
1007 3459 1074 3505 ut
1104 3444 1217 3504 alia
1243 3456 1462 3517 essent,
1505 3464 1638 3522 quai
1679 3442 2133 3521 aestimarentur,
2175 3449 2286 3506 alia
2330 3462 2565 3522 contra,

499 3547 897 3625 &iuuenique
924 3542 1187 3602 neutrius
1226 3541 1408 3620 partis
1442 3554 1649 3601 essent.
1679 3542 1833 3602 Hinc
1859 3556 2148 3625 προηγμένα
2182 3545 2313 3619 illa,
2343 3560 2403 3606 et
2429 3556 2563 3611 ἀπο-

497 3659 785 3731 προηγμένα
810 3642 1122 3721 distingui,
1154 3658 1288 3719 quae
1316 3641 1375 3700 in
1404 3645 1687 3724 ἀδιαφόροις
1711 3642 1855 3716 sint,
1883 3644 2261 3704 aestimatione
2284 3646 2566 3707 mediocri

498 3746 811 3827 dignanda.
845 3743 1047 3803 Fuisse
1086 3741 1243 3799 enim
1281 3741 1607 3800 necessario
1638 3741 1905 3819 quaedam
1933 3743 1993 3801 in
2025 3744 2230 3804 mediis
2259 3744 2431 3825 (inter
2460 3745 2565 3804 ho-

496 3858 725 3906 nestum
754 3857 815 3902 et
842 3840 1041 3919 turpe)
1070 3837 1453 3916 relinquenda
1469 3881 1487 3911 ‚
1511 3853 1689 3916 atque
1717 3839 1841 3898 baec
1872 3860 2029 3915 esse,
2055 3861 2186 3920 quae
2211 3844 2329 3902 sint
2355 3864 2566 3903 secun-

501 3941 640 4001 dum
671 3955 970 4011 naturam,
998 3949 1101 3997 aut
1130 3948 1354 3994 contr-az
1391 3936 1722 3995 Referenda
1752 3937 1929 4015 igitur
1963 3950 2253 4021 προηγμένα
2283 3941 2356 4000 ad
2392 3941 2564 3999 finem

500 4057 661 4110 esse3
697 4038 799 4098 sed
838 4036 916 4097 ad
956 4034 1130 4113 hujus
1164 4034 1285 4093 vim
1321 4046 1708 4113 naturamque
1741 4034 1888 4094 nihi!
1933 4037 2262 4115 pertinere,
2302 4042 2333 4111 ς
2374 4037 2563 4107 51-54.

499 4145 791 4215 Προηγμένα
835 4146 1029 4195 autem
1074 4132 1166 4191 vel
1212 4131 1560 4210 proeposiu,
1600 4131 1845 4210 triplicis
1883 4136 2111 4213 generis
2148 4155 2309 4194 esse:
2349 4134 2565 4213 partim
