3217 4784
1321 470 1418 536 M.
1471 471 1547 537 T.
1604 468 2096 537 CICERONIS

635 588 1072 687 expetenda,
1125 611 1260 658 nec
1296 585 1746 685 fugiendam,
1795 586 1921 659 sed
1970 584 2294 684 eligenda
2345 585 2607 669 modo,
2646 603 2773 659 aut

632 697 1021 794 rejicienda
1055 697 1238 768 sint:
1270 712 1396 769 aut
1426 712 1824 797 anteponet
1860 694 2111 784 eam15,
2126 722 2344 796 quam
2374 723 2603 796 quum
2637 698 2773 769 ho·

634 821 915 881 nestate
952 806 1519 898 ornatissimam,
1558 823 1715 880 tum
1750 810 1967 881 etiam
2009 809 2181 906 ipsis
2208 809 2429 905 initiis
2460 823 2771 897 naturae,

636 902 711 990 et
778 917 1002 988 totius
1070 915 1511 1014 perfectione
1582 923 1746 991 vitae
1811 919 2324 1018 locupletatam
2365 914 2432 965 ¹⁶
2475 918 2768 991 videbit.

636 1024 853 1117 Quod
890 1050 980 1098 eo
1011 1025 1355 1124 liquidius
1390 1027 1643 1119 faciet,
1683 1030 1741 1101 si
1773 1031 2263 1128 perspexerit,
2306 1054 2550 1102 rerum
2586 1032 2774 1101 iuter

634 1160 796 1223 eas,
835 1136 1322 1210 verborumne
1369 1141 1462 1212 sit
1499 1143 2089 1212 controversia17.

528 1253 599 1323 39
729 1251 920 1320 XIII.
949 1250 1211 1345 Hujus¹
1249 1275 1385 1347 ego
1423 1276 1622 1323 nunc
1657 1253 2160 1322 auctoritatem
2194 1275 2546 1349 sequens,
2580 1250 2770 1323 idem

631 1356 907 1431 faciam.
938 1361 1310 1449 Quantum
1340 1363 1531 1433 enim
1569 1375 1860 1459 potero,
1893 1362 2215 1431 minuam
2244 1362 2773 1448 contentiones;

633 1493 1038 1568 omnesque
1063 1470 1429 1569 simplices
1452 1472 1847 1542 sententias
1873 1495 2154 1557 eorum,
2179 1471 2258 1541 in
2281 1470 2552 1568 quibus
2575 1469 2776 1541 nulla

630 1579 821 1652 inest
862 1581 1149 1652 virtutis
1197 1581 1608 1678 adjunctio,
1666 1581 1970 1653 omnino
2028 1604 2069 1650 a
2137 1579 2598 1679 philosophia
2665 1604 2776 1651 se·

640 492 782 538 200

630 1762 877 1828 ignorant.
896 1765 1169 1829 Utrumque
1188 1780 1349 1829 prave.
1371 1765 1499 1815 mad
1518 1765 1659 1824 inde,

631 1841 772 1907 quod
818 1843 975 1892 scriba
1028 1842 1376 1908 compendium
1425 1844 1662 1909 putabat;

631 1920 756 1980 hoc,
780 1920 921 1986 quod
943 1920 1009 1969 ad
1032 1933 1199 1969 cetera
1224 1921 1484 1984 referebat,
1505 1938 1661 1987 quum

632 1999 698 2049 ed
719 1999 846 2050 nihil
862 2000 1118 2066 pertineat.
1139 2001 1200 2049 G.

712 2086 798 2133 ¹4·
825 2077 1149 2143 Exponenda.
1170 2111 1184 2125 .
1205 2112 1219 2126 .
1238 2074 1489 2143 figienda
1506 2114 1521 2138 ,
1544 2089 1662 2127 sunt

634 2156 1045 2205 Academicorum
1064 2190 1080 2215 ,
1137 2156 1226 2220 qni
1272 2156 1416 2205 etiam
1462 2167 1660 2205 externa

634 2234 767 2284 bona
795 2234 1138 2284 numerabunt
1155 2234 1379 2302 eligenda
1399 2246 1559 2286 antem
1577 2273 1593 2298 ,
1613 2246 1663 2285 et

635 2311 902 2379 rejicienda
909 2348 926 2375 ‚
937 2315 1322 2380 Stoicorum,qui
1332 2316 1440 2366 hnc
1452 2317 1504 2366 in
1514 2311 1663 2367 ἀδια-

636 2390 795 2461 φόροις
822 2393 1161 2458 relinqnebant
1179 2431 1195 2457 ,
1212 2396 1494 2465 προηγμένα.
1516 2405 1663 2461 atque

637 2470 1019 2542 ἀποπροηγμένα
1035 2475 1222 2523 Zenoni
1241 2475 1497 2540 appellata.
1527 2477 1590 2524 G.

714 2553 794 2600 15.
822 2554 1105 2618 Anteponee
1132 2569 1269 2616 eam,
1303 2554 1479 2619 supple
1514 2553 1665 2602 ratio·

637 2646 775 2689 nens,
802 2647 1044 2696 (μενοι
1082 2642 1156 2680 est
1179 2648 1367 2698 snpra:
1404 2648 1539 2682 «nec
1565 2633 1664 2681 ulla

638 2710 702 2759 de
721 2725 912 2758 summo
933 2709 1071 2759 bono
1088 2710 1218 2759 ratio
1233 2732 1275 2758 »-

716 2790 799 2838 16.
847 2792 1011 2855 Quam
1036 2805 1231 2854 quum..
1250 2823 1265 2837 .
1285 2821 1300 2838 .
1326 2788 1665 2854 locupletatam

638 2868 848 2920 videbit.
861 2869 1015 2919 Mars.
1025 2869 1218 2934 ignom
1231 2885 1377 2934 qnam
1390 2879 1439 2917 et
1452 2868 1669 2918 uidebit.-

639 2952 788 3001 refert
805 2949 935 2998 idem
956 2948 1102 2999 etiam
1121 2947 1433 3013 locupletent,
1466 2962 1569 2995 non
1591 2948 1668 2996 lo·

638 3032 954 3097 οιφὶοιαωηι.
985 3027 1137 3092 Quod
1162 3027 1205 3076 si
1232 3027 1308 3076 vel
1333 3043 1361 3075 e
1387 3027 1666 3095 conjectura

640 3124 810 3163 natum
835 3111 981 3160 suerit
996 3144 1012 3169 ,
1038 3108 1350 3159 vehementer
1367 3119 1526 3158 tamen
1547 3107 1668 3155 arri-

644 3191 809 3251 debit3
830 3192 918 3240 sed
937 3207 1177 3257 nusquam
1198 3191 1413 3239 Marsum
1435 3188 1668 3238 audacius

643 3287 730 3319 sna
766 3271 1053 3321 inferentem
1093 3268 1453 3335 deprehendes3
1492 3285 1582 3318 nec
1615 3269 1670 3317 in

643 3349 751 3409 ejus
773 3348 1122 3397 commentario
1148 3348 1304 3397 ullum
1325 3350 1529 3397 offertur
1549 3364 1670 3396 con·

639 3426 871 3487 jectum,
892 3425 947 3472 in
966 3436 1097 3475 texta
1126 3437 1304 3476 temere
1327 3428 1499 3488 illstoe,
1525 3428 1672 3476 vesti·

646 3503 801 3568 giam.
833 3503 1042 3567 Vulgata
1069 3504 1269 3570 insuper
1293 3523 1396 3555 non
1424 3508 1546 3556 nihil
1567 3507 1672 3557 lan·

646 3593 797 3649 gunt:
824 3599 976 3647 quum
1004 3584 1135 3631 enim
1164 3583 1226 3634 de
1259 3585 1408 3634 altera
1441 3585 1672 3649 (Acade-

648 3662 923 3726 micorum)
954 3663 1190 3711 sententia
1226 3679 1388 3712 sermo
1424 3665 1518 3721 sit,
1554 3679 1673 3728 vage

646 3757 762 3790 sane
775 3757 927 3806 quam
943 3740 1135 3791 videbit
1146 3742 1370 3800 additur;
1391 3743 1531 3803 cnjus
1543 3751 1675 3789 certe

649 3821 762 3868 loeo
806 3830 995 3879 auctor,
1033 3835 1127 3885 pro
1160 3836 1296 3869 more
1332 3835 1425 3869 suo
1440 3853 1457 3879 ,
1489 3817 1679 3867 viderie

648 3900 935 3963 scripsisset.
966 3898 1148 3948 Melius
1176 3900 1322 3949 etiam
1351 3909 1423 3949 est
1457 3897 1675 3963 locuple·

651 3990 774 4036 tem,
803 3978 837 4027 i.
868 3995 912 4026 e.
942 3977 1260 4037 instructam,
1294 3996 1391 4043 qun
1420 3980 1471 4026 vi
1496 3979 1676 4042 sapius

650 4058 755 4108 haec
786 4074 885 4106 vox
909 4060 1142 4105 occurrit.
1175 4060 1252 4110 cf.
1285 4060 1403 4109 Nat.
1431 4060 1583 4107 Deor.
1619 4062 1673 4119 1,

653 4147 720 4195 4ο
735 4175 751 4199 ,
785 4154 804 4185 1
821 4138 880 4186 13
904 4151 917 4186 z
952 4159 977 4178 ··
999 4136 1309 4201 Locupletior
1340 4137 1490 4202 igitur
1514 4136 1677 4185 homi·

652 4233 769 4266 num
807 4227 981 4267 natura
1009 4214 1074 4265 ad
1107 4214 1248 4265 heate
1283 4215 1545 4266 vivendum
1569 4228 1675 4293 eat,

1750 1780 1898 1829 quam
1918 1763 2119 1813 deorum
2138 1796 2154 1824 ,
2174 1775 2274 1813 etc.
2295 1784 2318 1807 ι
2344 1762 2440 1812 Sed
2461 1778 2614 1826 quum
2638 1777 2776 1810 casm

1752 1847 1900 1893 toties
1926 1844 2174 1893 veritatem
2199 1844 2429 1902 imitetur,
2455 1842 2561 1892 fleri
2586 1843 2777 1908 potuit,

1751 1932 1806 1970 ut
1825 1938 1884 1971 ex
1903 1924 2085 1972 omisso
2105 1939 2283 1987 quam,
2308 1934 2420 1972 ante
2442 1939 2593 1987 quum
2605 1957 2621 1980 ,
2641 1921 2778 1985 quod

1750 2000 1897 2048 etiam
1910 2003 2019 2050 Bas.
2030 2003 2198 2066 ignora
2204 2012 2239 2060 t,
2248 2011 2298 2050 et
2311 2018 2339 2050 e
2349 2000 2604 2050 decurtato
2615 2016 2703 2066 per
2714 2000 2783 2048 al·

1747 2077 2070 2129 liter-ationem
2084 2081 2370 2146 locupletem
2379 2081 2485 2130 haec
2497 2080 2645 2130 lectio
2658 2097 2781 2128 eon-

1750 2159 2090 2209 sarcinaretnr.
2113 2161 2250 2210 Nihil
2268 2161 2418 2225 igitur
2436 2174 2688 2209 novamus.
2716 2161 2778 2206 G.

1828 2255 1848 2286 ι
1862 2254 1908 2300 7.
1958 2239 2107 2303 Quod
2143 2256 2202 2288 eo
2246 2239 2478 2304 liquidius
2508 2237 2699 2303 saciet.
2720 2268 2735 2285 .
2755 2270 2770 2284 .

1750 2319 2100 2368 controversia.
2125 2319 2295 2367 Faciet
2310 2319 2543 2367 vicarium
2563 2329 2637 2366 est
2659 2332 2784 2382 pre·

1751 2396 1969 2445 cedentis
1990 2397 2125 2445 verbi
2149 2394 2362 2454 addet-ie,
2389 2395 2423 2445 i.
2446 2411 2489 2444 e.
2505 2394 2782 2460 J‘udIcabae't,

1751 2475 1830 2525 vel
1863 2476 2041 2522 mum
2087 2474 2230 2521 etiam
2246 2508 2262 2534 ‚
2300 2472 2344 2519 si
2383 2472 2481 2520 hoc
2520 2487 2581 2519 ex
2620 2471 2777 2535 glossa

1750 2552 1972 2602 additum
1991 2552 2140 2600 Fuerit
2154 2585 2170 2611 ,
2189 2549 2254 2598 ad
2276 2549 2550 2597 consideret
2576 2549 2781 2597 reseren-

1753 2631 1889 2683 dum.
1926 2630 2010 2679 Ad
2034 2630 2179 2679 Divv.
2206 2632 2290 2690 X,
2313 2645 2394 2694 ep.
2433 2643 2519 2687 to,
2546 2628 2782 2694 liquidius

1762 2745 1778 2760 .
1799 2744 1811 2758 .
1835 2746 1848 2759 .
1867 2708 2107 2777 judicavi.
2134 2710 2360 2759 Ceterum
2380 2708 2446 2756 ita
2476 2709 2651 2757 horum
2671 2725 2782 2757 aen-

1752 2790 1949 2839 tentism
1977 2788 2280 2838 constitues:
2317 2809 2344 2830 ·
2368 2787 2430 2837 de
2462 2804 2563 2852 quo
2588 2805 2649 2838 eo
2676 2804 2782 2837 cer·

1755 2869 1851 2919 tius
1866 2867 2134 2930 indicabit,
2158 2869 2199 2915 si
2223 2866 2519 2916 intellexerit
2533 2901 2549 2925 ,
2573 2884 2653 2916 eas
2678 2883 2782 2916 non

1753 2961 1852 2998 tam
1878 2948 2024 2997 rebus
2043 2963 2189 3012 quam
2212 2946 2376 2996 verbis
2398 2946 2595 2995 differre
2614 2969 2653 2997 ι.
2682 2949 2783 2996 Ex·

1753 3028 1927 3093 pressit
1945 3038 2106 3076 entem
2125 3026 2233 3075 haec
2253 3026 2507 3075 modestiae
2523 3041 2666 3074 censa
2685 3025 2757 3074 eie
2770 3059 2786 3084 ,

1754 3117 2000 3173 tamquam
2034 3108 2219 3157 incerta
2259 3106 2419 3156 adhuc
2455 3117 2614 3154 essent
2628 3144 2644 3170 ‚
2675 3122 2783 3171 quae

1753 3186 1858 3251 ipae
1883 3185 2017 3250 apud
2038 3201 2141 3234 sese
2162 3186 2216 3233 in
2242 3184 2512 3250 exploretis
2536 3183 2785 3249 ponebstz

1754 3265 1941 3331 quippe
1965 3267 2053 3330 qui
2078 3264 2356 3313 Stoicorum
2381 3263 2694 3328 disciplinam
2720 3262 2785 3310 ab

1758 3361 1813 3394 ea
1850 3343 2254 3393 Academicorum
2268 3377 2283 3402 ,
2328 3341 2590 3391 verborum
2630 3339 2783 3389 modo

1757 3423 2034 3474 diversitate
2057 3422 2307 3487 dignosci,
2345 3420 2512 3469 multis
2538 3420 2660 3468 locis
2684 3431 2784 3468 sta-

1756 3514 1881 3553 tuat.
1903 3503 1984 3554 Cs.
2007 3502 2133 3563 ipsrn
2151 3504 2253 3562 111,
2278 3516 2337 3563 ²3
2366 3501 2459 3560 IV,
2483 3497 2782 3558 2-1030011.

1758 3580 1946 3631 Acadd.
1964 3585 2042 3642 11,
2060 3583 2120 3641 6,
2147 3584 2237 3645 16,
2257 3592 2353 3629 etc.
2382 3581 2446 3628 G.

1830 3664 1979 3711 xm.
1998 3675 2020 3710 1
2030 3694 2042 3707 .
2057 3659 2230 3725 Hujus,
2242 3675 2419 3724 nempe
2429 3657 2655 3706 Rationis
2664 3656 2785 3722 (vid.

1760 3755 1870 3804 sup.
1892 3738 1925 3804 S
1952 3742 2040 3801 37,
2059 3737 2194 3801 init.)
2210 3764 2278 3775 -
2297 3737 2453 3786 Nulla
2471 3735 2614 3784 inest.
2638 3736 2787 3784 Multi

1760 3818 1956 3868 codices
1983 3817 2201 3882 editiqne
2229 3827 2320 3878 ese,
2355 3814 2496 3879 quod
2528 3814 2581 3863 h.
2619 3815 2654 3864 l.
2675 3814 2789 3863 ferri

1764 3901 1944 3966 possit,
1962 3914 2053 3963 pro
2071 3899 2229 3946 locum
2251 3895 2435 3945 habeat
2450 3894 2790 3961 penitam-Sed

1763 3978 1956 4045 vulgata
1983 3994 2010 4026 a
2034 3977 2213 4026 nostrie
2238 3986 2451 4040 quatuor
2477 3972 2762 4025 confirmata
2779 4009 2795 4029 .

1763 4071 1812 4108 et
1833 4076 1921 4125 per
1948 4074 1999 4106 se
2030 4053 2326 4121 preferenda
2347 4065 2420 4103 est
2434 4088 2451 4115 ‚
2489 4066 2537 4103 et
2557 4046 2790 4119 frequen-

1766 4150 1838 4187 ter
1863 4147 2151 4186 structuram
2179 4134 2229 4183 in
2248 4151 2302 4182 rc
2327 4132 2483 4183 inesse
2513 4134 2686 4183 scribe
2719 4135 2792 4182 sic

1764 4224 2102 4281 corrumpunt.
2119 4214 2245 4265 Vide
2263 4215 2389 4266 infra
2406 4218 2474 4277 V,
2495 4222 2585 4275 14,
2616 4214 2703 4280 39.
2727 4215 2791 4262 G.
