3217 4784
1082 407 1866 475 ARGUMENTUM.
2403 412 2540 509 3η

496 541 626 585 tur:
663 526 838 584 modo
868 546 940 583 ne
967 526 1021 584 in
1048 526 1137 585 his
1162 548 1447 586 summum
1483 526 1703 586 bonum
1743 541 2016 607 ponatur,
2053 548 2233 607 quum
2264 530 2321 588 in
2363 536 2546 612 appli-

491 627 716 681 catione
745 624 817 681 ad
850 624 1036 701 prima
1068 637 1274 682 natura
1316 624 1559 682 honesta
1589 628 1742 683 actio
1780 626 2092 702 quaerenda
2132 648 2252 685 nou
2286 629 2391 699 sit,
2441 633 2541 688 sed

492 733 621 798 post
653 722 805 778 illam
837 724 1076 782 oriatur.
1127 725 1265 778 Esse
1301 733 1491 776 tamen
1534 732 1593 776 et
1618 720 1771 778 hanc
1801 722 2113 780 secundum
2151 736 2452 795 naturam,
2485 742 2543 786 et

492 818 658 894 longe
702 818 976 875 intentius
1015 816 1089 874 ad
1131 836 1193 874 se
1236 815 1622 892 expetendam
1672 817 1947 890 invitare,
2000 839 2172 896 quam
2224 822 2540 899 superiora.

489 915 631 973 Inde
658 917 858 992 sequi,
892 914 1011 971 falli
1041 932 1140 970 eos
1165 958 1180 985 ,
1214 912 1315 989 qui
1344 910 1464 968 duo
1491 912 1692 971 ultima
1719 911 1875 977 bona
1912 928 2204 975 statuant:
2236 922 2540 998 superiora

487 1013 640 1069 enim
665 1012 763 1069 illa
786 1011 1002 1069 ducere
1025 1008 1201 1067 modo
1230 1009 1301 1067 ad
1335 1009 1598 1067 ultimum
1625 1009 1843 1069 bonum
1862 1055 1878 1083 ‚
1907 1031 2027 1069 non
2049 1012 2110 1071 id
2138 1015 2327 1093 ipsum
2354 1020 2541 1076 conti—

488 1129 658 1179 nere,
687 1115 718 1178 S
745 1128 811 1164 21
830 1151 847 1179 ,
879 1126 973 1164 αα.
1020 1111 1100 1165 Ut
1131 1118 1322 1165 autem
1360 1107 1557 1165 omnia
1585 1107 1777 1165 officia
1811 1128 1844 1165 a
1879 1108 2079 1184 primis
2119 1125 2340 1171 naturae
2370 1135 2540 1195 repe—

491 1205 663 1262 tenda
705 1205 854 1276 sint,
894 1206 969 1263 ita
1007 1205 1187 1282 ipsam
1219 1225 1453 1282 quoque
1484 1205 1826 1283 sapientiam
1859 1228 1872 1262 :
1915 1205 2018 1262 sed
2059 1206 2209 1265 hanc
2236 1211 2345 1269 illis
2371 1212 2541 1272 nobis

487 1302 766 1360 cariorem
796 1303 916 1360 fieri
935 1346 952 1373 ,
976 1302 1438 1360 commendatam
1458 1301 1534 1359 ab
1559 1302 1760 1360 iisdem
1784 1346 1801 1373 ,
1829 1322 2009 1380 quum
2047 1305 2328 1381 appetitio
2365 1310 2537 1368 animi

487 1398 558 1456 ad
589 1413 805 1457 certam
838 1411 1060 1457 tantum
1092 1400 1227 1457 vitae
1265 1399 1549 1456 rationem
1578 1398 1716 1456 data
1739 1400 1851 1470 sit;
1893 1397 2214 1476 eodemque
2243 1402 2415 1461 modo
2438 1425 2534 1463 ra·

489 1498 599 1568 tio,
635 1510 693 1554 et
717 1497 973 1575 perfecta
1000 1496 1149 1554 ratio
1174 1495 1192 1573 (
1214 1495 1272 1552 in
1304 1514 1421 1571 qua
1453 1495 1718 1552 consistit
1745 1494 2094 1572 sapientia),
2122 1503 2152 1567 S
2180 1499 2377 1555 23-25.

564 1593 805 1672 Egregie
826 1606 1016 1651 autem
1034 1593 1130 1650 illa
1146 1611 1277 1648 cum
1300 1591 1389 1647 his
1414 1590 1591 1648 modo
1618 1591 1819 1667 positis
1844 1592 2166 1649 convenire.
2195 1598 2341 1651 Nam
2357 1613 2534 1670 quum

486 1691 748 1749 ultimum
791 1690 1009 1748 bonum
1047 1689 1155 1759 sit,
1203 1699 1427 1744 naturae
1469 1687 1884 1744 convenienter
1920 1687 2155 1757 vivere3
2212 1693 2536 1750 necessario

482 1788 683 1863 sequi,
724 1798 787 1844 ut
819 1805 1018 1842 omnes
1044 1784 1329 1861 sapientes
1369 1801 1598 1860 semper
1631 1781 1892 1854 feliciter,
1921 1783 2207 1861 pleneque
2246 1784 2536 1845 fortunate

482 1884 694 1939 vivant.
734 1887 800 1939 In
834 1882 946 1938 hoc
976 1894 1198 1949 autem,
1227 1878 1386 1954 quod
1417 1880 1710 1935 honestum
1740 1884 1919 1935 solum
1941 1881 2146 1936 bonum
2171 1880 2279 1952 sit,
2302 1901 2532 1940 omnem

482 1997 596 2035 non
622 1979 810 2036 solum
838 1976 1182 2054 disciplinae,
1211 1975 1310 2033 sed
1336 1976 1508 2034 etiam
1534 1976 1666 2033 vitae
1691 1977 1972 2035 rationem
2001 1979 2323 2049 contineri3
2359 1979 2534 2057 idque

482 2073 614 2130 licet
660 2076 893 2151 copiose
925 2085 1243 2149 ornateque
1271 2073 1466 2130 doceri
1500 2076 1709 2150 possit,
1751 2073 1920 2131 malle
1949 2095 2008 2132 se
2053 2089 2241 2133 tamen
2279 2075 2535 2136 breviter

482 2170 751 2228 conclusa
790 2171 1115 2230 Stoicorum
1164 2171 1345 2247 sequi.
1386 2175 1507 2228 Hos
1546 2184 1738 2227 autem
1779 2172 1860 2227 sic
1891 2175 2278 2250 argumentari
2309 2196 2322 2229 :
2362 2193 2534 2232 omne

481 2268 698 2326 bonum
729 2266 1019 2326 laudabile
1041 2311 1058 2339 ,
1087 2286 1258 2324 omne
1284 2265 1574 2324 laudabile
1596 2310 1611 2336 ‚
1645 2268 1950 2324 honestum
1993 2289 2157 2340 esse;
2191 2290 2314 2327 esse
2358 2271 2533 2347 igitur

482 2386 652 2424 omne
684 2366 902 2424 bonum
922 2410 938 2437 ‚
970 2366 1297 2423 honestum.
1325 2370 1390 2420 In
1419 2363 1532 2421 hoc
1559 2365 1848 2442 posterius
1880 2378 2176 2443 sumptum
2217 2366 2293 2425 ab
2326 2368 2535 2427 adver-

481 2464 642 2521 sariis
669 2463 939 2532 concedi,
983 2482 1101 2519 non
1135 2460 1374 2519 concedi
1404 2461 1563 2538 prius
1585 2503 1600 2527 ,
1637 2479 1808 2517 omne
1836 2460 2053 2519 bonum
2078 2483 2200 2520 esse
2224 2464 2531 2524 laudabile.

479 2559 592 2616 Sed
620 2561 809 2638 primo
837 2578 968 2617 eum
1010 2557 1432 2636 perabsurdum
1462 2576 1613 2627 esse,
1657 2556 1761 2634 qui
1796 2555 2018 2614 bonum
2054 2550 2330 2636 quodque
2351 2604 2367 2632 ‚
2413 2582 2531 2619 non

476 2657 898 2735 expetendum3
926 2655 1348 2734 expetendum,
1379 2674 1494 2712 non
1521 2655 1794 2732 placens;
1827 2656 2058 2732 placens
2079 2700 2096 2728 ,
2126 2676 2243 2715 non
2283 2657 2532 2736 diligen-

477 2754 646 2823 dum,
681 2768 850 2831 atque
896 2753 1031 2811 inde
1070 2752 1434 2831 probandum
1457 2796 1474 2824 ,
1506 2750 1749 2828 judicet.
1792 2757 1922 2809 Jam
1964 2753 2122 2829 quod
2161 2754 2530 2832 probandum

477 2852 586 2921 sit,
622 2850 681 2907 id
714 2849 1043 2920 laudabile3
1092 2848 1382 2907 laudabile
1404 2861 1596 2906 autem
1625 2848 1933 2907 honestum
1958 2872 1971 2905 :
1998 2849 2219 2909 bonum
2243 2871 2383 2928 ergo
2406 2872 2532 2909 esse

479 2947 782 3004 honestum
804 2988 820 3016 ‚
849 2951 880 3016 S
906 2946 999 3013 26,
1027 2965 1121 3018 27.
1158 2946 1383 3004 Deinde
1411 2989 1427 3015 ‚
1464 2947 1698 3003 nonnisi
1729 2945 1802 3003 de
1835 2945 2005 3004 beata
2045 2947 2166 3003 vita
2200 2947 2434 3022 gloriari
2457 2947 2531 3003 li—

477 3064 646 3101 cere:
682 3042 830 3099 hanc
857 3042 1035 3117 igitur
1056 3043 1234 3099 solam
1260 3043 1602 3120 gloriatione
1631 3042 1879 3120 dignam.
1918 3042 1985 3100 Id
2020 3054 2213 3098 autem
2249 3042 2372 3097 fieri
2410 3061 2531 3098 non

476 3159 645 3216 posse
664 3183 680 3213 ,
731 3139 840 3195 nisi
878 3137 1000 3195 haec
1023 3139 1097 3196 sit
1125 3139 1296 3197 etiam
1326 3139 1564 3197 honesta
1590 3162 1602 3196 :
1630 3140 1792 3215 sequi
1821 3156 1992 3215 erg0‚
2026 3137 2327 3194 honestam
2351 3137 2529 3194 vitam

477 3236 736 3296 eamdem
767 3256 888 3295 esse
917 3256 1046 3295 cum
1078 3234 1266 3294 beata.
1302 3241 1381 3295 Ut
1413 3256 1592 3313 porro
1616 3237 1690 3310 ei,
1712 3236 1813 3313 qui
1838 3234 1971 3310 jure
2000 3232 2285 3305 laudetur,
2310 3234 2530 3312 aliquid

476 3338 579 3407 sit,
611 3336 765 3394 unde
793 3335 1003 3393 decore
1032 3347 1091 3392 et
1117 3335 1299 3413 gloria
1327 3333 1704 3412 insigniatur,
1734 3345 1791 3389 et
1818 3344 2129 3408 propterea
2151 3343 2305 3389 recte
2327 3330 2530 3391 beatus

473 3433 591 3493 dici
619 3433 834 3512 possit3
878 3446 1059 3510 utque
1095 3431 1229 3489 inde
1267 3430 1440 3508 hujus
1469 3431 1583 3488 vita
1612 3429 1745 3507 jure
1781 3428 2026 3486 honesta
2058 3428 2173 3486 dici
2205 3442 2529 3488 mereatur:

475 3532 587 3603 ita,
634 3531 680 3587 si
708 3528 882 3586 beata
909 3528 1029 3585 vita
1063 3529 1200 3586 item
1227 3527 1474 3585 honesta
1502 3525 1607 3599 sit,
1649 3525 1956 3584 honestum
1986 3526 2174 3602 ipsum
2204 3525 2393 3585 solum
2416 3526 2526 3585 bo-

475 3647 612 3684 num
638 3623 958 3704 putandum
985 3644 1136 3694 esse,
1161 3628 1192 3695 5
1228 3624 1319 3680 28.
1350 3622 1747 3680 certissimum
1771 3622 1922 3679 enim
1940 3642 2081 3694 esse,
2105 3623 2293 3681 virum
2319 3625 2530 3682 fortem

474 3725 624 3782 effici
650 3742 768 3781 non
793 3741 960 3800 posse
980 3765 997 3793 ,
1024 3723 1126 3799 qui
1155 3720 1414 3779 dolorem
1444 3722 1502 3778 in
1531 3720 1698 3778 malis
1721 3732 1886 3797 putet
1910 3742 1922 3776 ε
1945 3720 2152 3779 sortem
2176 3720 2359 3793 enim,
2381 3740 2531 3798 quae-

475 3839 720 3897 cumque
750 3818 971 3876 homini
1001 3817 1265 3875 accidant
1285 3861 1301 3889 ‚
1343 3816 1641 3895 despicere
1668 3839 1680 3873 :
1703 3810 1857 3874 xnihil
1890 3816 2060 3890 igitur
2087 3816 2242 3875 hunc
2279 3818 2338 3875 in
2367 3817 2530 3875 malis

479 3935 690 3991 ponere
717 3960 733 3988 ,
775 3916 884 3974 nisi
910 3914 1069 3993 quod
1100 3927 1279 3992 turpe
1297 3913 1389 3972 sit.
1421 3915 1572 3972 Hinc
1596 3913 1906 3991 consequi,
1949 3913 2091 3973 nihil
2124 3913 2344 3972 bonum
2375 3934 2529 3981 esse,

480 4011 591 4068 nisi
612 4012 917 4071 honestum
945 4036 957 4069 :
990 4012 1158 4071 beate
1186 4013 1381 4070 vivere
1409 4026 1597 4071 autem
1623 4010 1780 4069 idem
1808 4011 2002 4069 valere
2021 4055 2039 4084 ,
2068 4010 2228 4089 quod
2253 4011 2494 4071 honeste
2512 4053 2530 4080 ,

480 4108 569 4164 vel
602 4128 732 4167 cum
762 4110 972 4170 virtute
998 4153 1012 4179 ,
1041 4112 1267 4181 vivere,
1306 4116 1338 4181 S
1361 4128 1455 4186 29.
