<?xml version="1.0" encoding="UTF-8"?>
<!DOCTYPE html PUBLIC "-//W3C//DTD XHTML 1.0 Transitional//EN"
    "http://www.w3.org/TR/xhtml1/DTD/xhtml1-transitional.dtd">
<html xmlns="http://www.w3.org/1999/xhtml" xml:lang="en" lang="en">
 <head>
  <title>
</title>
<meta http-equiv="Content-Type" content="text/html;charset=utf-8" />
  <meta name='ocr-system' content='tesseract 3.04.00' />
  <meta name='ocr-capabilities' content='ocr_page ocr_carea ocr_par ocr_line ocrx_word'/>
</head>
<body>
  <div class='ocr_page' id='page_1' title='image "./mtciceronisquae00clergoog/mtciceronisquae00clergoog_0081.png"; bbox 0 0 3217 4784; ppageno 0'>
   <div class='ocr_carea' id='block_1_1' title="bbox 890 373 2536 462">
    <p class='ocr_par' dir='ltr' id='par_1_1' title="bbox 890 373 2536 462">
     <span class='ocr_line' id='line_1_1' title="bbox 890 373 2536 462; baseline 0.005 -21"><span class='ocrx_word' id='word_1_1' title='bbox 890 375 1013 442; x_wconf 91' lang='lat' dir='ltr'>DE</span> <span class='ocrx_word' id='word_1_2' title='bbox 1063 373 1238 441; x_wconf 86' lang='lat' dir='ltr'><strong>FIN.</strong></span> <span class='ocrx_word' id='word_1_3' title='bbox 1287 376 1493 443; x_wconf 85' lang='lat' dir='ltr'><strong>BON.</strong></span> <span class='ocrx_word' id='word_1_4' title='bbox 1547 377 1663 443; x_wconf 83' lang='lat' dir='ltr'>ET</span> <span class='ocrx_word' id='word_1_5' title='bbox 1713 378 1926 444; x_wconf 88' lang='lat' dir='ltr'><strong>MAL.</strong></span> <span class='ocrx_word' id='word_1_6' title='bbox 1971 380 2039 462; x_wconf 88' lang='lat'>1,</span> <span class='ocrx_word' id='word_1_7' title='bbox 2085 376 2148 446; x_wconf 89' lang='grc'>8.</span> <span class='ocrx_word' id='word_1_8' title='bbox 2452 384 2536 450; x_wconf 79' lang='lat' dir='ltr'>(it</span> 
     </span>
    </p>
   </div>
   <div class='ocr_carea' id='block_1_2' title="bbox 429 494 2546 2122">
    <p class='ocr_par' dir='ltr' id='par_1_2' title="bbox 432 494 2546 1353">
     <span class='ocr_line' id='line_1_2' title="bbox 433 494 2543 593; baseline 0.004 -30"><span class='ocrx_word' id='word_1_9' title='bbox 433 509 737 591; x_wconf 88' lang='lat' dir='ltr'>sponte,</span> <span class='ocrx_word' id='word_1_10' title='bbox 775 507 848 565; x_wconf 87' lang='lat' dir='ltr'>et</span> <span class='ocrx_word' id='word_1_11' title='bbox 886 517 1013 591; x_wconf 87' lang='lat' dir='ltr'>per</span> <span class='ocrx_word' id='word_1_12' title='bbox 1061 517 1137 565; x_wconf 88' lang='lat' dir='ltr'>se</span> <span class='ocrx_word' id='word_1_13' title='bbox 1183 518 1335 565; x_wconf 83' lang='lat' dir='ltr'>esse</span> <span class='ocrx_word' id='word_1_14' title='bbox 1375 494 1737 590; x_wconf 83' lang='lat' dir='ltr'>jucunda,</span> <span class='ocrx_word' id='word_1_15' title='bbox 1778 519 1910 593; x_wconf 89' lang='lat' dir='ltr'>per</span> <span class='ocrx_word' id='word_1_16' title='bbox 1949 521 2025 568; x_wconf 90' lang='lat' dir='ltr'>se</span> <span class='ocrx_word' id='word_1_17' title='bbox 2062 515 2247 571; x_wconf 87' lang='lat' dir='ltr'>esset</span> <span class='ocrx_word' id='word_1_18' title='bbox 2281 516 2354 572; x_wconf 90' lang='lat' dir='ltr'>et</span> <span class='ocrx_word' id='word_1_19' title='bbox 2405 507 2543 572; x_wconf 84' lang='lat' dir='ltr'>vir-</span> 
     </span>
     <span class='ocr_line' id='line_1_3' title="bbox 438 603 2546 708; baseline 0.005 -36"><span class='ocrx_word' id='word_1_20' title='bbox 438 619 592 688; x_wconf 84' lang='lat' dir='ltr'>tus,</span> <span class='ocrx_word' id='word_1_21' title='bbox 621 618 693 674; x_wconf 85' lang='lat' dir='ltr'>et</span> <span class='ocrx_word' id='word_1_22' title='bbox 723 603 1040 700; x_wconf 86' lang='lat' dir='ltr'>cognitio</span> <span class='ocrx_word' id='word_1_23' title='bbox 1078 627 1321 673; x_wconf 89' lang='lat' dir='ltr'>rerum</span> <span class='ocrx_word' id='word_1_24' title='bbox 1344 659 1365 692; x_wconf 88' lang='lat'>‚</span> <span class='ocrx_word' id='word_1_25' title='bbox 1405 604 1603 701; x_wconf 92' lang='lat' dir='ltr'>quod</span> <span class='ocrx_word' id='word_1_26' title='bbox 1640 606 1934 677; x_wconf 86' lang='lat' dir='ltr'>minime</span> <span class='ocrx_word' id='word_1_27' title='bbox 1971 605 2090 677; x_wconf 92' lang='lat' dir='ltr'>ille</span> <span class='ocrx_word' id='word_1_28' title='bbox 2121 608 2303 694; x_wconf 78' lang='lat' dir='ltr'>vult,</span> <span class='ocrx_word' id='word_1_29' title='bbox 2337 634 2546 708; x_wconf 85' lang='lat' dir='ltr'>expe-</span> 
     </span>
     <span class='ocr_line' id='line_1_4' title="bbox 441 709 2539 813; baseline 0.006 -33"><span class='ocrx_word' id='word_1_30' title='bbox 441 709 675 781; x_wconf 85' lang='lat' dir='ltr'>tenda.</span> <span class='ocrx_word' id='word_1_31' title='bbox 728 716 889 781; x_wconf 83' lang='lat' dir='ltr'>Haec</span> <span class='ocrx_word' id='word_1_32' title='bbox 945 711 1165 808; x_wconf 84' lang='lat' dir='ltr'>igitur</span> <span class='ocrx_word' id='word_1_33' title='bbox 1210 713 1496 808; x_wconf 88' lang='lat' dir='ltr'>Epicuri</span> <span class='ocrx_word' id='word_1_34' title='bbox 1544 738 1692 784; x_wconf 89' lang='lat' dir='ltr'>non</span> <span class='ocrx_word' id='word_1_35' title='bbox 1740 713 2008 812; x_wconf 87' lang='lat' dir='ltr'>probo,</span> <span class='ocrx_word' id='word_1_36' title='bbox 2048 717 2370 813; x_wconf 79' lang='lat' dir='ltr'>inquam.</span> <span class='ocrx_word' id='word_1_37' title='bbox 2430 726 2539 792; x_wconf 89' lang='lat' dir='ltr'>De</span> 
     </span>
     <span class='ocr_line' id='line_1_5' title="bbox 433 818 2542 920; baseline 0.004 -30"><span class='ocrx_word' id='word_1_38' title='bbox 433 835 673 890; x_wconf 86' lang='lat' dir='ltr'>cetero</span> <span class='ocrx_word' id='word_1_39' title='bbox 704 820 959 891; x_wconf 91' lang='lat' dir='ltr'>vellem</span> <span class='ocrx_word' id='word_1_40' title='bbox 1003 818 1376 916; x_wconf 85' lang='lat' dir='ltr'><strong>equidem,</strong></span> <span class='ocrx_word' id='word_1_41' title='bbox 1412 838 1535 894; x_wconf 81' lang='lat' dir='ltr'>aut</span> <span class='ocrx_word' id='word_1_42' title='bbox 1576 825 1729 920; x_wconf 87' lang='lat' dir='ltr'>ipse</span> <span class='ocrx_word' id='word_1_43' title='bbox 1764 821 2109 896; x_wconf 82' lang='lat' dir='ltr'>doctrinis</span> <span class='ocrx_word' id='word_1_44' title='bbox 2144 822 2391 899; x_wconf 85' lang='lat' dir='ltr'>fuisset</span> <span class='ocrx_word' id='word_1_45' title='bbox 2432 831 2542 900; x_wconf 88' lang='lat' dir='ltr'>in-</span> 
     </span>
     <span class='ocr_line' id='line_1_6' title="bbox 433 929 2543 1028; baseline 0.005 -29"><span class='ocrx_word' id='word_1_46' title='bbox 433 930 770 1001; x_wconf 89' lang='lat' dir='ltr'>structior</span> <span class='ocrx_word' id='word_1_47' title='bbox 796 929 823 1024; x_wconf 95' lang='lat'>(</span> <span class='ocrx_word' id='word_1_48' title='bbox 850 943 958 1000; x_wconf 89' lang='lat' dir='ltr'>est</span> <span class='ocrx_word' id='word_1_49' title='bbox 999 931 1192 1001; x_wconf 89' lang='lat' dir='ltr'>enim</span> <span class='ocrx_word' id='word_1_50' title='bbox 1216 986 1236 1016; x_wconf 83' lang='lat'>‚</span> <span class='ocrx_word' id='word_1_51' title='bbox 1280 933 1479 1028; x_wconf 91' lang='lat' dir='ltr'>quod</span> <span class='ocrx_word' id='word_1_52' title='bbox 1505 934 1603 1003; x_wconf 83' lang='lat' dir='ltr'>ita</span> <span class='ocrx_word' id='word_1_53' title='bbox 1637 931 1770 1002; x_wconf 90' lang='lat' dir='ltr'>tibi</span> <span class='ocrx_word' id='word_1_54' title='bbox 1815 932 2039 1004; x_wconf 84' lang='lat' dir='ltr'>videri</span> <span class='ocrx_word' id='word_1_55' title='bbox 2074 960 2360 1008; x_wconf 85' lang='lat' dir='ltr'>necesse</span> <span class='ocrx_word' id='word_1_56' title='bbox 2392 954 2499 1010; x_wconf 89' lang='lat' dir='ltr'>est</span> <span class='ocrx_word' id='word_1_57' title='bbox 2522 994 2543 1024; x_wconf 82' lang='lat'>‚</span> 
     </span>
     <span class='ocr_line' id='line_1_7' title="bbox 435 1039 2540 1138; baseline 0.007 -32"><span class='ocrx_word' id='word_1_58' title='bbox 435 1062 582 1107; x_wconf 86' lang='lat' dir='ltr'>non</span> <span class='ocrx_word' id='word_1_59' title='bbox 621 1040 785 1109; x_wconf 85' lang='lat' dir='ltr'>satis</span> <span class='ocrx_word' id='word_1_60' title='bbox 817 1039 1084 1136; x_wconf 89' lang='lat' dir='ltr'>politus</span> <span class='ocrx_word' id='word_1_61' title='bbox 1113 1041 1201 1111; x_wconf 81' lang='lat' dir='ltr'>iis</span> <span class='ocrx_word' id='word_1_62' title='bbox 1231 1039 1541 1129; x_wconf 81' lang='lat' dir='ltr'>artibus,</span> <span class='ocrx_word' id='word_1_63' title='bbox 1573 1066 1754 1137; x_wconf 82' lang='lat' dir='ltr'>quas</span> <span class='ocrx_word' id='word_1_64' title='bbox 1787 1043 1915 1138; x_wconf 88' lang='lat' dir='ltr'>qui</span> <span class='ocrx_word' id='word_1_65' title='bbox 1954 1057 2244 1133; x_wconf 88' lang='lat' dir='ltr'>tenent,</span> <span class='ocrx_word' id='word_1_66' title='bbox 2282 1047 2540 1120; x_wconf 88' lang='lat' dir='ltr'>eruditi</span> 
     </span>
     <span class='ocr_line' id='line_1_8' title="bbox 432 1148 2544 1251; baseline 0.006 -36"><span class='ocrx_word' id='word_1_67' title='bbox 432 1148 967 1245; x_wconf 78' lang='lat' dir='ltr'>appellantur),</span> <span class='ocrx_word' id='word_1_68' title='bbox 991 1163 1114 1219; x_wconf 83' lang='lat' dir='ltr'>aut</span> <span class='ocrx_word' id='word_1_69' title='bbox 1143 1174 1234 1221; x_wconf 90' lang='lat' dir='ltr'>ne</span> <span class='ocrx_word' id='word_1_70' title='bbox 1252 1149 1712 1222; x_wconf 78' lang='lat' dir='ltr'>deterruisset</span> <span class='ocrx_word' id='word_1_71' title='bbox 1731 1149 1905 1222; x_wconf 84' lang='lat' dir='ltr'>alios</span> <span class='ocrx_word' id='word_1_72' title='bbox 1930 1176 1968 1221; x_wconf 83' lang='lat' dir='ltr'>a</span> <span class='ocrx_word' id='word_1_73' title='bbox 1994 1152 2280 1224; x_wconf 84' lang='lat' dir='ltr'>studiis:</span> <span class='ocrx_word' id='word_1_74' title='bbox 2305 1179 2544 1251; x_wconf 81' lang='lat' dir='ltr'>quam·</span> 
     </span>
     <span class='ocr_line' id='line_1_9' title="bbox 432 1257 2304 1353; baseline 0.004 -28"><span class='ocrx_word' id='word_1_75' title='bbox 432 1280 651 1350; x_wconf 83' lang='lat' dir='ltr'>quam</span> <span class='ocrx_word' id='word_1_76' title='bbox 692 1272 759 1327; x_wconf 87' lang='lat' dir='ltr'>te</span> <span class='ocrx_word' id='word_1_77' title='bbox 785 1257 1076 1353; x_wconf 90' lang='lat' dir='ltr'>quidem</span> <span class='ocrx_word' id='word_1_78' title='bbox 1106 1257 1316 1330; x_wconf 86' lang='lat' dir='ltr'>video</span> <span class='ocrx_word' id='word_1_79' title='bbox 1346 1259 1639 1330; x_wconf 89' lang='lat' dir='ltr'>minime</span> <span class='ocrx_word' id='word_1_80' title='bbox 1670 1282 1823 1330; x_wconf 86' lang='lat' dir='ltr'>esse</span> <span class='ocrx_word' id='word_1_81' title='bbox 1864 1259 2304 1333; x_wconf 86' lang='lat' dir='ltr'>deterritum.</span> 
     </span>
    </p>

    <p class='ocr_par' dir='ltr' id='par_1_3' title="bbox 429 1368 2542 2122">
     <span class='ocr_line' id='line_1_10' title="bbox 529 1368 2541 1470; baseline 0.003 -34"><span class='ocrx_word' id='word_1_82' title='bbox 529 1370 716 1437; x_wconf 87' lang='lat' dir='ltr'>VIlI.</span> <span class='ocrx_word' id='word_1_83' title='bbox 761 1368 933 1456; x_wconf 82' lang='lat' dir='ltr'>Quae</span> <span class='ocrx_word' id='word_1_84' title='bbox 974 1392 1200 1464; x_wconf 89' lang='lat' dir='ltr'>quum</span> <span class='ocrx_word' id='word_1_85' title='bbox 1241 1368 1608 1454; x_wconf 86' lang='lat' dir='ltr'>dixissem,</span> <span class='ocrx_word' id='word_1_86' title='bbox 1644 1370 1869 1466; x_wconf 82' lang='lat' dir='ltr'>magis</span> <span class='ocrx_word' id='word_1_87' title='bbox 1903 1384 1991 1440; x_wconf 90' lang='lat' dir='ltr'>ut</span> <span class='ocrx_word' id='word_1_88' title='bbox 2026 1369 2227 1441; x_wconf 84' lang='lat' dir='ltr'>illurn</span> <span class='ocrx_word' id='word_1_89' title='bbox 2278 1396 2541 1470; x_wconf 87' lang='lat' dir='ltr'>provo·</span> 
     </span>
     <span class='ocr_line' id='line_1_11' title="bbox 432 1478 2540 1575; baseline 0.004 -31"><span class='ocrx_word' id='word_1_90' title='bbox 432 1497 703 1564; x_wconf 83' lang='lat' dir='ltr'>carem,</span> <span class='ocrx_word' id='word_1_91' title='bbox 734 1500 948 1573; x_wconf 83' lang='lat' dir='ltr'>quam</span> <span class='ocrx_word' id='word_1_92' title='bbox 997 1491 1078 1547; x_wconf 92' lang='lat' dir='ltr'>ut</span> <span class='ocrx_word' id='word_1_93' title='bbox 1114 1478 1266 1574; x_wconf 89' lang='lat' dir='ltr'>ipse</span> <span class='ocrx_word' id='word_1_94' title='bbox 1309 1478 1693 1575; x_wconf 84' lang='lat' dir='ltr'>loquerer:</span> <span class='ocrx_word' id='word_1_95' title='bbox 1732 1491 1886 1548; x_wconf 88' lang='lat' dir='ltr'>tum</span> <span class='ocrx_word' id='word_1_96' title='bbox 1937 1480 2247 1551; x_wconf 81' lang='lat' dir='ltr'>Triarius</span> <span class='ocrx_word' id='word_1_97' title='bbox 2287 1479 2540 1553; x_wconf 89' lang='lat' dir='ltr'>leniter</span> 
     </span>
     <span class='ocr_line' id='line_1_12' title="bbox 432 1585 2534 1686; baseline 0.003 -32"><span class='ocrx_word' id='word_1_98' title='bbox 432 1585 782 1667; x_wconf 81' lang='lat' dir='ltr'>arridens,</span> <span class='ocrx_word' id='word_1_99' title='bbox 817 1589 927 1656; x_wconf 90' lang='lat' dir='ltr'>Tu</span> <span class='ocrx_word' id='word_1_100' title='bbox 959 1585 1289 1681; x_wconf 87' lang='lat' dir='ltr'>quidem,</span> <span class='ocrx_word' id='word_1_101' title='bbox 1329 1587 1600 1681; x_wconf 87' lang='lat' dir='ltr'>inquit,</span> <span class='ocrx_word' id='word_1_102' title='bbox 1634 1599 1870 1656; x_wconf 89' lang='lat' dir='ltr'>totum</span> <span class='ocrx_word' id='word_1_103' title='bbox 1906 1587 2294 1681; x_wconf 89' lang='lat' dir='ltr'>Epicurum</span> <span class='ocrx_word' id='word_1_104' title='bbox 2333 1613 2534 1686; x_wconf 83' lang='lat' dir='ltr'>paene</span> 
     </span>
     <span class='ocr_line' id='line_1_13' title="bbox 430 1693 2534 1792; baseline 0.002 -29"><span class='ocrx_word' id='word_1_105' title='bbox 430 1717 470 1763; x_wconf 87' lang='lat' dir='ltr'>e</span> <span class='ocrx_word' id='word_1_106' title='bbox 510 1694 1109 1792; x_wconf 88' lang='lat' dir='ltr'>philosophorum</span> <span class='ocrx_word' id='word_1_107' title='bbox 1159 1693 1384 1764; x_wconf 91' lang='lat' dir='ltr'>choro</span> <span class='ocrx_word' id='word_1_108' title='bbox 1413 1693 1783 1764; x_wconf 83' lang='lat' dir='ltr'>sustulisti.</span> <span class='ocrx_word' id='word_1_109' title='bbox 1826 1693 2017 1783; x_wconf 88' lang='lat' dir='ltr'>Quid</span> <span class='ocrx_word' id='word_1_110' title='bbox 2057 1695 2122 1764; x_wconf 91' lang='lat' dir='ltr'>ei</span> <span class='ocrx_word' id='word_1_111' title='bbox 2151 1694 2534 1792; x_wconf 82' lang='lat' dir='ltr'>reliquisti,</span> 
     </span>
     <span class='ocr_line' id='line_1_14' title="bbox 432 1802 2539 1901; baseline 0 -26"><span class='ocrx_word' id='word_1_112' title='bbox 432 1806 568 1875; x_wconf 90' lang='lat' dir='ltr'>nisi</span> <span class='ocrx_word' id='word_1_113' title='bbox 604 1819 705 1891; x_wconf 87' lang='lat' dir='ltr'>te,</span> <span class='ocrx_word' id='word_1_114' title='bbox 742 1828 1046 1900; x_wconf 90' lang='lat' dir='ltr'>quoquo</span> <span class='ocrx_word' id='word_1_115' title='bbox 1084 1802 1302 1874; x_wconf 90' lang='lat' dir='ltr'>modo</span> <span class='ocrx_word' id='word_1_116' title='bbox 1348 1802 1843 1899; x_wconf 85' lang='lat' dir='ltr'>loqueretur¹‚</span> <span class='ocrx_word' id='word_1_117' title='bbox 1883 1802 2279 1900; x_wconf 85' lang='lat' dir='ltr'>intelligere</span> <span class='ocrx_word' id='word_1_118' title='bbox 2304 1859 2324 1892; x_wconf 90' lang='lat'>‚</span> <span class='ocrx_word' id='word_1_119' title='bbox 2361 1806 2539 1901; x_wconf 91' lang='lat' dir='ltr'>quid</span> 
     </span>
     <span class='ocr_line' id='line_1_15' title="bbox 429 1910 2542 2011; baseline 0.001 -28"><span class='ocrx_word' id='word_1_120' title='bbox 429 1913 751 1984; x_wconf 80' lang='lat' dir='ltr'>diceret?</span> <span class='ocrx_word' id='word_1_121' title='bbox 795 1913 1044 1983; x_wconf 84' lang='lat' dir='ltr'>Aliena</span> <span class='ocrx_word' id='word_1_122' title='bbox 1078 1911 1256 1982; x_wconf 85' lang='lat' dir='ltr'>dixit</span> <span class='ocrx_word' id='word_1_123' title='bbox 1295 1914 1370 1982; x_wconf 90' lang='lat' dir='ltr'>in</span> <span class='ocrx_word' id='word_1_124' title='bbox 1411 1911 1726 2011; x_wconf 85' lang='lat' dir='ltr'>physicis</span> <span class='ocrx_word' id='word_1_125' title='bbox 1749 1922 1805 2000; x_wconf 77' lang='lat'>²,</span> <span class='ocrx_word' id='word_1_126' title='bbox 1833 1936 1965 1983; x_wconf 89' lang='lat' dir='ltr'>nec</span> <span class='ocrx_word' id='word_1_127' title='bbox 2015 1935 2098 1983; x_wconf 84' lang='lat' dir='ltr'>ea</span> <span class='ocrx_word' id='word_1_128' title='bbox 2145 1910 2328 2010; x_wconf 83' lang='lat' dir='ltr'>ipsa,</span> <span class='ocrx_word' id='word_1_129' title='bbox 2382 1934 2542 2011; x_wconf 81' lang='lat' dir='ltr'>quae</span> 
     </span>
     <span class='ocr_line' id='line_1_16' title="bbox 432 2019 2541 2122; baseline 0.003 -32"><span class='ocrx_word' id='word_1_130' title='bbox 432 2021 557 2091; x_wconf 89' lang='lat' dir='ltr'>tibi</span> <span class='ocrx_word' id='word_1_131' title='bbox 601 2020 1102 2118; x_wconf 85' lang='lat' dir='ltr'>probarentur.</span> <span class='ocrx_word' id='word_1_132' title='bbox 1133 2026 1203 2094; x_wconf 93' lang='lat' dir='ltr'>Si</span> <span class='ocrx_word' id='word_1_133' title='bbox 1238 2019 1428 2122; x_wconf 72' lang='lat' dir='ltr'>qua-²⁸</span> <span class='ocrx_word' id='word_1_134' title='bbox 1468 2026 1542 2092; x_wconf 92' lang='lat' dir='ltr'>in</span> <span class='ocrx_word' id='word_1_135' title='bbox 1575 2021 1689 2094; x_wconf 91' lang='lat' dir='ltr'>his</span> <span class='ocrx_word' id='word_1_136' title='bbox 1719 2024 2078 2119; x_wconf 85' lang='lat' dir='ltr'>corrigere</span> <span class='ocrx_word' id='word_1_137' title='bbox 2108 2023 2335 2094; x_wconf 87' lang='lat' dir='ltr'>voluit</span> <span class='ocrx_word' id='word_1_138' title='bbox 2357 2076 2377 2113; x_wconf 90' lang='lat'>,</span> <span class='ocrx_word' id='word_1_139' title='bbox 2422 2026 2541 2097; x_wconf 88' lang='lat' dir='ltr'>de·</span> 
     </span>
    </p>
   </div>
   <div class='ocr_carea' id='block_1_3' title="bbox 430 2193 2544 2343">
    <p class='ocr_par' dir='ltr' id='par_1_4' title="bbox 430 2193 2544 2343">
     <span class='ocr_line' id='line_1_17' title="bbox 498 2193 2544 2266; baseline 0 -19"><span class='ocrx_word' id='word_1_140' title='bbox 498 2201 636 2249; x_wconf 81' lang='lat' dir='ltr'>vm.</span> <span class='ocrx_word' id='word_1_141' title='bbox 671 2216 719 2249; x_wconf 83' lang='lat'>1.</span> <span class='ocrx_word' id='word_1_142' title='bbox 753 2202 957 2264; x_wconf 76' lang='lat' dir='ltr'>Quoquo</span> <span class='ocrx_word' id='word_1_143' title='bbox 985 2201 1129 2248; x_wconf 75' lang='lat' dir='ltr'>modo</span> <span class='ocrx_word' id='word_1_144' title='bbox 1156 2203 1444 2266; x_wconf 76' lang='lat' dir='ltr'>loqueretur.</span> <span class='ocrx_word' id='word_1_145' title='bbox 1534 2193 1648 2241; x_wconf 59' lang='lat'>⁶0¹0</span> <span class='ocrx_word' id='word_1_146' title='bbox 1695 2194 1786 2242; x_wconf 54' lang='lat' dir='ltr'>¹⁸ss</span> <span class='ocrx_word' id='word_1_147' title='bbox 1828 2193 2014 2243; x_wconf 61' lang='lat' dir='ltr'>titione</span> <span class='ocrx_word' id='word_1_148' title='bbox 2048 2194 2232 2258; x_wconf 64' lang='lat' dir='ltr'>qutvss</span> <span class='ocrx_word' id='word_1_149' title='bbox 2276 2195 2544 2246; x_wconf 67' lang='lat' dir='ltr'>fletibtmm</span> 
     </span>
     <span class='ocr_line' id='line_1_18' title="bbox 430 2270 2544 2343; baseline 0 -18"><span class='ocrx_word' id='word_1_150' title='bbox 430 2281 503 2326; x_wconf 77' lang='lat' dir='ltr'>lu</span> <span class='ocrx_word' id='word_1_151' title='bbox 526 2279 628 2326; x_wconf 80' lang='lat' dir='ltr'>Eri.</span> <span class='ocrx_word' id='word_1_152' title='bbox 650 2289 699 2326; x_wconf 89' lang='lat' dir='ltr'>et</span> <span class='ocrx_word' id='word_1_153' title='bbox 723 2278 854 2343; x_wconf 84' lang='lat' dir='ltr'>Spir.</span> <span class='ocrx_word' id='word_1_154' title='bbox 877 2280 1008 2328; x_wconf 77' lang='lat' dir='ltr'>Crat.</span> <span class='ocrx_word' id='word_1_155' title='bbox 1034 2280 1179 2326; x_wconf 75' lang='lat' dir='ltr'>etism</span> <span class='ocrx_word' id='word_1_156' title='bbox 1205 2279 1270 2326; x_wconf 75' lang='lat' dir='ltr'>sd</span> <span class='ocrx_word' id='word_1_157' title='bbox 1294 2294 1443 2342; x_wconf 69' lang='lat' dir='ltr'>marg.</span> <span class='ocrx_word' id='word_1_158' title='bbox 1532 2270 1587 2318; x_wconf 66' lang='lat'>5¹¹</span> <span class='ocrx_word' id='word_1_159' title='bbox 1614 2272 1868 2320; x_wconf 64' lang='lat' dir='ltr'>Verborum</span> <span class='ocrx_word' id='word_1_160' title='bbox 1886 2272 2187 2336; x_wconf 53' lang='lat' dir='ltr'>temporib&amp;</span> <span class='ocrx_word' id='word_1_161' title='bbox 2207 2273 2322 2322; x_wconf 67' lang='lat' dir='ltr'>vitia</span> <span class='ocrx_word' id='word_1_162' title='bbox 2347 2275 2544 2324; x_wconf 76' lang='lat' dir='ltr'>defendi</span> 
     </span>
    </p>
   </div>
   <div class='ocr_carea' id='block_1_4' title="bbox 430 2350 2544 2416">
    <p class='ocr_par' dir='ltr' id='par_1_5' title="bbox 430 2350 2544 2416">
     <span class='ocr_line' id='line_1_19' title="bbox 430 2350 2544 2416; baseline -0.001 -11"><span class='ocrx_word' id='word_1_163' title='bbox 430 2367 485 2405; x_wconf 89' lang='lat' dir='ltr'>ut</span> <span class='ocrx_word' id='word_1_164' title='bbox 527 2357 673 2406; x_wconf 88' lang='lat' dir='ltr'>Grut.</span> <span class='ocrx_word' id='word_1_165' title='bbox 726 2372 789 2403; x_wconf 80' lang='lat' dir='ltr'>ex</span> <span class='ocrx_word' id='word_1_166' title='bbox 839 2355 945 2404; x_wconf 76' lang='lat' dir='ltr'>Pal.</span> <span class='ocrx_word' id='word_1_167' title='bbox 994 2372 1050 2415; x_wconf 84' lang='lat' dir='ltr'>r,</span> <span class='ocrx_word' id='word_1_168' title='bbox 1080 2366 1129 2404; x_wconf 87' lang='lat' dir='ltr'>et</span> <span class='ocrx_word' id='word_1_169' title='bbox 1172 2357 1340 2406; x_wconf 66' lang='lat' dir='ltr'>Daris.</span> <span class='ocrx_word' id='word_1_170' title='bbox 1384 2373 1446 2405; x_wconf 82' lang='lat' dir='ltr'>ex</span> <span class='ocrx_word' id='word_1_171' title='bbox 1533 2357 1581 2395; x_wconf 65' lang='lat'>01</span> <span class='ocrx_word' id='word_1_172' title='bbox 1622 2363 1793 2411; x_wconf 64' lang='grc' dir='ltr'>Ρῠδῦθ,</span> <span class='ocrx_word' id='word_1_173' title='bbox 1836 2359 1886 2397; x_wconf 73' lang='grc' dir='ltr'>θῑ</span> <span class='ocrx_word' id='word_1_174' title='bbox 1921 2350 2045 2400; x_wconf 63' lang='lat' dir='ltr'>&amp;deo</span> <span class='ocrx_word' id='word_1_175' title='bbox 2084 2351 2277 2402; x_wconf 73' lang='lat' dir='ltr'>debere·</span> <span class='ocrx_word' id='word_1_176' title='bbox 2316 2353 2466 2416; x_wconf 85' lang='lat' dir='ltr'>Quod</span> <span class='ocrx_word' id='word_1_177' title='bbox 2501 2354 2544 2402; x_wconf 80' lang='lat' dir='ltr'>si</span> 
     </span>
    </p>
   </div>
   <div class='ocr_carea' id='block_1_5' title="bbox 362 2434 1451 4144">
    <p class='ocr_par' dir='ltr' id='par_1_6' title="bbox 362 2434 1445 3281">
     <span class='ocr_line' id='line_1_20' title="bbox 362 2434 1445 2503; baseline 0.001 -20"><span class='ocrx_word' id='word_1_178' title='bbox 362 2492 369 2503; x_wconf 40' lang='lat'>¹</span> <span class='ocrx_word' id='word_1_179' title='bbox 429 2434 607 2484; x_wconf 84' lang='lat' dir='ltr'>Elieus.</span> <span class='ocrx_word' id='word_1_180' title='bbox 631 2451 659 2482; x_wconf 64' lang='grc' dir='ltr'>α</span> <span class='ocrx_word' id='word_1_181' title='bbox 676 2469 692 2493; x_wconf 90' lang='grc'><em>,</em></span> <span class='ocrx_word' id='word_1_182' title='bbox 720 2434 992 2483; x_wconf 88' lang='lat' dir='ltr'>ediderunt.</span> <span class='ocrx_word' id='word_1_183' title='bbox 1022 2434 1219 2498; x_wconf 78' lang='lat' dir='ltr'>Reliqui</span> <span class='ocrx_word' id='word_1_184' title='bbox 1238 2436 1331 2483; x_wconf 92' lang='lat' dir='ltr'>mei</span> <span class='ocrx_word' id='word_1_185' title='bbox 1351 2470 1367 2493; x_wconf 84' lang='lat'><strong>,</strong></span> <span class='ocrx_word' id='word_1_186' title='bbox 1390 2446 1445 2484; x_wconf 84' lang='lat' dir='ltr'>ut</span> 
     </span>
     <span class='ocr_line' id='line_1_21' title="bbox 426 2513 1441 2578; baseline 0.002 -18"><span class='ocrx_word' id='word_1_187' title='bbox 426 2513 597 2578; x_wconf 85' lang='lat' dir='ltr'>scripti</span> <span class='ocrx_word' id='word_1_188' title='bbox 619 2514 717 2561; x_wconf 78' lang='lat' dir='ltr'>fere</span> <span class='ocrx_word' id='word_1_189' title='bbox 733 2528 915 2566; x_wconf 85' lang='lat' dir='ltr'>omnes,</span> <span class='ocrx_word' id='word_1_190' title='bbox 939 2528 1161 2578; x_wconf 74' lang='lat' dir='ltr'>quoquo,</span> <span class='ocrx_word' id='word_1_191' title='bbox 1183 2513 1260 2561; x_wconf 86' lang='lat' dir='ltr'>vel</span> <span class='ocrx_word' id='word_1_192' title='bbox 1278 2530 1441 2577; x_wconf 74' lang='lat' dir='ltr'>«qno-</span> 
     </span>
     <span class='ocr_line' id='line_1_22' title="bbox 426 2588 1445 2654; baseline 0.002 -16"><span class='ocrx_word' id='word_1_193' title='bbox 426 2606 554 2654; x_wconf 87' lang='lat' dir='ltr'>que,</span> <span class='ocrx_word' id='word_1_194' title='bbox 583 2601 636 2638; x_wconf 89' lang='lat' dir='ltr'>ut</span> <span class='ocrx_word' id='word_1_195' title='bbox 682 2590 733 2637; x_wconf 86' lang='lat' dir='ltr'>id</span> <span class='ocrx_word' id='word_1_196' title='bbox 773 2591 920 2638; x_wconf 88' lang='lat' dir='ltr'>modo</span> <span class='ocrx_word' id='word_1_197' title='bbox 960 2588 993 2639; x_wconf 88' lang='lat' dir='ltr'>l.</span> <span class='ocrx_word' id='word_1_198' title='bbox 1016 2611 1041 2631; x_wconf 77' lang='grc' dir='ltr'>ι·</span> <span class='ocrx_word' id='word_1_199' title='bbox 1071 2589 1215 2638; x_wconf 80' lang='lat' dir='ltr'>Unde</span> <span class='ocrx_word' id='word_1_200' title='bbox 1251 2591 1445 2641; x_wconf 77' lang='lat' dir='ltr'>addidit</span> 
     </span>
     <span class='ocr_line' id='line_1_23' title="bbox 430 2669 1443 2733; baseline 0 -16"><span class='ocrx_word' id='word_1_201' title='bbox 430 2669 584 2717; x_wconf 85' lang='lat' dir='ltr'>Bremi</span> <span class='ocrx_word' id='word_1_202' title='bbox 606 2669 686 2730; x_wconf 76' lang='lat' dir='ltr'>id,</span> <span class='ocrx_word' id='word_1_203' title='bbox 725 2669 809 2716; x_wconf 81' lang='lat' dir='ltr'>sed</span> <span class='ocrx_word' id='word_1_204' title='bbox 829 2671 969 2716; x_wconf 74' lang='lat' dir='ltr'>unds</span> <span class='ocrx_word' id='word_1_205' title='bbox 988 2670 1250 2716; x_wconf 82' lang='lat' dir='ltr'>coercitum</span> <span class='ocrx_word' id='word_1_206' title='bbox 1266 2702 1281 2727; x_wconf 88' lang='lat'>,</span> <span class='ocrx_word' id='word_1_207' title='bbox 1306 2669 1443 2733; x_wconf 85' lang='lat' dir='ltr'>quod</span> 
     </span>
     <span class='ocr_line' id='line_1_24' title="bbox 428 2746 1442 2811; baseline 0.003 -18"><span class='ocrx_word' id='word_1_208' title='bbox 428 2746 587 2794; x_wconf 86' lang='lat' dir='ltr'>delere</span> <span class='ocrx_word' id='word_1_209' title='bbox 615 2748 775 2796; x_wconf 85' lang='lat' dir='ltr'>noluit</span> <span class='ocrx_word' id='word_1_210' title='bbox 791 2784 807 2809; x_wconf 87' lang='lat'><strong>,</strong></span> <span class='ocrx_word' id='word_1_211' title='bbox 838 2763 988 2809; x_wconf 86' lang='lat' dir='ltr'>quum</span> <span class='ocrx_word' id='word_1_212' title='bbox 1012 2747 1150 2811; x_wconf 82' lang='lat' dir='ltr'>qum&#39;</span> <span class='ocrx_word' id='word_1_213' title='bbox 1172 2747 1365 2811; x_wconf 80' lang='lat' dir='ltr'>aliquid</span> <span class='ocrx_word' id='word_1_214' title='bbox 1380 2764 1442 2796; x_wconf 82' lang='lat' dir='ltr'>ex</span> 
     </span>
     <span class='ocr_line' id='line_1_25' title="bbox 426 2826 1438 2876; baseline 0.001 -1"><span class='ocrx_word' id='word_1_215' title='bbox 426 2827 677 2876; x_wconf 77' lang='lat' dir='ltr'>Ciceronis</span> <span class='ocrx_word' id='word_1_216' title='bbox 694 2844 781 2875; x_wconf 90' lang='lat' dir='ltr'>usu</span> <span class='ocrx_word' id='word_1_217' title='bbox 802 2836 945 2874; x_wconf 86' lang='lat' dir='ltr'>esset.</span> <span class='ocrx_word' id='word_1_218' title='bbox 970 2826 1066 2873; x_wconf 89' lang='lat' dir='ltr'>Sed</span> <span class='ocrx_word' id='word_1_219' title='bbox 1092 2827 1266 2875; x_wconf 80' lang='lat' dir='ltr'>vellem</span> <span class='ocrx_word' id='word_1_220' title='bbox 1284 2831 1346 2875; x_wconf 82' lang='lat' dir='ltr'>V.</span> <span class='ocrx_word' id='word_1_221' title='bbox 1372 2831 1438 2876; x_wconf 91' lang='lat' dir='ltr'>D.</span> 
     </span>
     <span class='ocr_line' id='line_1_26' title="bbox 428 2903 1440 2968; baseline 0 -15"><span class='ocrx_word' id='word_1_222' title='bbox 428 2903 1010 2968; x_wconf 79' lang='lat' dir='ltr'>ostendisset,quomodo</span> <span class='ocrx_word' id='word_1_223' title='bbox 1047 2920 1195 2967; x_wconf 88' lang='lat' dir='ltr'>pron.</span> <span class='ocrx_word' id='word_1_224' title='bbox 1236 2905 1299 2953; x_wconf 73' lang='lat' dir='ltr'>sd</span> <span class='ocrx_word' id='word_1_225' title='bbox 1335 2905 1440 2954; x_wconf 67' lang='lat' dir='ltr'>hnc</span> 
     </span>
     <span class='ocr_line' id='line_1_27' title="bbox 426 2982 1438 3042; baseline 0.002 -11"><span class='ocrx_word' id='word_1_226' title='bbox 426 2994 655 3031; x_wconf 72' lang='lat' dir='ltr'>contexta</span> <span class='ocrx_word' id='word_1_227' title='bbox 686 2985 778 3030; x_wconf 87' lang='lat' dir='ltr'>rite</span> <span class='ocrx_word' id='word_1_228' title='bbox 796 2982 1076 3028; x_wconf 77' lang='lat' dir='ltr'>conveniret</span> <span class='ocrx_word' id='word_1_229' title='bbox 1113 2996 1129 3030; x_wconf 74' lang='grc' dir='ltr'><strong><em>ε</em></strong></span> <span class='ocrx_word' id='word_1_230' title='bbox 1158 2998 1247 3031; x_wconf 81' lang='lat' dir='ltr'>nos</span> <span class='ocrx_word' id='word_1_231' title='bbox 1277 2995 1438 3042; x_wconf 75' lang='lat' dir='ltr'>certe,</span> 
     </span>
     <span class='ocr_line' id='line_1_28' title="bbox 426 3060 1440 3127; baseline 0.001 -18"><span class='ocrx_word' id='word_1_232' title='bbox 426 3063 541 3111; x_wconf 83' lang='lat' dir='ltr'>lieet</span> <span class='ocrx_word' id='word_1_233' title='bbox 568 3078 657 3110; x_wconf 78' lang='lat' dir='ltr'>nos</span> <span class='ocrx_word' id='word_1_234' title='bbox 690 3060 940 3110; x_wconf 83' lang='lat' dir='ltr'>Ciceronis</span> <span class='ocrx_word' id='word_1_235' title='bbox 977 3074 1086 3107; x_wconf 87' lang='lat' dir='ltr'>mos</span> <span class='ocrx_word' id='word_1_236' title='bbox 1116 3072 1285 3109; x_wconf 73' lang='lat' dir='ltr'>neutra</span> <span class='ocrx_word' id='word_1_237' title='bbox 1323 3078 1440 3127; x_wconf 89' lang='lat' dir='ltr'>pro-</span> 
     </span>
     <span class='ocr_line' id='line_1_29' title="bbox 426 3137 1437 3205; baseline -0.001 -16"><span class='ocrx_word' id='word_1_238' title='bbox 426 3141 677 3190; x_wconf 77' lang='lat' dir='ltr'>nominum</span> <span class='ocrx_word' id='word_1_239' title='bbox 696 3141 864 3203; x_wconf 71' lang='lat' dir='ltr'>vngius</span> <span class='ocrx_word' id='word_1_240' title='bbox 880 3137 1096 3202; x_wconf 80' lang='lat' dir='ltr'>ponendi</span> <span class='ocrx_word' id='word_1_241' title='bbox 1116 3154 1218 3186; x_wconf 89' lang='lat' dir='ltr'>non</span> <span class='ocrx_word' id='word_1_242' title='bbox 1255 3141 1407 3205; x_wconf 72' lang='lat' dir='ltr'>fugiat</span> <span class='ocrx_word' id='word_1_243' title='bbox 1422 3174 1437 3199; x_wconf 93' lang='lat'>,</span> 
     </span>
     <span class='ocr_line' id='line_1_30' title="bbox 428 3218 1247 3281; baseline 0 -15"><span class='ocrx_word' id='word_1_244' title='bbox 428 3219 548 3267; x_wconf 84' lang='lat' dir='ltr'>nibil</span> <span class='ocrx_word' id='word_1_245' title='bbox 576 3235 636 3267; x_wconf 92' lang='lat' dir='ltr'>eo</span> <span class='ocrx_word' id='word_1_246' title='bbox 649 3218 862 3279; x_wconf 83' lang='lat' dir='ltr'>jejunius</span> <span class='ocrx_word' id='word_1_247' title='bbox 885 3218 1163 3281; x_wconf 88' lang='lat' dir='ltr'>reperimus.</span> <span class='ocrx_word' id='word_1_248' title='bbox 1183 3218 1247 3267; x_wconf 84' lang='lat' dir='ltr'>G.</span> 
     </span>
    </p>

    <p class='ocr_par' dir='ltr' id='par_1_7' title="bbox 419 3293 1451 4144">
     <span class='ocr_line' id='line_1_31' title="bbox 499 3293 1442 3358; baseline -0.003 -13"><span class='ocrx_word' id='word_1_249' title='bbox 499 3312 550 3346; x_wconf 63' lang='grc' dir='ltr'>α.</span> <span class='ocrx_word' id='word_1_250' title='bbox 581 3296 765 3346; x_wconf 80' lang='lat' dir='ltr'>Aliena</span> <span class='ocrx_word' id='word_1_251' title='bbox 804 3294 937 3343; x_wconf 71' lang='lat' dir='ltr'>dia-ie</span> <span class='ocrx_word' id='word_1_252' title='bbox 956 3294 1008 3342; x_wconf 77' lang='lat' dir='ltr'>in</span> <span class='ocrx_word' id='word_1_253' title='bbox 1029 3294 1258 3358; x_wconf 47' lang='lat' dir='ltr'>physicis.</span> <span class='ocrx_word' id='word_1_254' title='bbox 1296 3293 1442 3343; x_wconf 66' lang='lat' dir='ltr'>Dia-22</span> 
     </span>
     <span class='ocr_line' id='line_1_32' title="bbox 425 3374 1440 3439; baseline -0.001 -16"><span class='ocrx_word' id='word_1_255' title='bbox 425 3377 578 3424; x_wconf 88' lang='lat' dir='ltr'>estin</span> <span class='ocrx_word' id='word_1_256' title='bbox 604 3375 706 3424; x_wconf 83' lang='lat' dir='ltr'>Erl.</span> <span class='ocrx_word' id='word_1_257' title='bbox 736 3375 864 3439; x_wconf 82' lang='lat' dir='ltr'>Spir.</span> <span class='ocrx_word' id='word_1_258' title='bbox 906 3384 955 3422; x_wconf 88' lang='lat' dir='ltr'>et</span> <span class='ocrx_word' id='word_1_259' title='bbox 996 3375 1109 3422; x_wconf 65' lang='lat' dir='ltr'>Bes.</span> <span class='ocrx_word' id='word_1_260' title='bbox 1161 3383 1216 3422; x_wconf 89' lang='lat' dir='ltr'>ut</span> <span class='ocrx_word' id='word_1_261' title='bbox 1258 3374 1311 3421; x_wconf 88' lang='lat' dir='ltr'>iu</span> <span class='ocrx_word' id='word_1_262' title='bbox 1337 3374 1440 3422; x_wconf 77' lang='lat' dir='ltr'>aliis</span> 
     </span>
     <span class='ocr_line' id='line_1_33' title="bbox 424 3451 1440 3517; baseline 0.001 -17"><span class='ocrx_word' id='word_1_263' title='bbox 424 3470 451 3500; x_wconf 77' lang='lat' dir='ltr'>s</span> <span class='ocrx_word' id='word_1_264' title='bbox 462 3454 668 3514; x_wconf 88' lang='lat' dir='ltr'>liorum,</span> <span class='ocrx_word' id='word_1_265' title='bbox 695 3453 845 3517; x_wconf 89' lang='lat' dir='ltr'>idque</span> <span class='ocrx_word' id='word_1_266' title='bbox 861 3454 979 3500; x_wconf 77' lang='lat' dir='ltr'>Ern-</span> <span class='ocrx_word' id='word_1_267' title='bbox 998 3453 1110 3501; x_wconf 89' lang='lat' dir='ltr'>loco</span> <span class='ocrx_word' id='word_1_268' title='bbox 1127 3452 1305 3517; x_wconf 72' lang='lat' dir='ltr'>vulgati</span> <span class='ocrx_word' id='word_1_269' title='bbox 1321 3451 1440 3501; x_wconf 72' lang='grc' dir='ltr'>ᾰίσίε</span> 
     </span>
     <span class='ocr_line' id='line_1_34' title="bbox 425 3532 1442 3595; baseline 0 -16"><span class='ocrx_word' id='word_1_270' title='bbox 425 3548 542 3580; x_wconf 81' lang='lat' dir='ltr'>curn</span> <span class='ocrx_word' id='word_1_271' title='bbox 568 3535 714 3581; x_wconf 88' lang='lat' dir='ltr'>Grut.</span> <span class='ocrx_word' id='word_1_272' title='bbox 745 3547 765 3578; x_wconf 83' lang='grc' dir='ltr'><strong><em>ι</em></strong></span> <span class='ocrx_word' id='word_1_273' title='bbox 805 3565 822 3592; x_wconf 88' lang='grc'><em>,</em></span> <span class='ocrx_word' id='word_1_274' title='bbox 849 3542 897 3579; x_wconf 87' lang='lat' dir='ltr'>et</span> <span class='ocrx_word' id='word_1_275' title='bbox 923 3532 1085 3580; x_wconf 72' lang='lat' dir='ltr'>navis.</span> <span class='ocrx_word' id='word_1_276' title='bbox 1123 3533 1328 3595; x_wconf 88' lang='lat' dir='ltr'>recepit.</span> <span class='ocrx_word' id='word_1_277' title='bbox 1374 3533 1442 3579; x_wconf 72' lang='lat' dir='ltr'>At</span> 
     </span>
     <span class='ocr_line' id='line_1_35' title="bbox 426 3606 1443 3675; baseline 0 -16"><span class='ocrx_word' id='word_1_278' title='bbox 426 3613 634 3675; x_wconf 74' lang='lat' dir='ltr'>insurgit</span> <span class='ocrx_word' id='word_1_279' title='bbox 670 3622 838 3659; x_wconf 72' lang='lat' dir='ltr'>contre</span> <span class='ocrx_word' id='word_1_280' title='bbox 867 3611 958 3658; x_wconf 82' lang='lat' dir='ltr'>hos</span> <span class='ocrx_word' id='word_1_281' title='bbox 1000 3606 1162 3659; x_wconf 85' lang='lat' dir='ltr'>Bremi</span> <span class='ocrx_word' id='word_1_282' title='bbox 1181 3646 1197 3673; x_wconf 84' lang='lat'>‚</span> <span class='ocrx_word' id='word_1_283' title='bbox 1239 3610 1443 3673; x_wconf 73' lang='lat' dir='ltr'>vulgntae</span> 
     </span>
     <span class='ocr_line' id='line_1_36' title="bbox 428 3687 1441 3754; baseline -0.002 -16"><span class='ocrx_word' id='word_1_284' title='bbox 428 3701 688 3754; x_wconf 74' lang='lat' dir='ltr'>patronus,</span> <span class='ocrx_word' id='word_1_285' title='bbox 711 3689 1041 3752; x_wconf 78' lang='lat' dir='ltr'>exemplorum</span> <span class='ocrx_word' id='word_1_286' title='bbox 1059 3687 1217 3749; x_wconf 85' lang='lat' dir='ltr'>nube,</span> <span class='ocrx_word' id='word_1_287' title='bbox 1240 3688 1441 3752; x_wconf 84' lang='lat' dir='ltr'>quibus,</span> 
     </span>
     <span class='ocr_line' id='line_1_37' title="bbox 419 3767 1441 3833; baseline -0.002 -17"><span class='ocrx_word' id='word_1_288' title='bbox 419 3770 601 3830; x_wconf 70' lang='lat' dir='ltr'>justam</span> <span class='ocrx_word' id='word_1_289' title='bbox 628 3780 899 3833; x_wconf 83' lang='lat' dir='ltr'>temporum</span> <span class='ocrx_word' id='word_1_290' title='bbox 927 3767 1163 3816; x_wconf 73' lang='lat' dir='ltr'>rationem</span> <span class='ocrx_word' id='word_1_291' title='bbox 1201 3783 1302 3815; x_wconf 88' lang='lat' dir='ltr'>non</span> <span class='ocrx_word' id='word_1_292' title='bbox 1326 3767 1441 3815; x_wconf 87' lang='lat' dir='ltr'>ubi-</span> 
     </span>
     <span class='ocr_line' id='line_1_38' title="bbox 424 3844 1443 3910; baseline -0.001 -16"><span class='ocrx_word' id='word_1_293' title='bbox 424 3863 521 3909; x_wconf 86' lang='lat' dir='ltr'>que</span> <span class='ocrx_word' id='word_1_294' title='bbox 549 3848 727 3895; x_wconf 79' lang='lat' dir='ltr'>serm-i</span> <span class='ocrx_word' id='word_1_295' title='bbox 749 3880 764 3905; x_wconf 88' lang='lat'><strong>‚</strong></span> <span class='ocrx_word' id='word_1_296' title='bbox 799 3845 992 3910; x_wconf 84' lang='lat' dir='ltr'>probet.</span> <span class='ocrx_word' id='word_1_297' title='bbox 1017 3844 1283 3909; x_wconf 68' lang='lat' dir='ltr'>Multipln</span> <span class='ocrx_word' id='word_1_298' title='bbox 1305 3845 1368 3893; x_wconf 78' lang='lat' dir='ltr'>ed</span> <span class='ocrx_word' id='word_1_299' title='bbox 1388 3862 1443 3893; x_wconf 69' lang='lat' dir='ltr'>ea</span> 
     </span>
     <span class='ocr_line' id='line_1_39' title="bbox 428 3923 1446 3988; baseline -0.001 -15"><span class='ocrx_word' id='word_1_300' title='bbox 428 3926 690 3987; x_wconf 80' lang='lat' dir='ltr'>requiritur</span> <span class='ocrx_word' id='word_1_301' title='bbox 710 3924 960 3987; x_wconf 71' lang='lat' dir='ltr'>responsio</span> <span class='ocrx_word' id='word_1_302' title='bbox 978 3957 994 3981; x_wconf 87' lang='lat'>,</span> <span class='ocrx_word' id='word_1_303' title='bbox 1029 3939 1140 3988; x_wconf 66' lang='lat' dir='ltr'>que</span> <span class='ocrx_word' id='word_1_304' title='bbox 1163 3923 1334 3972; x_wconf 69' lang='lat' dir='ltr'>berum</span> <span class='ocrx_word' id='word_1_305' title='bbox 1357 3923 1446 3972; x_wconf 77' lang='lat' dir='ltr'>sd-</span> 
     </span>
     <span class='ocr_line' id='line_1_40' title="bbox 430 4002 1445 4052; baseline 0.003 -3"><span class='ocrx_word' id='word_1_306' title='bbox 430 4004 735 4052; x_wconf 71' lang='lat' dir='ltr'>notntionum</span> <span class='ocrx_word' id='word_1_307' title='bbox 763 4002 987 4050; x_wconf 68' lang='lat' dir='ltr'>brevitati</span> <span class='ocrx_word' id='word_1_308' title='bbox 1007 4018 1111 4051; x_wconf 86' lang='lat' dir='ltr'>nou</span> <span class='ocrx_word' id='word_1_309' title='bbox 1148 4003 1405 4050; x_wconf 71' lang='lat' dir='ltr'>conveniat</span> <span class='ocrx_word' id='word_1_310' title='bbox 1431 4020 1445 4052; x_wconf 73' lang='grc' dir='ltr'><strong><em>ε</em></strong></span> 
     </span>
     <span class='ocr_line' id='line_1_41' title="bbox 426 4074 1451 4144; baseline 0.002 -16"><span class='ocrx_word' id='word_1_311' title='bbox 426 4079 626 4130; x_wconf 65' lang='lat' dir='ltr'>adhoc</span> <span class='ocrx_word' id='word_1_312' title='bbox 668 4081 785 4130; x_wconf 73' lang='lat' dir='ltr'>certi</span> <span class='ocrx_word' id='word_1_313' title='bbox 817 4096 981 4128; x_wconf 85' lang='lat' dir='ltr'>sumus</span> <span class='ocrx_word' id='word_1_314' title='bbox 1002 4081 1065 4130; x_wconf 85' lang='lat' dir='ltr'>V.</span> <span class='ocrx_word' id='word_1_315' title='bbox 1092 4080 1156 4130; x_wconf 89' lang='lat' dir='ltr'>D.</span> <span class='ocrx_word' id='word_1_316' title='bbox 1197 4081 1357 4144; x_wconf 81' lang='lat' dir='ltr'>ipsum</span> <span class='ocrx_word' id='word_1_317' title='bbox 1380 4074 1451 4130; x_wconf 67' lang='lat' dir='ltr'>xii-</span> 
     </span>
    </p>
   </div>
   <div class='ocr_carea' id='block_1_6' title="bbox 1526 2436 2549 4144">
    <p class='ocr_par' dir='ltr' id='par_1_8' title="bbox 1526 2436 2544 3830">
     <span class='ocr_line' id='line_1_42' title="bbox 1531 2436 2543 2502; baseline 0.005 -20"><span class='ocrx_word' id='word_1_318' title='bbox 1531 2444 1687 2497; x_wconf 83' lang='lat' dir='ltr'>esset,</span> <span class='ocrx_word' id='word_1_319' title='bbox 1715 2450 1807 2483; x_wconf 87' lang='lat' dir='ltr'>nos</span> <span class='ocrx_word' id='word_1_320' title='bbox 1841 2436 2036 2498; x_wconf 86' lang='lat' dir='ltr'>quidem</span> <span class='ocrx_word' id='word_1_321' title='bbox 2062 2437 2188 2484; x_wconf 71' lang='lat' dir='ltr'>lasne</span> <span class='ocrx_word' id='word_1_322' title='bbox 2211 2439 2543 2502; x_wconf 77' lang='lat' dir='ltr'>provinciam,</span> 
     </span>
     <span class='ocr_line' id='line_1_43' title="bbox 1529 2514 2543 2581; baseline 0.007 -22"><span class='ocrx_word' id='word_1_323' title='bbox 1529 2526 1674 2574; x_wconf 80' lang='lat' dir='ltr'>quam</span> <span class='ocrx_word' id='word_1_324' title='bbox 1735 2515 2032 2577; x_wconf 84' lang='lat' dir='ltr'>suscepimus</span> <span class='ocrx_word' id='word_1_325' title='bbox 2049 2547 2064 2571; x_wconf 89' lang='lat'>‚</span> <span class='ocrx_word' id='word_1_326' title='bbox 2116 2514 2277 2577; x_wconf 85' lang='lat' dir='ltr'>primo</span> <span class='ocrx_word' id='word_1_327' title='bbox 2344 2532 2543 2581; x_wconf 85' lang='lat' dir='ltr'>quoque</span> 
     </span>
     <span class='ocr_line' id='line_1_44' title="bbox 1530 2589 2540 2654; baseline 0.008 -16"><span class='ocrx_word' id='word_1_328' title='bbox 1530 2600 1747 2654; x_wconf 84' lang='lat' dir='ltr'>tempore</span> <span class='ocrx_word' id='word_1_329' title='bbox 1763 2589 2089 2652; x_wconf 72' lang='lat' dir='ltr'>abjiceremus.</span> <span class='ocrx_word' id='word_1_330' title='bbox 2103 2592 2198 2641; x_wconf 82' lang='lat' dir='ltr'>Sed</span> <span class='ocrx_word' id='word_1_331' title='bbox 2215 2593 2345 2641; x_wconf 71' lang='lat' dir='ltr'>salva</span> <span class='ocrx_word' id='word_1_332' title='bbox 2357 2610 2431 2642; x_wconf 84' lang='lat' dir='ltr'>res</span> <span class='ocrx_word' id='word_1_333' title='bbox 2447 2609 2540 2646; x_wconf 86' lang='lat' dir='ltr'>est:</span> 
     </span>
     <span class='ocr_line' id='line_1_45' title="bbox 1529 2668 2539 2736; baseline 0.008 -21"><span class='ocrx_word' id='word_1_334' title='bbox 1529 2668 1680 2716; x_wconf 68' lang='lat' dir='ltr'>multa</span> <span class='ocrx_word' id='word_1_335' title='bbox 1704 2672 1832 2718; x_wconf 85' lang='lat' dir='ltr'>enim</span> <span class='ocrx_word' id='word_1_336' title='bbox 1853 2671 1962 2718; x_wconf 76' lang='lat' dir='ltr'>locs</span> <span class='ocrx_word' id='word_1_337' title='bbox 1977 2705 1992 2729; x_wconf 96' lang='lat'>‚</span> <span class='ocrx_word' id='word_1_338' title='bbox 2031 2688 2140 2736; x_wconf 80' lang='lat' dir='ltr'>quae</span> <span class='ocrx_word' id='word_1_339' title='bbox 2163 2672 2235 2720; x_wconf 87' lang='lat' dir='ltr'>sic</span> <span class='ocrx_word' id='word_1_340' title='bbox 2259 2672 2539 2736; x_wconf 70' lang='lat' dir='ltr'>laudentur,</span> 
     </span>
     <span class='ocr_line' id='line_1_46' title="bbox 1528 2747 2544 2811; baseline 0.009 -19"><span class='ocrx_word' id='word_1_341' title='bbox 1528 2747 1578 2793; x_wconf 91' lang='lat' dir='ltr'>in</span> <span class='ocrx_word' id='word_1_342' title='bbox 1601 2763 1744 2796; x_wconf 81' lang='lat' dir='ltr'>suum</span> <span class='ocrx_word' id='word_1_343' title='bbox 1771 2747 1940 2795; x_wconf 87' lang='lat' dir='ltr'>orbem</span> <span class='ocrx_word' id='word_1_344' title='bbox 1959 2749 2190 2811; x_wconf 78' lang='lat' dir='ltr'>redeunt3</span> <span class='ocrx_word' id='word_1_345' title='bbox 2234 2750 2325 2798; x_wconf 74' lang='lat' dir='ltr'>alis</span> <span class='ocrx_word' id='word_1_346' title='bbox 2342 2764 2544 2801; x_wconf 78' lang='lat' dir='ltr'>contex-</span> 
     </span>
     <span class='ocr_line' id='line_1_47' title="bbox 1528 2826 2542 2892; baseline 0.004 -18"><span class='ocrx_word' id='word_1_347' title='bbox 1528 2835 1606 2874; x_wconf 84' lang='lat' dir='ltr'>tus</span> <span class='ocrx_word' id='word_1_348' title='bbox 1641 2828 1796 2887; x_wconf 73' lang='lat' dir='ltr'>ratio,</span> <span class='ocrx_word' id='word_1_349' title='bbox 1820 2826 1912 2875; x_wconf 71' lang='lat' dir='ltr'>elin</span> <span class='ocrx_word' id='word_1_350' title='bbox 1936 2829 2171 2889; x_wconf 76' lang='lat' dir='ltr'>affectus,</span> <span class='ocrx_word' id='word_1_351' title='bbox 2206 2830 2297 2877; x_wconf 75' lang='lat' dir='ltr'>alis</span> <span class='ocrx_word' id='word_1_352' title='bbox 2333 2829 2542 2892; x_wconf 86' lang='lat' dir='ltr'>denique</span> 
     </span>
     <span class='ocr_line' id='line_1_48' title="bbox 1526 2899 2540 2970; baseline 0 -17"><span class='ocrx_word' id='word_1_353' title='bbox 1526 2899 1636 2970; x_wconf 68' lang='grc' dir='ltr'>ἦθος</span> <span class='ocrx_word' id='word_1_354' title='bbox 1665 2906 1898 2954; x_wconf 74' lang='lat' dir='ltr'>orationis</span> <span class='ocrx_word' id='word_1_355' title='bbox 1925 2906 2143 2955; x_wconf 81' lang='lat' dir='ltr'>defendit</span> <span class='ocrx_word' id='word_1_356' title='bbox 2169 2920 2185 2954; x_wconf 73' lang='grc' dir='ltr'><strong><em>ε</em></strong></span> <span class='ocrx_word' id='word_1_357' title='bbox 2214 2922 2364 2969; x_wconf 70' lang='lat' dir='ltr'>pauca</span> <span class='ocrx_word' id='word_1_358' title='bbox 2396 2908 2540 2954; x_wconf 87' lang='lat' dir='ltr'>relin-</span> 
     </span>
     <span class='ocr_line' id='line_1_49' title="bbox 1527 2970 2540 3050; baseline -0.006 -15"><span class='ocrx_word' id='word_1_359' title='bbox 1527 2997 1744 3050; x_wconf 87' lang='lat' dir='ltr'>quuntur</span> <span class='ocrx_word' id='word_1_360' title='bbox 1763 3017 1779 3043; x_wconf 89' lang='lat'>,</span> <span class='ocrx_word' id='word_1_361' title='bbox 1805 2985 1857 3032; x_wconf 88' lang='lat' dir='ltr'>in</span> <span class='ocrx_word' id='word_1_362' title='bbox 1883 2983 2061 3047; x_wconf 87' lang='lat' dir='ltr'>quibus</span> <span class='ocrx_word' id='word_1_363' title='bbox 2078 2985 2186 3043; x_wconf 82' lang='lat' dir='ltr'>iure</span> <span class='ocrx_word' id='word_1_364' title='bbox 2206 2983 2404 3030; x_wconf 71' lang='lat' dir='ltr'>haeress.</span> <span class='ocrx_word' id='word_1_365' title='bbox 2432 2970 2540 3030; x_wconf 69' lang='lat' dir='ltr'>H&#39;oe</span> 
     </span>
     <span class='ocr_line' id='line_1_50' title="bbox 1526 3059 2541 3124; baseline -0.002 -13"><span class='ocrx_word' id='word_1_366' title='bbox 1526 3063 1577 3111; x_wconf 86' lang='lat' dir='ltr'>in</span> <span class='ocrx_word' id='word_1_367' title='bbox 1603 3075 1777 3114; x_wconf 81' lang='lat' dir='ltr'>nostro</span> <span class='ocrx_word' id='word_1_368' title='bbox 1802 3061 2028 3124; x_wconf 83' lang='lat' dir='ltr'>equidem</span> <span class='ocrx_word' id='word_1_369' title='bbox 2066 3059 2307 3122; x_wconf 77' lang='lat' dir='ltr'>vulgatam</span> <span class='ocrx_word' id='word_1_370' title='bbox 2345 3062 2541 3109; x_wconf 83' lang='lat' dir='ltr'>minime</span> 
     </span>
     <span class='ocr_line' id='line_1_51' title="bbox 1529 3135 2539 3199; baseline 0.003 -12"><span class='ocrx_word' id='word_1_371' title='bbox 1529 3140 1828 3189; x_wconf 77' lang='lat' dir='ltr'>defenderim</span> <span class='ocrx_word' id='word_1_372' title='bbox 1842 3172 1857 3194; x_wconf 93' lang='lat'>,</span> <span class='ocrx_word' id='word_1_373' title='bbox 1878 3138 1992 3184; x_wconf 83' lang='lat' dir='ltr'>lieet</span> <span class='ocrx_word' id='word_1_374' title='bbox 2015 3137 2075 3185; x_wconf 87' lang='lat' dir='ltr'>de</span> <span class='ocrx_word' id='word_1_375' title='bbox 2096 3135 2417 3199; x_wconf 83' lang='lat' dir='ltr'>scriptoribus</span> <span class='ocrx_word' id='word_1_376' title='bbox 2434 3140 2539 3190; x_wconf 85' lang='lat' dir='ltr'>Cic.</span> 
     </span>
     <span class='ocr_line' id='line_1_52' title="bbox 1527 3214 2538 3282; baseline -0.003 -17"><span class='ocrx_word' id='word_1_377' title='bbox 1527 3219 1730 3282; x_wconf 88' lang='lat' dir='ltr'>proprio</span> <span class='ocrx_word' id='word_1_378' title='bbox 1765 3214 1993 3281; x_wconf 63' lang='lat' dir='ltr'>presenti</span> <span class='ocrx_word' id='word_1_379' title='bbox 2021 3224 2189 3262; x_wconf 72' lang='lat' dir='ltr'>utatur</span> <span class='ocrx_word' id='word_1_380' title='bbox 2215 3228 2230 3263; x_wconf 73' lang='grc' dir='ltr'><strong><em>ε</em></strong></span> <span class='ocrx_word' id='word_1_381' title='bbox 2258 3229 2369 3262; x_wconf 75' lang='lat' dir='ltr'>nam</span> <span class='ocrx_word' id='word_1_382' title='bbox 2395 3231 2538 3280; x_wconf 85' lang='lat' dir='ltr'>repo-</span> 
     </span>
     <span class='ocr_line' id='line_1_53' title="bbox 1526 3292 2540 3361; baseline 0.006 -19"><span class='ocrx_word' id='word_1_383' title='bbox 1526 3296 1662 3343; x_wconf 87' lang='lat' dir='ltr'>nitur</span> <span class='ocrx_word' id='word_1_384' title='bbox 1674 3329 1689 3353; x_wconf 92' lang='lat'>,</span> <span class='ocrx_word' id='word_1_385' title='bbox 1711 3310 1800 3358; x_wconf 83' lang='lat' dir='ltr'>per</span> <span class='ocrx_word' id='word_1_386' title='bbox 1810 3292 2066 3356; x_wconf 74' lang='lat' dir='ltr'>qnamdam</span> <span class='ocrx_word' id='word_1_387' title='bbox 2094 3292 2510 3361; x_wconf 72' lang='grc' dir='ltr'>ἀνακιφαλαίωσιν</span> <span class='ocrx_word' id='word_1_388' title='bbox 2522 3327 2540 3355; x_wconf 85' lang='lat'>‚</span> 
     </span>
     <span class='ocr_line' id='line_1_54' title="bbox 1526 3369 2542 3440; baseline 0.004 -21"><span class='ocrx_word' id='word_1_389' title='bbox 1526 3387 1789 3438; x_wconf 74' lang='lat' dir='ltr'>praegressa</span> <span class='ocrx_word' id='word_1_390' title='bbox 1820 3369 2084 3434; x_wconf 74' lang='lat' dir='ltr'>disputatio</span> <span class='ocrx_word' id='word_1_391' title='bbox 2104 3405 2121 3431; x_wconf 93' lang='lat'>‚</span> <span class='ocrx_word' id='word_1_392' title='bbox 2146 3372 2200 3418; x_wconf 89' lang='lat' dir='ltr'>in</span> <span class='ocrx_word' id='word_1_393' title='bbox 2227 3388 2321 3436; x_wconf 73' lang='lat' dir='ltr'>qus</span> <span class='ocrx_word' id='word_1_394' title='bbox 2353 3390 2542 3440; x_wconf 81' lang='lat' dir='ltr'>semper</span> 
     </span>
     <span class='ocr_line' id='line_1_55' title="bbox 1528 3450 2542 3513; baseline 0.004 -15"><span class='ocrx_word' id='word_1_395' title='bbox 1528 3451 1648 3499; x_wconf 75' lang='lat' dir='ltr'>elias</span> <span class='ocrx_word' id='word_1_396' title='bbox 1671 3459 1840 3498; x_wconf 77' lang='lat' dir='ltr'>auctor</span> <span class='ocrx_word' id='word_1_397' title='bbox 1875 3450 2122 3513; x_wconf 73' lang='lat' dir='ltr'>praeten‘to</span> <span class='ocrx_word' id='word_1_398' title='bbox 2161 3450 2333 3499; x_wconf 84' lang='lat' dir='ltr'>utitur.</span> <span class='ocrx_word' id='word_1_399' title='bbox 2382 3454 2472 3501; x_wconf 82' lang='lat' dir='ltr'>His</span> <span class='ocrx_word' id='word_1_400' title='bbox 2500 3455 2542 3501; x_wconf 88' lang='lat' dir='ltr'>si</span> 
     </span>
     <span class='ocr_line' id='line_1_56' title="bbox 1529 3527 2542 3594; baseline 0.003 -17"><span class='ocrx_word' id='word_1_401' title='bbox 1529 3528 1826 3592; x_wconf 86' lang='lat' dir='ltr'>reliquorum</span> <span class='ocrx_word' id='word_1_402' title='bbox 1848 3527 2080 3576; x_wconf 76' lang='lat' dir='ltr'>rationem</span> <span class='ocrx_word' id='word_1_403' title='bbox 2102 3540 2373 3593; x_wconf 87' lang='lat' dir='ltr'>temporum</span> <span class='ocrx_word' id='word_1_404' title='bbox 2391 3564 2407 3588; x_wconf 88' lang='lat'>,</span> <span class='ocrx_word' id='word_1_405' title='bbox 2432 3547 2542 3594; x_wconf 78' lang='lat' dir='ltr'>quae</span> 
     </span>
     <span class='ocr_line' id='line_1_57' title="bbox 1529 3607 2540 3672; baseline 0.003 -17"><span class='ocrx_word' id='word_1_406' title='bbox 1529 3619 1801 3672; x_wconf 87' lang='lat' dir='ltr'>sequuntur</span> <span class='ocrx_word' id='word_1_407' title='bbox 1820 3643 1835 3669; x_wconf 90' lang='lat'><strong>,</strong></span> <span class='ocrx_word' id='word_1_408' title='bbox 1857 3609 2177 3671; x_wconf 71' lang='lat' dir='ltr'>compararis,</span> <span class='ocrx_word' id='word_1_409' title='bbox 2195 3607 2437 3658; x_wconf 69' lang='lat' dir='ltr'>dubitatio</span> <span class='ocrx_word' id='word_1_410' title='bbox 2455 3612 2540 3658; x_wconf 81' lang='lat' dir='ltr'>vix</span> 
     </span>
     <span class='ocr_line' id='line_1_58' title="bbox 1531 3685 2543 3750; baseline 0.002 -15"><span class='ocrx_word' id='word_1_411' title='bbox 1531 3687 1628 3735; x_wconf 73' lang='lat' dir='ltr'>ulla</span> <span class='ocrx_word' id='word_1_412' title='bbox 1654 3686 1973 3750; x_wconf 78' lang='lat' dir='ltr'>relinquitur,</span> <span class='ocrx_word' id='word_1_413' title='bbox 2021 3685 2150 3734; x_wconf 56' lang='lat' dir='ltr'>darie</span> <span class='ocrx_word' id='word_1_414' title='bbox 2186 3685 2329 3735; x_wconf 85' lang='lat' dir='ltr'>unice</span> <span class='ocrx_word' id='word_1_415' title='bbox 2363 3687 2414 3737; x_wconf 83' lang='lat' dir='ltr'>h.</span> <span class='ocrx_word' id='word_1_416' title='bbox 2452 3689 2488 3739; x_wconf 86' lang='lat' dir='ltr'>l.</span> <span class='ocrx_word' id='word_1_417' title='bbox 2514 3705 2543 3737; x_wconf 77' lang='grc' dir='ltr'>ι</span> 
     </span>
     <span class='ocr_line' id='line_1_59' title="bbox 1530 3763 2241 3830; baseline -0.004 -13"><span class='ocrx_word' id='word_1_418' title='bbox 1530 3769 1636 3817; x_wconf 82' lang='lat' dir='ltr'>Cic.</span> <span class='ocrx_word' id='word_1_419' title='bbox 1660 3763 1905 3830; x_wconf 82' lang='lat' dir='ltr'>proficisci</span> <span class='ocrx_word' id='word_1_420' title='bbox 1927 3765 2155 3829; x_wconf 86' lang='lat' dir='ltr'>potuisse.</span> <span class='ocrx_word' id='word_1_421' title='bbox 2179 3767 2241 3814; x_wconf 88' lang='lat' dir='ltr'>G.</span> 
     </span>
    </p>

    <p class='ocr_par' dir='ltr' id='par_1_9' title="bbox 1533 3843 2549 4144">
     <span class='ocr_line' id='line_1_60' title="bbox 1605 3843 2546 3915; baseline 0.003 -22"><span class='ocrx_word' id='word_1_422' title='bbox 1605 3847 1655 3893; x_wconf 82' lang='lat'>3.</span> <span class='ocrx_word' id='word_1_423' title='bbox 1696 3844 1752 3891; x_wconf 81' lang='lat' dir='ltr'>Si</span> <span class='ocrx_word' id='word_1_424' title='bbox 1777 3858 1891 3908; x_wconf 77' lang='lat' dir='ltr'>qna.</span> <span class='ocrx_word' id='word_1_425' title='bbox 1921 3843 2126 3891; x_wconf 79' lang='lat' dir='ltr'>Goerenz</span> <span class='ocrx_word' id='word_1_426' title='bbox 2158 3844 2326 3892; x_wconf 83' lang='lat' dir='ltr'>scribit</span> <span class='ocrx_word' id='word_1_427' title='bbox 2350 3845 2395 3894; x_wconf 72' lang='grc' dir='ltr'>εἰ</span> <span class='ocrx_word' id='word_1_428' title='bbox 2416 3862 2546 3915; x_wconf 77' lang='lat' dir='ltr'>quoe.</span> 
     </span>
     <span class='ocr_line' id='line_1_61' title="bbox 1533 3922 2547 3986; baseline 0.001 -14"><span class='ocrx_word' id='word_1_429' title='bbox 1533 3927 1606 3973; x_wconf 77' lang='lat' dir='ltr'>Ita</span> <span class='ocrx_word' id='word_1_430' title='bbox 1624 3957 1641 3984; x_wconf 91' lang='lat'>,</span> <span class='ocrx_word' id='word_1_431' title='bbox 1666 3922 1825 3986; x_wconf 78' lang='lat' dir='ltr'>inquit</span> <span class='ocrx_word' id='word_1_432' title='bbox 1841 3955 1856 3980; x_wconf 94' lang='lat'>,</span> <span class='ocrx_word' id='word_1_433' title='bbox 1881 3933 2013 3971; x_wconf 83' lang='lat' dir='ltr'>reete</span> <span class='ocrx_word' id='word_1_434' title='bbox 2037 3922 2198 3970; x_wconf 71' lang='lat' dir='ltr'>Brenni</span> <span class='ocrx_word' id='word_1_435' title='bbox 2219 3939 2282 3971; x_wconf 67' lang='lat' dir='ltr'><em>a</em></span> <span class='ocrx_word' id='word_1_436' title='bbox 2303 3923 2421 3972; x_wconf 88' lang='lat' dir='ltr'>olim</span> <span class='ocrx_word' id='word_1_437' title='bbox 2436 3927 2547 3973; x_wconf 80' lang='lat' dir='ltr'>vul-</span> 
     </span>
     <span class='ocr_line' id='line_1_62' title="bbox 1536 4000 2546 4067; baseline -0.002 -16"><span class='ocrx_word' id='word_1_438' title='bbox 1536 4013 1644 4067; x_wconf 74' lang='lat' dir='ltr'>gata</span> <span class='ocrx_word' id='word_1_439' title='bbox 1663 4036 1678 4061; x_wconf 88' lang='lat'>,</span> <span class='ocrx_word' id='word_1_440' title='bbox 1695 4016 1842 4065; x_wconf 70' lang='lat' dir='ltr'>quem</span> <span class='ocrx_word' id='word_1_441' title='bbox 1864 4000 1979 4048; x_wconf 87' lang='lat' dir='ltr'>edd.</span> <span class='ocrx_word' id='word_1_442' title='bbox 2006 4011 2121 4049; x_wconf 80' lang='lat' dir='ltr'>vett.</span> <span class='ocrx_word' id='word_1_443' title='bbox 2149 4000 2311 4066; x_wconf 82' lang='lat' dir='ltr'>plures</span> <span class='ocrx_word' id='word_1_444' title='bbox 2332 4012 2546 4061; x_wconf 81' lang='lat' dir='ltr'>tuentur,</span> 
     </span>
     <span class='ocr_line' id='line_1_63' title="bbox 1537 4078 2549 4144; baseline -0.002 -14"><span class='ocrx_word' id='word_1_445' title='bbox 1537 4090 1586 4130; x_wconf 87' lang='lat' dir='ltr'>et</span> <span class='ocrx_word' id='word_1_446' title='bbox 1618 4097 1679 4130; x_wconf 81' lang='lat' dir='ltr'>ex</span> <span class='ocrx_word' id='word_1_447' title='bbox 1713 4078 1831 4128; x_wconf 81' lang='lat' dir='ltr'>meis</span> <span class='ocrx_word' id='word_1_448' title='bbox 1873 4080 1999 4144; x_wconf 88' lang='lat' dir='ltr'>Spir.</span> <span class='ocrx_word' id='word_1_449' title='bbox 2027 4080 2133 4128; x_wconf 74' lang='lat' dir='ltr'>Bas.</span> <span class='ocrx_word' id='word_1_450' title='bbox 2165 4090 2214 4127; x_wconf 89' lang='lat' dir='ltr'>et</span> <span class='ocrx_word' id='word_1_451' title='bbox 2239 4096 2308 4128; x_wconf 76' lang='lat' dir='ltr'>sic</span> <span class='ocrx_word' id='word_1_452' title='bbox 2343 4096 2405 4128; x_wconf 82' lang='lat' dir='ltr'>ex</span> <span class='ocrx_word' id='word_1_453' title='bbox 2450 4082 2549 4128; x_wconf 80' lang='lat' dir='ltr'>suis</span> 
     </span>
    </p>
   </div>
   <div class='ocr_carea' id='block_1_7' title="bbox 2586 749 2650 796">
    <p class='ocr_par' dir='ltr' id='par_1_10' title="bbox 2586 749 2650 796">
     <span class='ocr_line' id='line_1_64' title="bbox 2586 749 2650 796; baseline -0.031 0"><span class='ocrx_word' id='word_1_454' title='bbox 2586 749 2650 796; x_wconf 79' lang='lat'>26</span> 
     </span>
    </p>
   </div>
  </div>
 </body>
</html>
