3217 4784
741 436 867 504 DE
913 434 1084 505 ΠΝ.
1134 435 1341 505 BoN.
1392 435 1509 503 ET
1550 435 1768 503 MAL.
1823 434 1948 517 w,
2000 456 2105 528 19.

2329 435 2473 531 499

352 555 578 626 nihilo
608 555 887 628 firmior
927 555 1018 627 ad
1060 555 1391 626 dolorem
1434 552 1856 639 ferendum,
1893 577 2110 651 quam
2161 572 2472 628 venerat.

353 669 460 735 Tu
511 680 752 737 autem
796 688 1015 763 negas
1054 664 1313 737 fortem
1360 688 1516 736 esse
1562 687 2004 762 quemquam
2049 687 2289 762 posse,
2352 670 2480 765 qui

356 775 681 849 dolorem
717 777 988 848 malum
1026 789 1256 875 putet.
1293 777 1443 845 Cur
1480 772 1739 845 fortior
1772 777 1898 861 sit,
1935 777 1995 846 si
2024 771 2243 865 illud,
2282 775 2483 872 quod
2518 800 2583 855 53

357 898 510 955 tute
549 884 917 972 concedis,
945 908 1277 982 asperum
1304 937 1322 970 ‚
1359 897 1431 954 et
1455 884 1573 953 vix
1605 881 1984 954 serendum
2023 884 2352 982 putabit?
2381 890 2488 957 Ex

355 995 577 1067 rebus
620 996 813 1067 enim
859 994 1242 1081 timiditas,
1284 1018 1435 1065 non
1470 1019 1559 1065 ex
1601 992 1972 1065 vocabulis
2003 1000 2340 1068 nascitur.
2399 1000 2490 1069 Et

359 1110 498 1190 ais,
532 1107 593 1175 si
620 1129 763 1175 una
800 1104 1004 1175 litera
1043 1118 1401 1175 commota
1435 1106 1562 1191 sit,
1594 1101 1749 1174 fore
1781 1158 1801 1191 ‚
1832 1114 1983 1173 tota
2026 1118 2109 1174 ut
2147 1103 2342 1178 labet
2382 1104 2489 1178 di-

360 1214 678 1312 sciplina.
708 1218 975 1285 Utrum
1004 1216 1224 1311 igitur
1253 1213 1385 1299 tibi
1413 1214 1694 1287 literam
1723 1212 1998 1299 videor,
2035 1235 2128 1283 an
2160 1228 2346 1287 totas
2373 1239 2494 1313 pa·

361 1329 600 1422 ginas⁷
651 1325 1149 1397 commovere?
1199 1329 1298 1396 Ut
1333 1327 1524 1395 enim
1572 1327 1663 1394 sit
1700 1320 1892 1419 apud
1937 1320 2131 1407 illos,
2172 1322 2249 1394 id
2291 1308 2495 1421 quod

362 1446 472 1504 est
493 1457 532 1504 a
565 1447 641 1504 te
678 1433 1044 1505 laudatum
1071 1489 1090 1523 ‚
1116 1433 1301 1505 ordo
1331 1458 1574 1507 rerum
1611 1444 2074 1503 conservatus
2092 1486 2114 1520 ‚
2150 1447 2222 1505 et
2252 1438 2498 1506 omnia

364 1547 554 1616 inter
597 1569 673 1616 se
718 1559 883 1643 apta
922 1560 998 1616 et
1045 1567 1373 1616 connexa
1429 1543 1577 1638 (sic
1624 1543 1811 1612 enim
1859 1539 2193 1636 aiebas),
2250 1558 2495 1617 tamen

365 1656 701 1751 persequi
731 1678 878 1725 non
910 1653 1260 1725 debemus
1279 1645 1337 1741 ⁸,
1374 1654 1432 1725 si
1458 1677 1501 1723 a
1536 1650 1729 1739 falsis
1765 1652 2139 1749 principiis
2172 1652 2498 1751 profecta

366 1778 780 1860 congruunt
806 1766 957 1860 ipsa
994 1761 1130 1833 sibi
1156 1817 1175 1849 ‚
1210 1776 1281 1834 et
1316 1787 1357 1833 a
1391 1764 1769 1861 proposito
1799 1785 1947 1831 non
1977 1760 2315 1834 aberrant
2328 1775 2382 1833 9.
2411 1769 2493 1835 In
2537 1779 2602 1844 54

368 1874 597 1969 prima
619 1874 836 1968 igitur
862 1874 1379 1943 constitutione
1406 1878 1600 1944 Zeno
1623 1887 1791 1943 tuus
1819 1894 1856 1940 a
1890 1884 2148 1944 natura
2171 1876 2497 1963 recessit3

368 2005 746 2079 quumque
781 2005 1146 2053 summum
1181 1980 1463 2054 bonum
1510 1984 1866 2081 posuisset
1904 1984 1976 2051 in
2019 1983 2289 2081 ingenii
2318 2008 2500 2082 prae-

369 2091 720 2178 stantiam,
742 2114 963 2187 quam
981 2093 1318 2164 virtutem
1342 2117 1686 2166 vocamus
1700 2149 1719 2183 ‚
1743 2119 1880 2167 nec
1894 2093 2294 2193 quidquam
2307 2094 2503 2167 aliud

370 2275 519 2313 curet.
547 2265 854 2313 Semuaest:
894 2266 1062 2313 «Haec
1087 2276 1136 2313 et
1167 2265 1395 2329 taliaqui

372 2344 579 2393 audierit
594 2377 609 2403 ‚
641 2344 684 2393 si
719 2344 798 2392 vel
832 2359 888 2392 ea
931 2344 1154 2393 deridere
1199 2344 1328 2393 nolit
1351 2354 1393 2393 ι’.

374 2426 501 2472 Hinc
538 2424 663 2472 nihil
699 2433 800 2482 eat,
838 2423 976 2488 quod
1015 2423 1148 2474 eud.
1192 2435 1397 2488 uterque

373 2503 496 2565 hoc,
520 2520 578 2552 ac
612 2505 725 2552 Baa.
753 2515 801 2551 οε
833 2503 1010 2551 videre
1028 2538 1042 2563 ,
1069 2503 1309 2552 referunt.
1338 2504 1397 2550 lu

376 2583 610 2647 proximis
649 2586 766 2632 item
810 2583 918 2632 bini
956 2583 1030 2630 illi
1069 2598 1163 2648 pro
1206 2580 1361 2631 721⁶ka
1379 2617 1394 2639 ‚

374 2680 498 2712 vero
531 2674 770 2728 peccant,
807 2662 1098 2728 compendia
1140 2650 1206 2710 ἷο
1246 2673 1295 2711 et
1335 2653 1398 2709 a}

375 2742 751 2792 confundentes.
783 2738 853 2792 G.

452 2838 504 2882 7.
539 2823 623 2869 An
655 2832 786 2869 totas
807 2821 1039 2887 paginas.
1071 2819 1401 2885 cogitandum

380 2902 660 2949 Stoicorum
697 2900 971 2965 discipline
1012 2898 1400 2968 (συστήιατος).

380 2979 727 3044 Respondent·
761 2990 924 3027 autem
959 2978 1037 3026 his
1068 2989 1117 3027 et
1138 2980 1403 3043 proximia,

381 3059 445 3107 ad
476 3075 531 3107 ea
569 3074 679 3123 quae
719 3073 746 3105 a
781 3057 971 3106 Catone
1008 3055 1149 3105 allata
1185 3058 1402 3117 fuerant,

384 3140 605 3197 111‚.aa‚
634 3144 721 3194 74.
751 3136 819 3184 G.
966 3178 973 3185 .

459 3216 507 3263 8.
550 3218 730 3263 Tamen
756 3213 988 3280 persequi
1024 3228 1123 3260 non
1162 3213 1400 3263 debemus.

377 3298 661 3344 ·Pronomen
677 3311 740 3342 ea
756 3310 819 3343 ex
844 3293 1017 3341 crebro
1042 3294 1256 3341 auctori·
1272 3306 1406 3342 moro

385 3373 773 3423 subaudiendum
799 3383 889 3422 eat.
904 3371 1141 3436 Persequi
1155 3383 1229 3420 est
1236 3372 1384 3437 plene
1393 3408 1407 3431 ‚

385 3454 450 3502 ab
470 3452 603 3501 οηυιί
622 3464 774 3517 parte
791 3452 1027 3516 probare.
1046 3453 1191 3500 Vm.
1215 3450 1279 3508 V,
1317 3468 1405 3515 70,

393 3535 488 3582 181
509 3552 522 3580 ε
551 3532 759 3581 «horum
785 3547 878 3580 non
902 3541 1082 3579 nectam
1106 3541 1158 3580 et
1187 3531 1409 3579 instituta

387 3612 776 3676 persequimur».
812 3610 930 3658 Non
957 3609 1083 3659 bene
1115 3609 1267 3673 igitur
1287 3612 1407 3660 Ern-

389 3691 557 3740 «ultra
591 3689 823 3755 progredi
848 3688 1194 3738 concludendo
1222 3706 1286 3738 ex
1303 3690 1362 3737 iia
1384 3710 1410 3731 a

389 3770 623 3835 explicat.
641 3772 708 3820 G.

460 3866 512 3911 9.
542 3849 823 3914 Comme
840 3846 950 3911 ipsa
978 3845 1414 3895 suin-ahenam.

391 3928 614 3992 Scriptus
665 3927 791 3975 liber
840 3925 1004 3974 nullus
1024 3959 1038 3983 ‚
1101 3935 1415 3990 congruunt,-

394 4022 562 4054 omnea
598 3994 898 4072 congruent,
924 4017 980 4053 ut
1014 4003 1161 4054 etiam
1198 4005 1415 4068 impmai

393 4095 579 4134 veterna
605 4086 857 4152 ploeiqne:
881 4100 994 4134 nam
1021 4084 1158 4150 quod
1174 4083 1278 4132 Erl.
1299 4096 1419 4131 con-

390 4163 592 4227 gruenti
620 4165 791 4224 παθη,
809 4166 829 4213 ι’
848 4182 912 4214 ex
929 4164 1153 4231 proxima
1182 4178 1306 4211 voce
1328 4162 1416 4211 atl-

1480 2264 1673 2316 haesisse
1710 2266 1919 2317 videtur.
1953 2270 2065 2317 Hoc
2108 2280 2246 2318 tanto
2278 2269 2331 2318 in
2375 2271 2507 2318 futu·

1480 2361 1588 2393 rum
1633 2356 1827 2411 tempus
1871 2364 2113 2396 consentu
2129 2384 2145 2408 ,
2184 2351 2320 2414 quod
2364 2349 2429 2399 ad
2466 2351 2511 2400 si

1480 2436 1652 2472 auctor
1703 2436 1962 2490 tantopere
2012 2436 2140 2474 amat
2161 2462 2176 2486 ,
2236 2424 2507 2494 scribaeque
2605 2446 2608 2451 ·

1481 2503 1668 2568 ubique
1699 2505 1800 2553 sere
1816 2505 2082 2553 sollicitant
2118 2506 2206 2569 (cs.
2235 2506 2503 2575 Renaingg.

1482 2580 1545 2629 ad
1562 2580 1668 2632 Off.
1695 2585 1791 2643 111,
1823 2592 1881 2643 4,
1914 2592 2007 2642 ιΑς
2034 2584 2156 2635 ibid.
2183 2586 2247 2646 6,
2281 2602 2325 2647 1,
2348 2591 2468 2652 etc.)
2488 2625 2504 2651 ,

1483 2678 1655 2727 parum
1696 2664 1997 2712 auctoritatis
2042 2663 2208 2713 attulit
2249 2668 2506 2726 Davisius,

1485 2756 1638 2806 quum
1665 2757 1726 2789 ex
1755 2743 2077 2806 mensium,
2099 2744 2322 2792 Lambini
2346 2760 2509 2795 exem·

1485 2821 1604 2884 plo,
1632 2832 1907 2887 congruunt
1943 2821 2098 2871 daret.
2141 2823 2273 2872 Olim
2301 2825 2510 2874 maleba-

1487 2915 1596 2948 mns
1614 2912 1954 2966 congruenter,
1979 2900 2134 2948 deleta
2173 2912 2225 2949 et
2257 2903 2478 2967 proxima
2497 2938 2514 2961 ‚

1488 2979 1626 3042 quod
1648 2995 1702 3026 er
1730 2979 1918 3044 syllaba
1943 2982 1995 3027 in
2020 2979 2098 3027 his
2116 2978 2384 3042 adverbiis,
2403 2994 2512 3044 quae

1488 3068 1662 3106 auctor
1681 3058 1977 3121 frequentat,
2004 3073 2066 3104 ex
2094 3073 2153 3104 eo
2175 3057 2314 3121 qnod
2341 3070 2512 3123 nuper·

1490 3136 1640 3184 scribi
1666 3135 1880 3189 solebat,
1913 3150 2043 3198 saepe
2071 3134 2289 3197 neglecta
2325 3138 2509 3202 reperi-

1489 3226 1609 3262 tur:
1653 3212 1741 3260 aed
1765 3213 1927 3260 minus
1953 3211 2113 3275 probo
2150 3214 2514 3277 posita—llam

1492 3291 1691 3356 quidem
1725 3291 2027 3339 aberrabunt
2053 3291 2335 3351 suademus,
2363 3302 2514 3360 quum

1492 3385 1632 3434 eque
1657 3384 1785 3433 sepe
1809 3369 1914 3417 haec
1936 3382 2134 3434 quoqne
2158 3371 2320 3420 futura
2340 3372 2515 3423 oblite·

1494 3456 1662 3497 rentur
1685 3462 1699 3498 ε
1746 3449 2025 3512 frequenter
2069 3450 2199 3497 enim
2239 3451 2337 3500 hoc
2380 3468 2518 3501 eom·

1495 3527 1678 3593 pendio
1689 3563 1703 3586 ,
1719 3526 1991 3586 aberra'ne,
2011 3529 2278 3588 numer-av,
2294 3533 2495 3596 puta'm
2505 3569 2519 3591 ,

1497 3621 1720 3670 expressa
1779 3605 2026 3665 vidimus3
2081 3607 2316 3671 quodque
2371 3624 2521 3676 quum

1498 3674 1616 3735 item
1665 3685 1814 3732 futuri
1855 3685 2014 3732 exacti
2059 3686 2151 3745 ait,
2213 3687 2336 3737 alius
2380 3692 2522 3739 etiam

1498 3765 1617 3813 hinc
1666 3778 1802 3812 error
1847 3763 2022 3812 oritur.
2069 3765 2150 3813 Sic
2196 3776 2327 3816 recte
2365 3786 2523 3836 nuper

1501 3841 1704 3893 Schiitz.
1731 3845 1871 3892 Orat.
1906 3860 1993 3906 27,
2028 3844 2132 3908 95,
2173 3847 2526 3912 ampliabun-

1503 3935 1600 3982 τοι,
1617 3933 1711 3972 etc.
1737 3944 1759 3964 ι
1787 3924 1938 3972 Mars.
1962 3933 2008 3970 et
2032 3924 2170 3974 cm.
2215 3945 2237 3967 ι
2259 3938 2529 3991 congruant

1517 4041 1528 4052 .
1543 4041 1556 4053 .
1571 4037 1583 4050 ·
1595 4003 1818 4051 aberrent
1831 4024 1877 4050 υ.
1903 4004 1967 4052 G.

1582 4098 1662 4130 xo.
1689 4082 1934 4131 Posuissee
1959 4081 2009 4130 ἔοι
2026 4081 2214 4147 ingenii
2220 4062 2530 4147 praestantt'a‘.

1507 4162 1711 4212 Monac.
1740 4185 1767 4204 ·
1784 4163 2056 4227 poenita-et,
2095 4159 2281 4224 ingenii
2307 4168 2538 4224 prestan-

2210 4243 2324 4317 32.
