3217 4784
692 358 833 445 432
1372 356 2143 428 ARGUMENTUM.

759 480 1133 540 intellexeris.
1169 484 1258 539 Ita
1284 495 1524 557 peccata
1548 480 1715 557 paria
1745 478 2044 557 dici‚quia
2065 479 2315 537 honesto
2336 479 2482 538 nihil
2507 480 2838 551 honestius

759 578 917 654 turpi
942 575 1087 634 nihil
1112 575 1377 653 turpius:
1402 575 1506 633 sed
1532 575 1609 633 de
1641 576 1753 634 hoc
1777 577 1907 654 ipso
1937 573 2201 653 magnam
2237 595 2362 633 esse
2394 576 2832 637 dissensionem.

762 678 1044 730 Praeterea
1078 688 1180 727 eos
1210 689 1319 747 per
1342 669 1529 728 simile
1548 671 1696 729 illud
1717 669 1918 729 fidium
1941 669 2226 749 plurium,
2249 690 2496 747 quarum
2519 673 2678 730 nulla
2695 694 2836 732 con·

761 769 918 825 cinat
940 807 959 833 ‚
1006 786 1080 823 ex
1113 765 1388 843 ambiguo
1428 765 1660 825 ludere:
1694 767 1966 843 idemque
1996 767 2121 825 fieri
2159 767 2221 825 in
2257 766 2359 825 illo
2391 766 2832 844 gubernatoris,

761 866 819 922 in
865 861 1178 921 evertenda
1236 864 1534 940 palearum
1592 864 1726 922 navi
1785 883 1950 942 oeque
2005 863 2298 943 peccantis
2351 878 2526 941 atque
2576 865 2634 922 in
2685 885 2832 924 auro

760 973 1000 1019 onusta:
1034 979 1225 1037 neque
1248 959 1569 1038 quidquam
1597 959 1734 1019 inde
1759 960 1996 1038 profici,
2019 960 2177 1038 quod
2207 975 2443 1038 peccata
2473 981 2547 1019 ex
2572 981 2643 1020 eo
2663 964 2828 1039 paria

762 1058 970 1129 velint,
1016 1055 1179 1135 quod
1218 1056 1632 1117 imbecillitatis
1673 1072 1733 1116 et
1773 1059 2175 1116 inconstantiae
2202 1058 2372 1130 vitia,
2413 1079 2545 1135 quae
2572 1060 2827 1136 peccatis

766 1152 1039 1212 omnibus
1069 1153 1293 1227 adsint,
1342 1155 1402 1213 in
1453 1153 1731 1212 omnibus
1775 1154 1968 1213 stultis
2009 1174 2173 1232 aeque
2207 1173 2413 1233 magna
2445 1153 2660 1214 dicant.
2695 1159 2830 1214 Non

766 1253 921 1311 enim
941 1252 1205 1325 concedi,
1219 1253 1279 1310 in
1304 1253 1496 1312 stultis
1518 1252 1788 1312 omnibus
1810 1253 1950 1311 vitia
1968 1273 2133 1330 aeque
2155 1272 2362 1330 magna
2382 1273 2526 1312 esse.
2550 1255 2834 1313 Interesse

766 1350 921 1407 inter
940 1368 1035 1408 res
1057 1368 1292 1426 quoque
1317 1348 1500 1428 ipsas,
1530 1348 1592 1406 in
1618 1347 1832 1425 quibus
1853 1360 2148 1427 peccetur,
2175 1353 2207 1420 S
2235 1357 2443 1421 74-77.

847 1451 975 1505 Jam
1009 1446 1091 1505 sic
1118 1446 1492 1505 concluditur
1525 1446 1749 1518 oratio,
1777 1458 1846 1503 ut
1872 1445 2103 1505 Stoicos
2131 1444 2248 1503 hoc
2271 1464 2392 1503 uno
2416 1445 2560 1504 vitio
2588 1445 2837 1505 maxime

767 1544 1041 1622 impediri
1078 1544 1262 1617 dicat,
1308 1543 1471 1622 quod
1504 1544 1651 1603 duas
1682 1543 2007 1603 contrarias
2039 1542 2354 1601 sententias
2375 1543 2545 1601 simul
2572 1542 2837 1601 obtinere

768 1643 1047 1702 nitantur.
1080 1642 1241 1702 Nihil
1277 1643 1434 1725 enim
1462 1644 1645 1721 magis
1685 1661 1977 1721 pugnare,
2010 1661 2186 1718 quam
2217 1640 2524 1701 honestum
2553 1661 2837 1700 summum

771 1740 994 1800 honum
1020 1760 1271 1818 ponere,
1303 1753 1362 1798 et
1393 1754 1587 1799 tamen
1615 1740 2032 1821 appetitionem
2062 1758 2257 1797 rerum
2280 1737 2352 1796 ad
2376 1738 2553 1796 vitam
2571 1751 2834 1817 aptarum

770 1859 805 1896 a
849 1851 1061 1895 natura
1099 1848 1285 1895 ortam
1330 1835 1541 1894 dicere.
1582 1841 1673 1895 Ita
1700 1833 1959 1895 incidere
1985 1853 2117 1907 eos,
2153 1854 2334 1911 quum
2361 1833 2525 1912 prius
2549 1847 2837 1901 tueantur,

774 1937 833 1995 in
857 1935 1000 1994 vitia
1022 1934 1369 2004 Aristonea;
1405 1946 1463 1992 et
1492 1934 1619 1993 haec
1645 1954 1827 2012 quum
1848 1935 2064 2005 vitent,
2100 1932 2334 1992 eosdem
2360 1952 2484 1990 esse
2514 1952 2647 1991 cum
2673 1933 2839 1991 Peri-

776 2031 1079 2110 pateticis:
1119 2048 1418 2108 quumque
1445 2029 1767 2108 discipline
1797 2029 1980 2088 verba
2007 2028 2302 2087 mordicus
2328 2027 2674 2100 defendant,
2700 2048 2840 2087 ora-

777 2129 935 2185 tione
977 2127 1199 2204 pariter
1247 2146 1315 2184 ac
1361 2125 1624 2185 moribus
1672 2127 1920 2186 evadere
1970 2116 2352 2189 horridiores.
2402 2125 2605 2185 Solum
2649 2146 2720 2184 ex
2768 2125 2839 2182 iis

772 2222 1092 2281 Panaetium
1121 2221 1273 2280 hanc
1304 2224 1597 2281 tristitiam
1625 2223 1871 2282 lectione
1897 2222 2157 2300 diligenti
2177 2221 2505 2300 principum
2532 2221 2840 2280 Academi-

773 2338 977 2377 corum
996 2363 1013 2392 ,
1041 2322 1683 2399 Peripateticorumque
1711 2321 2020 2399 effugisse:
2058 2319 2332 2397 idemque
2361 2331 2427 2376 ut
2462 2322 2607 2378 Cato
2644 2318 2839 2389 saciat,

779 2416 991 2476 Cicero
1010 2417 1383 2478 vehementer
1400 2418 1692 2477 hortatur.
1703 2419 1800 2478 Sic
1817 2438 1996 2496 quum
2020 2428 2452 2495 vesperascente
2477 2415 2617 2474 eaelo
2643 2435 2842 2473 rever-

777 2533 949 2571 surus
980 2513 1055 2571 ad
1082 2514 1281 2573 villam
1311 2534 1474 2573 suam
1502 2516 1710 2573 Cicero
1741 2512 2148 2584 concluderet,
2172 2515 2316 2570 Cato
2337 2510 2488 2569 hanc
2512 2510 2585 2569 ab
2611 2530 2681 2568 eo
2703 2530 2844 2588 ope-

778 2628 902 2666 ram
930 2608 1135 2686 exigit,
1158 2623 1224 2667 ut
1243 2612 1358 2669 alio
1385 2623 1648 2689 tempore
1673 2610 1798 2669 haec
1827 2630 1961 2668 eum
1984 2609 2342 2667 refellentem
2365 2606 2577 2665 audiat.
2599 2606 2844 2663 Interim

779 2723 921 2762 vero
947 2704 1062 2762 hoc
1089 2706 1444 2777 meminerit,
1470 2707 1636 2765 illum
1664 2707 1992 2766 Stoicorum
2014 2704 2209 2762 omnia
2229 2701 2480 2781 probare
2495 2744 2512 2773 ,
2535 2721 2596 2759 se
2616 2701 2850 2760 Acade-

782 2801 1065 2860 micorum
1087 2800 1253 2860 nihil.
1286 2806 1404 2862 Isto
1427 2803 1564 2861 huic
1593 2805 1655 2862 in
1679 2804 1833 2862 viam
1865 2801 2142 2881 scrupulo
2171 2799 2420 2878 injecto,
2446 2797 2776 2858 discedunt«
