3217 4784
859 420 985 496 DE
1027 426 1195 499 FIN.
1248 424 1454 499 BON.
1505 422 1623 497 ET
1664 423 1879 498 MAL.
1935 426 2037 515 11,
2087 448 2198 495 αι.

2419 433 2542 514 241

426 543 698 617 Atticus
748 562 997 619 noster
1047 548 1140 620 de
1189 547 1546 622 thesauris
1601 552 1780 637 suis,
1832 573 2057 648 quos»,
2115 562 2190 620 et
2243 564 2559 645 ‹piantos

425 653 650 728 viros⁶
664 655 960 754 [habere
992 660 1284 729 testium
1322 672 1428 729 sat
1462 673 1571 731 est
1585 657 1679 757 7]!
1709 665 1971 733 Nonne
2003 661 2259 732 melius
2287 651 2430 732 est⁸
2467 659 2557 731 de
2594 674 2663 726 68

425 763 537 837 his
584 767 894 864 aliquid,
945 791 1164 864 quam
1217 769 1428 838 tantis
1465 768 1958 841 voluminibus
2005 771 2097 842 de
2140 768 2557 843 Themista9

425 875 675 975 loqui?
720 879 877 948 Sint
923 879 1059 948 ista
1103 883 1561 950 Graecorum:
1604 902 2048 976 quamquam
2092 879 2184 951 ab
2236 879 2347 951 his
2397 880 2555 979 phi-

425 986 827 1085 losophiam
876 1000 949 1057 et
1002 1012 1256 1058 omnes
1307 989 1658 1084 ingenuas
1716 987 2121 1086 disciplinas
2169 987 2553 1074 habemus;

421 1097 551 1167 sed
585 1092 828 1168 tame'n
864 1112 970 1170 est
1008 1098 1315 1196 aliquid,
1356 1098 1562 1197 quod
1600 1097 1813 1170 nobis
1867 1122 2019 1168 non
2065 1097 2304 1184 liceat,
2345 1098 2555 1172 liceat

427 1205 585 1275 illis.
628 1211 962 1302 Pugnant
1005 1209 1212 1280 stoici
1261 1233 1426 1280 cum
1473 1211 1979 1308 peripateticis.
2030 1206 2253 1278 Alteri
2290 1222 2558 1306 negant

424 1314 828 1414 quidquam
894 1342 1048 1390 esse
1125 1318 1445 1405 bonum,
1512 1321 1651 1390 nisi
1718 1318 1917 1416 quod
1991 1316 2377 1388 honestum
2443 1324 2553 1392 sit.

494 1551 544 1598 6.
569 1549 963 1614 Suppedieabit...
986 1551 1049 1599 de
1075 1550 1306 1599 thesauris
1321 1549 1416 1597 suis
1431 1585 1449 1612 ,

424 1644 546 1693 qnos
572 1663 587 1687 ,
634 1640 684 1677 ee
722 1642 933 1694 quantos
969 1629 1106 1677 viros
1133 1633 1155 1676 .'
1210 1631 1448 1677 Miramur

424 1710 583 1771 primo
609 1725 695 1756 eos
713 1708 824 1757 VV.
842 1710 956 1757 DD.
974 1709 1061 1770 qui
1078 1709 1129 1754 in
1147 1708 1224 1754 his
1241 1707 1446 1754 ironiam

423 1799 663 1851 querunt.
687 1789 804 1835 Non
826 1787 956 1835 enim
970 1786 1032 1833 de
1052 1786 1243 1843 Attico,
1269 1786 1448 1849 Epicu·

423 1879 509 1913 reo
521 1900 536 1924 ‚
575 1867 661 1914 sed
680 1867 919 1915 historico
934 1899 949 1924 ,
966 1865 1124 1927 egitur
1143 1878 1159 1923 ς
1179 1876 1229 1913 et
1246 1864 1445 1928 quidem

423 1942 658 1992 historico
704 1960 925 1993 romano.
951 1944 1194 1992 Contexta
1221 1943 1348 1991 clare
1373 1944 1446 1992 lo-

425 2033 657 2084 quuntur.
672 2024 876 2071 Dixerat
892 2034 1083 2081 auctor,
1099 2023 1268 2071 ceteris
1286 2023 1445 2089 pbilo-

424 2099 629 2165 sophis(
649 2101 844 2166 graecis)
866 2103 921 2149 in
939 2116 1024 2149 ore
1043 2104 1443 2169 esseLycnrgam,

424 2179 836 2243 Epaminondam.
882 2182 1070 2244 Pergit,
1115 2183 1261 2230 Nunc
1285 2199 1407 2230 vero
1429 2219 1444 2242 ‚

424 2271 519 2308 etc.
542 2261 576 2307 i.
599 2275 645 2308 e.
668 2280 692 2302 ι
716 2262 827 2308 Jam
849 2275 966 2306 veto
984 2293 998 2318 ,
1018 2276 1167 2324 quum
1186 2276 1280 2308 nos
1295 2295 1309 2317 ‚
1348 2262 1448 2309 Ro·

425 2341 584 2401 mani,
627 2340 731 2388 baec
780 2349 1042 2387 tractamus
1057 2374 1074 2400 ,
1118 2339 1449 2405 suppeditabit

424 2419 571 2467 nobis
605 2434 665 2466 ex
707 2419 865 2483 patria
900 2417 1104 2468 historia
1148 2435 1449 2467 summorum

423 2498 640 2546 virorum
668 2498 886 2561 exempla
918 2498 1160 2548 Atticus».
1182 2499 1257 2546 Cf.
1296 2498 1447 2547 Corn.

421 2576 550 2640 Nep.
579 2579 685 2625 Att.
724 2577 804 2624 18.
844 2600 909 2612 --
942 2578 1019 2625 De
1047 2574 1297 2626 thesaur-1⁶5.
1330 2579 1449 2626 Non

421 2656 579 2721 probe
601 2654 815 2703 fecerunt
839 2656 958 2703 Dav.
980 2667 1030 2704 et
1050 2658 1209 2705 Brem.
1238 2657 1324 2721 qui
1353 2673 1447 2722 pro

422 2734 486 2782 de
507 2745 721 2799 apertam
747 2734 893 2794 hujus
925 2734 1130 2798 glossam
1155 2751 1220 2783 ea:
1252 2752 1449 2799 recepe-

391 2848 399 2855 -
421 2824 555 2863 runt.
592 2815 663 2862 Ut
703 2813 832 2860 enim
877 2812 1157 2878 depromere
1208 2815 1272 2862 de
1314 2814 1448 2865 libris

423 2893 558 2941 Orat.
576 2893 617 2949 1,
642 2894 732 2951 60,
755 2891 883 2950 252,
909 2901 957 2938 et
979 2907 1090 2955 sup.
1110 2894 1181 2950 11,
1208 2904 1257 2953 ⁶7,
1284 2909 1367 2952 αα,
1386 2894 1449 2942 de

423 2970 672 3019 narthecio
676 2985 906 3034 promere
919 2969 1113 3031 dieitur,
1127 2972 1193 3018 ita
1213 2971 1448 3038 dispicere

423 3061 638 3109 nonest,
668 3064 757 3097 cur
785 3048 945 3096 minus
971 3059 1122 3107 reete,
1141 3051 1449 3114 suppeditare

423 3128 485 3176 de
510 3128 779 3188 thesauris,
824 3126 877 3175 id
915 3138 1021 3183 est,
1061 3127 1121 3174 de
1164 3127 1325 3185 libris,
1361 3133 1446 3193 qni

424 3222 709 3272 magnorum
752 3207 968 3254 virorum
1013 3207 1246 3269 exemplis
1283 3209 1445 3257 referti

425 3300 538 3335 sunt
555 3321 570 3347 ,
590 3286 689 3335 dici
715 3285 870 3333 liceat.
890 3285 1005 3332 Duo
1019 3283 1187 3333 Gudd.
1202 3285 1289 3342 de,
1306 3288 1445 3347 cujus

422 3367 538 3415 loco
568 3367 667 3415 Erl.
705 3376 755 3413 et
794 3364 977 3429 praebet
1009 3380 1022 3412 ε
1056 3380 1082 3411 e
1102 3364 1230 3428 Spir.
1257 3373 1307 3412 et
1339 3367 1442 3415 Bas.

424 3448 627 3495 varietas
663 3444 794 3493 nulla
841 3454 1040 3492 notatur
1061 3477 1077 3499 .
1125 3454 1178 3490 ut
1203 3443 1346 3491 etiam
1384 3444 1445 3490 de

422 3526 699 3577 exhibuisse
720 3526 992 3573 videantur.
1031 3524 1147 3571 Vin.
1190 3523 1378 3573 Atticus
1398 3535 1449 3572 ee

425 3606 545 3655 thes.
574 3605 757 3654 omisso
781 3614 958 3660 noster,
984 3603 1119 3666 quod
1144 3602 1288 3650 etiam
1314 3603 1445 3653 Gud.

427 3704 454 3737 2
489 3698 538 3735 et
577 3685 695 3733 editi
727 3694 843 3731 vett.
872 3682 1033 3748 plures
1069 3684 1310 3745 ignorant.
1350 3682 1447 3733 Sed

422 3783 553 3832 saepe
570 3763 831 3814 offendunt
865 3762 915 3809 in
949 3763 1046 3809 hoc
1067 3776 1212 3826 pron.
1235 3763 1407 3811 scribae
1431 3798 1446 3824 ,

422 3848 464 3893 si
514 3847 576 3894 de
627 3840 871 3893 communi
907 3839 1065 3888 amico
1107 3840 1328 3905 ponitur.
1382 3844 1444 3891 G.

424 3951 494 3962 —
550 3928 700 3988 Quos.
744 3926 877 3987 Quot
919 3922 1158 3984 corrigere
1203 3920 1326 3968 nihil
1363 3938 1449 3970 ne-

425 4018 555 4051 cesse
573 4014 672 4062 est,
700 4018 852 4067 quum
876 4017 995 4065 quos
1009 4036 1024 4062 ,
1062 4000 1232 4065 quales
1275 4000 1446 4049 valeat.

426 4082 591 4129 Dis-in.
610 4084 648 4141 1,
667 4083 731 4129 25
750 4118 764 4140 ‚
789 4081 849 4129 52
869 4095 882 4130 ε
901 4102 925 4122 α
945 4080 1228 4143 Xenophon
1242 4114 1257 4137 ‚
1281 4082 1450 4129 Socra·

428 4162 578 4217 tiens,
605 4160 689 4223 qui
717 4168 767 4207 et
800 4169 1013 4222 quantus
1052 4159 1154 4205 vir!
1194 4180 1216 4201 ι
1265 4160 1447 4208 Tamen

656 4264 687 4309 J
693 4265 731 4310 1.
769 4259 865 4307 Cic.
876 4276 991 4326 pars
1017 4259 1166 4308 tertia.

1533 1551 1660 1598 banc
1676 1585 1689 1609 ,
1725 1552 1869 1597 etiam
1887 1565 1914 1596 a
1941 1548 2131 1596 Bremio
2154 1548 2418 1612 prolatam,
2439 1567 2556 1600 con.

1527 1630 1767 1689 iectus-am
1784 1627 1928 1692 plane
1943 1625 2179 1687 abjectam
2196 1627 2347 1675 nolim
2358 1662 2375 1685 ,
2404 1644 2557 1692 quum

1532 1717 1707 1755 auctor
1754 1722 1855 1754 non
1901 1706 2060 1753 solum
2116 1705 2333 1753 virorum
2390 1709 2559 1770 pau-in

1532 1788 1748 1836 historiae
1800 1786 2184 1852 magnitudinem
2212 1820 2228 1846 ,
2294 1785 2381 1834 sed
2412 1786 2557 1836 etism

1532 1866 1890 1916 multitudinem
1939 1866 2154 1914 indicare
2213 1864 2291 1914 his
2346 1864 2560 1915 voluisse

1530 1947 1789 2009 videam-3
1815 1946 1951 1997 conf.
1975 1942 2006 2011 S
2028 1947 2115 1994 62.
2141 1945 2202 1994 G.

1606 2040 1655 2091 7.
1700 2027 1896 2076 Habere
1941 2025 2132 2074 testium
2174 2035 2256 2072 sae
2302 2032 2388 2071 est.
2438 2024 2558 2070 Ηεο

1533 2108 1676 2156 verba
1697 2109 1906 2155 Goerenz
1932 2105 2136 2154 omnino
2167 2102 2404 2167 expungit
2430 2102 2558 2150 :ab-

1532 2198 1648 2235 sunt
1666 2220 1680 2244 ,
1710 2186 1869 2250 inquit
1888 2222 1903 2247 ,
1936 2201 1964 2233 a
1987 2192 2064 2232 tot
2090 2182 2313 2247 scriptis,
2341 2181 2406 2228 ad
2431 2195 2557 2244 quos

1534 2277 1631 2314 tres
1658 2265 1832 2329 optimi
1857 2259 2015 2311 nostri
2042 2261 2310 2323 accedunt,
2357 2259 2558 2324 glossae·

1534 2360 1630 2408 que
1677 2353 1894 2391 naturam
1935 2358 1998 2389 ex
2037 2340 2165 2389 malo
2204 2356 2319 2389 cum
2359 2340 2558 2403 reliquia

1535 2439 1666 2472 nexu
1705 2422 1831 2469 clare
1877 2418 2112 2485 produnt.
2162 2419 2371 2467 Occasio
2411 2420 2556 2467 etiam

1535 2504 1707 2569 glossae
1720 2500 1950 2556 cernitur,
1970 2498 2141 2545 scribis
2159 2498 2526 2546 exclamationis
2541 2532 2556 2557 ‚

1535 2596 1827 2647 quamquam
1861 2576 2052 2627 auctori
2080 2576 2368 2639 frequentis,
2412 2578 2559 2624 ratio·

1535 2678 1647 2710 nem
1677 2675 1843 2724 parum
1882 2655 2267 2721 assequentibus.
2304 2656 2439 2704 Talia
2477 2673 2560 2704 au·

1538 2752 1635 2790 tem
1674 2742 1726 2787 in
1770 2740 1912 2787 textis
1964 2736 2270 2799 relinquere,
2317 2736 2393 2783 vel
2434 2736 2558 2783 male

1535 2818 1632 2867 sibi
1681 2814 1948 2865 diffidentis
1993 2823 2067 2862 est
2087 2848 2102 2873 ‚
2152 2813 2231 2862 vel
2272 2825 2452 2877 aperta
2487 2810 2559 2860 rei

1536 2896 1743 2947 ven’tati.
1770 2923 1840 2933 —
1860 2896 1978 2942 Haec
2007 2910 2107 2941 esse
2134 2892 2340 2940 delenda
2361 2908 2561 2940 censue-

1534 2988 1607 3025 rat
1643 2991 1870 3041 quoque,
1900 2984 2014 3037 post
2054 2974 2347 3027 Gruterum,
2391 2971 2559 3017 Davis.

1533 3055 1777 3106 Nonnulli
1819 3053 1988 3115 legunt
2032 3070 2057 3091 α
2078 3059 2202 3111 quot
2253 3057 2304 3095 et
2347 3057 2559 3110 quantos

1532 3137 1666 3183 viros
1691 3132 1870 3181 babere
1907 3138 2052 3175 testes
2089 3138 2164 3174 sat
2193 3136 2268 3175 est
2287 3148 2339 3185 υ,
2373 3138 2429 3173 ut
2456 3126 2562 3173 lati—

1533 3214 1677 3261 nitati
1716 3209 2033 3263 consulatui-3
2078 3206 2164 3253 sed
2209 3203 2404 3253 codices
2453 3220 2557 3252 nou

1531 3294 1724 3352 favent,
1760 3300 1807 3335 et
1836 3284 2067 3351 frigidum
2091 3300 2294 3349 prorsus
2330 3294 2405 3333 est
2429 3283 2554 3332 illud

1532 3370 1929 3418 additamentum.

1607 3448 1656 3497 8.
1679 3445 1853 3494 Nonne
1878 3443 2046 3492 melius
2071 3454 2156 3491 est.
2181 3446 2301 3492 Haec
2328 3459 2429 3491 non
2453 3444 2557 3493 sine

1530 3529 1641 3591 jure
1683 3526 1847 3592 paullo
1884 3524 2137 3588 abruptius
2163 3524 2319 3587 posita
2359 3523 2559 3572 dixeris.

1534 3609 1699 3670 Atque
1720 3604 1833 3652 lieet
1852 3603 2048 3667 quidem
2071 3601 2211 3665 plura
2229 3600 2337 3650 loca
2355 3602 2558 3651 excitari

1532 3685 1728 3750 possint
1745 3718 1759 3743 ,
1795 3681 1880 3730 ubi
1911 3681 2131 3729 similiter
2157 3681 2333 3729 Cicero
2359 3695 2372 3730 :
2397 3693 2558 3731 tamen

1535 3781 1687 3828 quum
1712 3779 1737 3811 e
1758 3765 1865 3811 Bas.
1884 3759 2070 3808 testium
2087 3769 2166 3807 sat
2184 3771 2324 3820 esset,
2346 3773 2563 3822 notetur,

1535 3844 1603 3890 Ee
1620 3858 1786 3890 nonne
1798 3840 1966 3888 melius
1984 3849 2056 3887 est
2071 3874 2086 3897 ‚
2104 3854 2305 3905 prorsus
2331 3856 2392 3887 ex
2416 3841 2561 3900 hujus

1536 3939 1658 3982 usn,
1704 3919 2013 3969 scribendum
2050 3919 2358 3980 judic-mun
2397 3919 2467 3967 sic
2504 3931 2563 3967 ut

1536 4001 1626 4059 Et,
1647 4015 1695 4050 et
1709 4018 1833 4049 sane
1854 4000 2026 4048 valeat.
2044 4001 2109 4048 G.

1611 4097 1661 4143 9.
1699 4079 1960 4127 Themista.
2001 4080 2056 4125 lu
2091 4077 2290 4124 nomine
2327 4077 2565 4124 Themista

1538 4159 1854 4209 consentiunt
1890 4156 2017 4222 Spir.
2046 4166 2092 4203 et
2125 4156 2224 4204 Erl.
2255 4170 2348 4218 pro
2385 4152 2569 4201 Themi·

2265 4236 2348 4307 16
