3217 4784
462 1801 561 1853 108

591 332 730 429 298

1280 335 1380 403 Μ.
1429 336 1525 415 Τ.Ι
1561 332 2053 403 CICERONIS

586 455 1047 553 dignitatem,
1077 451 1565 542 honestatem,
1601 454 1912 552 speciem
1941 454 2166 551 ipsam
2203 454 2552 523 virtutum
2576 508 2595 540 ,
2634 453 2731 525 de

587 565 856 663 quibus
881 577 1047 634 ante
1085 563 1360 635 dictum
1385 579 1540 652 est;
1588 564 1737 636 haec
1777 564 2047 637 leviora
2085 587 2384 661 ponam:
2414 588 2673 662 poema
2705 620 2726 652 ,

586 677 992 747 orationem
1018 699 1247 772 quum
1276 689 1401 747 aut
1425 669 1715 763 scribis,
1743 689 1872 747 aut
1895 674 2107 770 legis;
2139 697 2370 771 quum
2392 676 2724 745 omnium

586 784 976 872 factorum,
1026 809 1258 882 quum
1306 789 1689 885 regionum
1742 785 2113 883 conquiris
2169 784 2587 871 historiam3
2638 788 2728 857 si—

585 919 811 991 gnum
832 949 853 982 ,
881 893 1155 982 tabula,
1182 894 1385 967 locus
1413 921 1769 983 amoennS,
1808 895 2003 983 ludi,
2042 900 2332 967 venatio
2352 950 2374 984 ,
2399 895 2566 966 villa
2595 901 2726 965 Lu-

586 1003 803 1076 culli4
833 1006 860 1103 (
888 1030 1056 1076 nam
1088 1009 1150 1077 si
1190 1022 1391 1079 tuam
1428 1006 1784 1094 dicerem,
1829 1006 2184 1079 latebram
2216 1007 2528 1080 haberes
2569 1035 2585 1078 :
2632 1008 2724 1079 ad

586 1139 853 1213 corpus
880 1114 1154 1187 diceres
1183 1119 1545 1215 pertinere
1573 1118 1648 1214 );
1677 1116 1802 1189 sed
1836 1141 1960 1204 ea,
2000 1143 2163 1215 quae
2204 1116 2395 1206 dixi,
2438 1118 2531 1189 ad
2561 1142 2723 1188 cor-

586 1249 821 1322 pusne
856 1223 1079 1297 refers
1104 1278 1124 1312 ,
1175 1250 1268 1297 an
1290 1241 1406 1311 ,est
1433 1225 1710 1325 aliquid
1731 1282 1751 1317 ‚
1795 1227 1999 1327 quod
2036 1242 2108 1299 te
2141 1251 2271 1300 sua
2299 1242 2562 1326 sponte
2601 1226 2724 1299 de-

589 1335 807 1406 lectet
823 1324 852 1378 ⁵
874 1336 903 1405 ?
1356 1358 1359 1363 ·

685 1448 832 1515 Aut
865 1447 1477 1543 pertinacissimus
1513 1446 1769 1537 fueris,
1804 1451 1868 1520 si
1907 1449 1984 1518 in
2022 1471 2110 1518 eo
2144 1448 2546 1546 perstiteris
2566 1504 2586 1537 ,
2633 1449 2720 1520 ad

590 1580 858 1654 corpus
895 1582 1012 1645 ea,
1049 1582 1212 1655 quae
1257 1558 1447 1649 dixi,
1490 1557 1856 1645 referre⁶;
1888 1571 2015 1630 aut
2049 1556 2452 1629 deserueris
2494 1572 2724 1630 totam

588 1667 879 1766 Epicuri
915 1666 1362 1765 voluptatem
1387 1724 1406 1757 ,
1443 1673 1502 1740 si
1534 1673 1935 1769 negaveris,

688 1777 908 1868 Quod
947 1802 1121 1848 vero
1158 1803 1203 1848 a
1240 1791 1311 1848 te
1347 1777 1793 1877 disputatum
1830 1795 1937 1852 est
1954 1789 2009 1867 ⁷,
2050 1777 2357 1873 majores
2393 1800 2547 1849 esse
2584 1801 2716 1847 vo-

591 1889 904 1987 luptates
933 1904 1004 1961 et
1031 1889 1319 1960 dolores
1345 1890 1605 1977 animi,
1641 1916 1862 1987 quarn
1902 1892 2262 1989 corporis;
2304 1891 2476 1986 quia
2503 1888 2728 1959 trium

588 2014 1003 2100 temporum
1039 2001 1401 2099 particeps
1438 2003 1724 2073 animus
1760 2003 1888 2088 sit,
1927 2024 2239 2100 corpore
2277 2014 2522 2071 autem
2556 2024 2731 2098 prae-

660 2191 714 2238 4.
756 2180 888 2230 Villa
904 2180 1109 2229 Luculli.
1132 2181 1245 2230 nini
1267 2199 1296 2231 e
1322 2183 1531 2244 nostris,
1552 2193 1608 2231 nt

588 2272 637 2308 et
661 2260 867 2309 aliorum
892 2260 1000 2321 alii,
1028 2260 1202 2310 Lucilii
1220 2272 1425 2327 peceant
1445 2261 1612 2327 :quod

588 2338 684 2386 hoc
713 2339 767 2387 in
798 2341 998 2389 nomine
1023 2338 1081 2389 fit
1109 2343 1386 2407 saepissime.
1412 2345 1488 2391 De
1515 2345 1613 2390 Lu-

589 2418 794 2468 cullanae
827 2432 989 2471 antem
1014 2421 1141 2470 vmae
1172 2421 1531 2487 magnificentia
1563 2432 1616 2471 et

587 2497 848 2561 splendore
868 2534 887 2561 ,
926 2501 991 2549 cs.
1042 2500 1169 2547 Plut.
1197 2502 1388 2551 Lucull.
1429 2518 1474 2551 c.
1521 2503 1616 2564 39,

587 2575 668 2624 cll.
697 2579 844 2640 Legg.
869 2581 967 2638 111,
993 2579 1075 2637 13,
1105 2578 1189 2625 30.
1211 2580 1274 2627 G.

662 2656 715 2704 5.
752 2658 876 2704 Haec
901 2655 1083 2703 leviora
1096 2670 1308 2719 ponam.
1328 2691 1343 2706 .
1364 2658 1577 2724 ..tignum
1594 2693 1613 2720 ,

589 2734 781 2783 tabula.
801 2768 815 2782 .
838 2734 1028 2800 ,rofem
1053 2751 1150 2785 an.
1170 2768 1184 2782 .
1205 2735 1471 2785 ‚delectets’
1498 2741 1611 2787 Hoc

588 2814 921 2864 anacoluthon
941 2825 997 2864 ut
1014 2817 1264 2875 vitaretur,
1280 2817 1495 2878 conjecit
1512 2819 1613 2865 Da-

590 2897 680 2945 vis.
692 2908 960 2961 ponantur.
983 2897 1079 2945 Sed
1106 2897 1304 2961 collegit
1322 2898 1481 2945 Brem.
1502 2897 1614 2945 loca

588 2976 707 3024 satis
746 2975 924 3033 multa,
972 2975 1153 3039 quibus
1187 2975 1314 3023 hanc
1360 2975 1615 3024 Ciceronis

590 3059 876 3121 scripturam
904 3055 1132 3104 firmaret.
1156 3056 1317 3105 Nobis
1342 3056 1502 3104 otium
1521 3071 1615 3103 nu-

592 3152 678 3199 per
698 3137 814 3185 fecit
844 3135 1098 3196 Matthiae,
1123 3136 1234 3199 qui,
1266 3137 1319 3184 in
1350 3134 1519 3183 libello
1549 3134 1613 3183 de

591 3216 895 3264 anacoluthis
912 3214 1162 3263 Ciceronis
1182 3219 1205 3263 1
1220 3249 1235 3273 ,
1258 3231 1310 3279 p.
1340 3212 1392 3277 8,
1409 3226 1468 3263 ut
1492 3214 1609 3272 alia,

592 3294 659 3341 ita
677 3294 808 3341 hunc
824 3293 967 3340 etiam
979 3292 1142 3341 locum
1156 3294 1320 3342 laudat
1333 3305 1618 3359 monetque,

593 3388 696 3419 esse
720 3371 813 3419 hos
837 3372 1220 3423 accusativos.et
1243 3375 1575 3422 nominativos
1597 3406 1615 3432 ,

594 3450 681 3514 qni
704 3451 851 3513 vulgo
882 3450 1093 3498 absoluti
1123 3451 1364 3501 dicantur.
1388 3455 1439 3503 Si
1469 3469 1617 3501 accu-

594 3539 707 3577 satt.
732 3539 920 3593 spectas
935 3564 950 3589 ,
973 3529 1026 3576 hi
1064 3529 1152 3577 vix
1192 3530 1290 3580 huc
1330 3534 1576 3598 pertinent
1598 3544 1614 3579 τ

594 3624 707 3656 nam
747 3609 1049 3657 constructio
1087 3621 1160 3658 est
1174 3643 1190 3670 ,
1227 3628 1375 3676 quum
1403 3627 1582 3676 poema
1601 3645 1617 3671 ,

597 3685 870 3735 orationem
903 3700 995 3736 aut
1028 3687 1220 3747 scribis,
1252 3702 1348 3740 etc.
1380 3692 1618 3759 Nomius-3

596 3767 687 3814 tivi
705 3775 864 3814 autem
888 3766 955 3814 ita
975 3770 1072 3815 orti
1096 3768 1342 3829 videntur,
1363 3780 1420 3817 nt
1445 3780 1618 3817 auctor

594 3857 707 3894 unte
742 3846 1052 3912 parenthesin
1093 3850 1509 3898 constructionem
1549 3849 1616 3895 ita

594 3926 787 3991 plenam
822 3926 916 3974 sibi
963 3928 1200 3989 cogitasse
1246 3929 1495 3985 videatur,
1547 3926 1615 3974 si-

592 4023 793 4071 gnum..
815 4006 969 4055 anilla
997 4008 1204 4066 Leaecm'le',
1238 4024 1407 4057 nonne
1443 4019 1492 4055 ee
1521 4023 1613 4054 sua

596 4100 765 4152 sponte
781 4088 1056 4138 delectant?
1073 4096 1186 4152 post
1207 4088 1429 4153 parenth.
1449 4099 1614 4137 autem

1696 2183 1801 2245 ejus
1812 2182 2175 2248 oppositionem
2189 2182 2542 2231 interseruisse.
2559 2182 2636 2231 Ne
2647 2197 2731 2229 au·

1699 2273 1799 2311 tem
1824 2262 2066 2324 ejusmodi
2083 2261 2377 2311 anacolutha
2396 2278 2462 2311 ex
2486 2262 2731 2310 memorio

1699 2343 1840 2410 lapsu
1862 2354 1973 2392 orta
1999 2353 2144 2406 putes
2164 2354 2179 2388 ε
2206 2342 2436 2391 consulto
2456 2342 2728 2391 admittun-

1701 2433 1800 2483 tur,
1834 2439 1898 2471 ne
1937 2432 2052 2487 post
2085 2421 2362 2486 longiorem
2404 2423 2613 2472 maxime
2638 2436 2726 2482 ps-

1702 2504 1863 2551 renth.
1904 2501 2207 2551 constructio
2242 2503 2389 2549 nimis
2412 2501 2474 2548 ad
2500 2497 2724 2547 amussim

1703 2583 1831 2633 sacta
1852 2581 2090 2631 videatur.
2120 2581 2183 2630 G.
2199 2608 2270 2618 —-
2289 2582 2424 2629 Idem
2446 2581 2581 2627 Goer.
2609 2587 2726 2641 post

1702 2661 1884 2727 rffers,
1925 2677 2029 2709 non
2054 2660 2294 2725 virgulam
2315 2694 2332 2720 ,
2376 2658 2460 2707 sed
2488 2666 2727 2722 punctum

1699 2741 2099 2804 interrogationis
2121 2740 2285 2804 ponit.

1771 2819 1822 2868 6.
1856 2818 1911 2866 Si
1935 2819 1986 2866 in
2028 2835 2086 2867 eo
2120 2816 2416 2883 pes-sciuris.
2436 2849 2449 2864 .
2470 2813 2681 2881 mesen-e
2702 2822 2732 2864 :²

1701 2901 1900 2964 Ignorat
1912 2898 2010 2947 Erl.
2034 2897 2086 2945 in
2103 2914 2181 2945 eo.
2199 2897 2293 2946 Sed
2310 2898 2381 2945 sic
2401 2896 2549 2944 modo
2566 2906 2731 2959 poete

1699 2977 2182 3043 loquuntur,perstae
2190 2988 2395 3031 ceream,
2416 2989 2617 3040 negare,
2631 2984 2727 3022 etc.

1701 3059 1875 3120 Neque
1897 3055 2063 3104 audies
2093 3058 2210 3106 Em.
2235 3056 2322 3120 qui
2341 3052 2514 3119 referri
2535 3051 2726 3102 suadet.

1697 3138 1826 3186 vide
1845 3154 1938 3186 nos
1950 3153 2093 3202 supra
2108 3137 2171 3185 ad
2189 3137 2269 3195 15,
2293 3136 2382 3183 50:
2398 3135 2549 3182 «Sine
2569 3150 2625 3182 ea
2638 3134 2729 3199 igi-

1701 3228 1782 3265 tur
1809 3218 2028 3279 jucunde
2057 3228 2205 3283 negat
2235 3231 2379 3282 posse
2403 3214 2584 3264 vivere.
2603 3237 2629 3257 a·
2664 3217 2732 3261 Te

1703 3298 2017 3362 cogitandum
2078 3313 2180 3345 esse
2228 3310 2372 3361 supra
2425 3294 2725 3342 monuimus.

1703 3375 1977 3425 Persticeris
1994 3394 2068 3426 sc.
2098 3375 2324 3425 dicendo.
2345 3377 2411 3424 G.

1778 3470 1827 3515 7.
1867 3456 2014 3520 Quod
2043 3472 2163 3504 vero
2182 3472 2217 3503 a
2247 3468 2295 3504 te
2323 3454 2617 3518 disputatum
2644 3461 2729 3497 est.

1707 3533 1837 3582 Gud.
1878 3551 1925 3593 1,
1958 3537 2066 3586 Bas.
2106 3545 2203 3583 tres
2237 3536 2435 3582 Oxonu.
2463 3533 2597 3581 Crat.
2639 3545 2731 3592 pro

1705 3630 1740 3661 a
1767 3625 1840 3673 ee,
1869 3616 1967 3664 late
1991 3617 2115 3681 disp.
2143 3614 2292 3678 Quod
2314 3613 2474 3678 primo
2498 3610 2732 3674 adspectu

1705 3693 1928 3742 videatur
1953 3710 2057 3743 esse
2073 3692 2284 3758 aliquid,
2309 3706 2462 3754 quum
2484 3704 2599 3736 sane
2626 3689 2732 3735 haec

1705 3789 1732 3821 a
1760 3775 2016 3839 Torquato
2041 3776 2066 3820 1
2086 3809 2100 3832 ,
2145 3788 2202 3831 ¹7
2220 3805 2234 3828 ,
2269 3770 2365 3831 55,
2402 3784 2541 3832 seqq.
2583 3766 2733 3815 latius

1706 3851 2048 3902 edisseruntur.
2077 3849 2170 3897 Sed
2192 3861 2295 3897 tum
2329 3846 2476 3894 nimis
2499 3861 2621 3911 vage
2636 3846 2736 3894 dis-

1696 3942 1927 3997 putatum
1964 3942 2036 3977 ese
2078 3937 2342 3992 poneretur
2380 3941 2394 3974 ε
2449 3927 2547 3974 nisi
2597 3926 2738 3973 malis

1701 4012 1910 4073 junctim
1937 4010 2039 4056 late
2065 4025 2100 4055 a
2128 4018 2175 4053 te
2195 4004 2374 4067 scribi3
2413 4007 2554 4073 quod
2574 4018 2738 4057 tamen

1703 4090 1828 4140 nihil
1855 4103 2049 4140 necesse
2070 4097 2159 4137 est.
2180 4087 2244 4137 G.

728 4752 763 4757 μὶ
782 4750 831 4757 Ἴ-
862 4752 1119 4757 -v--rnmffl
1138 4750 1233 4757 a..-
1258 4750 1335 4757 -nrr
1380 4754 1385 4755 γ
1426 4750 1475 4757 ,ω
1496 4750 1509 4757 ⁴
1538 4746 2102 4758 Λιῌ-μμ-ι-ιη--ι--ᾸΫΫΫ-
