3217 4784
624 350 760 423 312
847 357 947 425 M.
981 358 1060 426 Τ.
1091 360 1266 430 CIC.
1306 362 1433 428 DE
1466 363 1644 431 FIN.
1687 365 1896 433 BON.
1941 364 2056 430 ET
2087 363 2307 431 MAL.
2343 364 2446 448 ΙΙ,
2486 359 2600 431 35.

620 473 878 548 dicare.
909 480 1503 574 1mmo‚inquit²4
1518 479 1870 567 arridens,
1902 484 2261 576 iniquum,
2295 480 2426 553 hac
2450 479 2746 578 quidem

621 583 713 657 de
747 610 850 658 re.
873 591 978 656 Tu
1000 576 1063 631 ²⁵
1092 590 1283 659 enim
1323 591 1457 660 ista
1496 591 1769 679 lenius;
1815 591 1936 662 hic
1962 593 2352 662 stoicorum
2383 616 2584 662 more
2611 617 2746 662 nos

618 710 844 766 vexat.
873 699 1058 766 Tum
1096 701 1434 788 Triariu5‚
1463 701 1766 773 Posthac
1811 702 2104 799 quidem
2127 758 2145 789 ,
2185 705 2460 798 inquit,
2519 701 2742 773 auda-

617 804 791 875 cius.
820 808 1003 877 Nam
1022 806 1173 880 haec
1208 810 1363 907 ipsa
1393 811 1574 882 mihi
1599 828 1815 883 erunt
1837 815 1916 883 in·
1950 828 2494 911 promptu‚quae
2520 811 2743 881 modo

616 910 885 999 audivi3
932 941 1070 988 nec
1112 932 1280 991 ante
1318 920 1718 1018 aggrediar,
1758 947 1979 1020 quarn
2012 937 2084 994 te
2113 921 2204 993 ab
2257 917 2519 1012 istisffi,
2554 946 2744 1019 quos

615 1022 823 1112 dicis»,
866 1026 1296 1100 instructum
1346 1031 1621 1103 videro.
1676 1033 1856 1121 Quae
1911 1057 2143 1129 quum
2200 1046 2442 1103 essent
2500 1031 2689 1103 dicta
2722 1087 2740 1117 ,

614 1128 833 1204 finem
863 1131 1162 1209 fecimus
1195 1154 1268 1209 et
1300 1139 1756 1230 ambulandi,
1791 1157 1864 1214 et
1893 1140 2314 1240 disputandi
2330 1151 2420 1208 ²7.

612 1309 793 1359 certius
826 1321 898 1359 est
916 1346 931 1372 ,
963 1311 1139 1374 adject.
1176 1315 1216 1361 si
1251 1314 1305 1363 in
1335 1331 1396 1364 eo
1430 1316 1627 1380 pondus

610 1387 760 1450 inest,
797 1390 1036 1456 praeponi.
1070 1393 1133 1441 G.

679 1471 952 1534 αιληιηιο,
965 1469 1137 1535 inquit.
1152 1471 1287 1520 Goer.
1305 1473 1624 1539 serib.Ejuro,

607 1546 786 1612 inquit.
841 1552 901 1598 In
963 1549 1156 1615 vulgata
1187 1586 1204 1614 ,
1250 1552 1410 1616 inquit
1443 1588 1458 1612 ,
1500 1571 1626 1602 aem-

603 1642 694 1691 per
715 1627 1044 1689 offendimus3
1085 1632 1196 1694 quia
1219 1632 1350 1680 enim
1371 1633 1496 1681 banc
1520 1633 1626 1681 elli-

603 1708 730 1772 psim
745 1708 909 1758 tulerit
920 1709 1121 1775 ?Neque
1134 1711 1205 1758 sic
1224 1711 1421 1761 codices
1441 1727 1455 1762 τ
1474 1714 1623 1761 immo

604 1796 701 1835 tres
742 1790 942 1838 Oxonn.
999 1805 1111 1837 cum
1133 1789 1262 1837 binis
1288 1794 1468 1840 nostris
1489 1792 1623 1858 jum.

603 1866 735 1931 spir.
770 1878 819 1915 et
860 1866 958 1916 Erl.
988 1867 1126 1932 jure.
1164 1868 1285 1915 Inde
1330 1870 1476 1918 nobis
1512 1874 1623 1936 plus

602 1962 748 2009 quam
772 1946 1060 1994 verosimilis
1084 1947 1363 2008 conjectura
1388 1948 1488 1996 visa
1515 1964 1587 2000 est
1604 1987 1620 2012 ,

600 2041 748 2088 quam
785 2025 1043 2075 edidimus.
1094 2027 1224 2076 Nota
1259 2026 1388 2074 enim
1429 2044 1491 2076 ex
1513 2029 1621 2090 inne

599 2102 798 2151 dicendi
843 2104 997 2152 forma
1020 2115 1118 2162 est,
1144 2103 1336 2170 ejurare
1367 2106 1619 2173 iniquum,

600 2182 676 2230 vel
678 2180 855 2246 forum
883 2183 962 2231 vel
975 2182 1193 2250 judicem
1207 2219 1222 2244 ‚
1241 2186 1276 2233 i.
1301 2202 1346 2234 e.
1368 2203 1537 2239 recuso
1566 2203 1623 2239 m

598 2260 837 2325 iniquum.
862 2263 1004 2312 verr.
1031 2265 1102 2311 111
1122 2299 1137 2321 ‚
1169 2264 1265 2325 60,
1298 2281 1425 2328 197:
1458 2292 1484 2312 α
1513 2271 1618 2320 Ne-

596 2340 861 2404 gotiatores
878 2351 1053 2405 putant
1069 2358 1171 2390 esse
1188 2353 1330 2409 turpe
1347 2379 1363 2405 ,
1381 2347 1435 2394 id
1454 2350 1617 2399 forum

596 2418 691 2466 sibi
702 2418 903 2478 ejurare,
916 2419 1002 2467 ubi
1016 2422 1371 2485 negotianturu.
1381 2422 1461 2475 Cf.
1472 2429 1612 2478 Orat.

591 2498 674 2554 11,
716 2512 812 2557 70,
840 2498 973 2557 285,
1001 2519 1026 2539 σι
1047 2515 1198 2563 quum
1236 2501 1282 2548 ei
1322 2504 1615 2571 (Scipioni)

592 2575 667 2623 M.
690 2575 888 2624 Flaccus
905 2609 922 2636 ,
944 2576 1108 2624 multis
1151 2579 1346 2642 probris
1380 2582 1611 2646 obiectis,

592 2656 644 2702 P.
678 2655 900 2702 Mucium
940 2656 1153 2716 iudicem
1195 2658 1395 2709 tulisset.
1440 2664 1614 2729 Eiet-o,

588 2734 750 2797 inquit
774 2768 790 2795 ,
808 2735 1046 2800 iniquum.
1073 2738 1238 2800 Quum
1264 2752 1389 2789 esset
1418 2742 1614 2793 admur-

589 2824 857 2864 muratum:
875 2815 982 2875 Ab,
1004 2815 1182 2879 inquit,
1209 2818 1266 2868 Ρ.
1300 2822 1357 2871 C.
1384 2837 1484 2870 uon
1513 2839 1608 2888 ego

588 2892 709 2941 mihi
744 2894 882 2943 illum
936 2895 1160 2961 iniquum
1218 2900 1349 2959 eiero
1369 2934 1383 2959 ‚
1438 2919 1607 2951 verum

587 2973 819 3029 omnibus
838 2995 882 3022 »-
928 2975 1070 3024 Adde
1113 2976 1326 3042 Philipp.
1366 2980 1502 3039 111,
1540 2997 1605 3049 7,

590 3054 653 3101 18
672 3087 687 3112 ,
728 3071 847 3103 «me
889 3050 1110 3120 iniquum
1139 3056 1421 3118 ejurabant,
1461 3070 1555 3107 ete.
1580 3084 1603 3102 .-

583 3135 695 3182 Hoc
741 3147 903 3183 autem
941 3134 1056 3183 loco
1096 3152 1125 3182 e
1157 3151 1245 3200 per
1286 3137 1603 3200 praecedeutis

581 3213 719 3261 vocis
731 3213 950 3262 nltimam
962 3214 1147 3262 literam
1175 3225 1370 3264 extrusa
1395 3227 1489 3266 est.
1529 3220 1599 3264 Ita

583 3290 777 3340 demum
794 3293 1033 3357 intelliges
1048 3328 1064 3355 ,
1081 3309 1169 3340 cnr
1185 3304 1360 3342 auctor
1372 3295 1599 3344 arridens

580 3369 864 3444 addiderit:
891 3386 982 3418 nec
1021 3371 1257 3435 negliges,
1295 3373 1430 3437 quod
1467 3375 1597 3423 idem

578 3448 635 3495 in
687 3447 924 3496 librorum
959 3446 1056 3496 fine
1100 3459 1270 3507 acute,
1320 3451 1399 3498 vel
1438 3453 1600 3517 lepide

577 3525 766 3574 dictum
799 3526 1001 3591 aliquod
1043 3526 1305 3579 admiscere
1342 3529 1481 3579 solet.
1518 3533 1596 3582 Cf.

576 3604 764 3655 Acadd.
801 3608 878 3663 11,
920 3606 1023 3663 48,
1075 3608 1171 3662 148
1214 3623 1227 3654 z
1279 3628 1301 3650 ι
1352 3610 1477 3656 Tum
1516 3610 1598 3659 ille

575 3683 596 3747 (
614 3680 940 3747 Hortensius)
957 3683 1150 3742 ridens,
1170 3683 1494 3735 tollendum».
1518 3691 1596 3738 Sic

573 3763 694 3809 item
714 3761 838 3809 infra
864 3763 938 3821 V,
981 3763 1082 3824 32,
1112 3766 1177 3828 98
1211 3781 1277 3812 τα
1298 3766 1416 3815 Non
1452 3784 1596 3831 quam

574 3852 787 3891 nostram
819 3842 1051 3906 quidem,
1090 3844 1253 3910 inquit
1292 3846 1596 3911 Pomponius

566 3923 740 3984 iocans
760 3944 800 3970 »-
830 3922 908 3973 Cf.
945 3924 1084 3972 Orat.
1116 3926 1169 3981 1,
1206 3926 1313 3987 623
1348 3925 1469 3973 ibid.
1512 3929 1591 3984 11,

572 4018 665 4063 90,
697 4004 822 4063 267,
840 4012 935 4051 etc.
972 4005 1061 4053 llis
1088 4005 1178 4051 rite
1204 4004 1591 4068 perpendendis,

1716 1321 1803 1367 vix
1845 1320 2102 1383 quisquam
2134 1318 2257 1376 erit,
2302 1315 2390 1380 qui
2429 1330 2521 1364 uos
2556 1317 2608 1362 in
2648 1332 2707 1363 eo
2728 1351 2742 1374 ,

1713 1398 1850 1461 quod
1875 1400 2011 1467 ejum
2037 1398 2340 1461 recepimus,
2375 1396 2486 1456 jure
2515 1411 2738 1443 accusare

1714 1474 2735 1542 audaciaepossit.—Inquit,sc.'1'orquatus.

1785 1558 1872 1605 25.
1896 1558 1993 1613 Tu,
2013 1556 2216 1623 einen-03
2247 1553 2330 1602 hic
2349 1588 2364 1612 ,
2392 1553 2626 1601 Triarius.

1788 1635 1873 1685 26.
1897 1634 1973 1683 Ab
1996 1633 2127 1691 istis,
2158 1649 2283 1697 quos
2309 1631 2450 1680 dicis.
2474 1633 2556 1681 Sc.
2581 1632 2730 1695 Syro-

1713 1732 1826 1764 nem
1856 1727 1906 1763 et
1933 1712 2299 1770 Pbilodemum,
2319 1711 2520 1776 Epicuri
2559 1711 2729 1759 desen·

1711 1810 1862 1844 sores.

1787 1889 1870 1935 27.
1897 1872 2063 1921 Finem
2081 1869 2298 1937 fecimus
2327 1881 2377 1917 et
2413 1868 2729 1932 ambulandi,

1712 1967 1759 2002 et
1777 1951 2076 2018 disputandi,
2110 1954 2180 2000 At
2205 1948 2455 2014 quomodo
2480 1948 2734 1997 ambulan-

1710 2032 1801 2079 di?
1819 2048 1927 2079 uam
1952 2031 2085 2080 nulla
2111 2040 2322 2093 utroque
2357 2030 2452 2077 boc
2483 2028 2611 2078 libro
2630 2045 2731 2076 am-

1709 2112 1971 2160 bulationis
1984 2111 2367 2160 mentio.Uuum
2389 2107 2511 2156 illud
2538 2108 2599 2155 sd
2628 2109 2731 2156 dia-

1709 2190 1811 2256 logi
1856 2193 1994 2256 qnasi
2031 2208 2222 2240 scenam
2258 2188 2557 2237 formandam
2583 2204 2727 2253 supra

1709 2270 1905 2318 additur
1931 2273 1985 2329 1,
2011 2271 2070 2326 5,
2102 2280 2182 2328 14,
2209 2272 2514 2332 Torquatum
2533 2268 2729 2315 etTria·

1709 2350 1834 2397 rium
1852 2347 2090 2396 salutandi
2112 2348 2363 2396 Ciceronis
2383 2361 2525 2394 causa
2553 2346 2604 2392 in
2628 2348 2725 2401 Cu-

1707 2443 1906 2475 manum
1941 2428 2143 2474 venisse.
2173 2425 2276 2472 Nec
2316 2425 2367 2469 in
2415 2422 2514 2470 fine
2548 2422 2724 2486 prioris

1707 2505 1856 2567 libri,
1892 2522 1982 2553 nec
2010 2503 2071 2550 ab
2099 2503 2242 2549 initio
2269 2499 2414 2560 hujus
2434 2501 2721 2563 posterioris

1705 2583 1999 2646 quidquam,
2042 2579 2178 2643 quod
2211 2577 2308 2625 buc
2353 2578 2479 2624 trahi
2505 2578 2662 2641 possit
2705 2591 2717 2622 :

1705 2662 1852 2708 immo
1875 2660 1925 2706 bi
1956 2659 2021 2704 ita
2038 2668 2169 2704 arcte
2186 2656 2463 2720 junguntur
2480 2690 2495 2714 ,
2518 2665 2574 2702 ut
2599 2637 2735 2703 cnu-⁸

1703 2740 1842 2788 tinuo
1861 2738 1923 2786 ab
1946 2735 2130 2784 ultimis
2160 2735 2453 2784 defensionis
2477 2734 2641 2782 verbis
2656 2734 2719 2782 ad

1700 2821 1854 2885 prima
1902 2814 2282 2882 oppugnationis
2321 2825 2491 2879 pergat
2540 2817 2716 2864 oratio.

1698 2899 1873 2963 Neque
1910 2896 2214 2946 intercidisse
2252 2893 2519 2958 quidquam
2547 2906 2718 2958 putes:

1697 2978 1913 3027 eamdem
1944 2979 2074 3025 enim
2107 2977 2346 3024 rationem
2371 2975 2500 3023 iuter
2527 2972 2717 3021 tertium

1695 3070 1742 3106 et
1788 3068 2013 3121 quartum
2055 3056 2233 3103 librum
2290 3063 2526 3101 servatam
2568 3051 2716 3098 vides.

1693 3136 1830 3198 Quid
1866 3135 2018 3197 igitur
2057 3132 2381 3194 iudicandum
2403 3125 2427 3177 ?
2452 3129 2554 3175 Vix
2583 3128 2717 3176 aliud

1691 3215 2001 3278 relinquitur,
2011 3228 2158 3275 quam
2175 3211 2272 3259 boc
2291 3208 2546 3269 :Auctori,
2566 3223 2716 3272 quum

1692 3294 1777 3341 diu
1813 3294 1904 3341 bos
1949 3291 2132 3350 libros,
2169 3301 2226 3337 ut
2261 3289 2311 3336 in
2348 3272 2716 3335 introductione

1693 3372 1964 3427 docuimus,
1977 3370 2028 3416 in
2041 3368 2231 3415 scriniis
2243 3364 2575 3421 continuisset,
2586 3381 2714 3412 non·

1693 3451 1826 3499 nulla
1862 3452 1914 3517 in
1941 3450 2001 3496 iis
2025 3445 2264 3503 subinde,
2288 3445 2361 3492 uti
2387 3442 2577 3491 solebat
2593 3475 2609 3501 ,
2633 3460 2710 3491 re·

1692 3529 1921 3586 secando,
1941 3525 2196 3585 addendo;
2217 3538 2366 3587 quum
2381 3520 2712 3568 consarcinas-

1691 3619 1765 3656 set
1789 3608 1971 3655 interea
2000 3608 2143 3653 etiam
2165 3603 2364 3651 alteram
2388 3598 2710 3645 Academico·

1689 3702 1797 3733 rum
1820 3686 2108 3743 editionem,
2128 3680 2517 3739 Tusculanasque
2533 3678 2711 3739 Dispu-

1689 3765 1898 3813 tationes
1939 3763 2243 3817 iucboasset;
2281 3756 2422 3804 facile
2458 3755 2551 3803 tale
2588 3755 2708 3819 quid

1685 3842 1906 3890 accidere
1928 3841 2121 3906 potuit,
2169 3848 2222 3885 ut
2249 3835 2374 3882 initii
2404 3833 2588 3881 oblitus
2613 3851 2704 3899 pu·

1686 3933 1807 3970 taret
1841 3932 1980 3969 antea
2025 3935 2076 3967 se
2116 3917 2176 3965 de
2212 3913 2542 3961 ambulatione
2580 3914 2709 3962 inter

1684 3999 2030 4065 disputandum
2059 3996 2352 4043 mentionem
2380 3992 2562 4040 secisse.

1140 4187 2155 4225 w
