3217 4784
809 400 932 467 DE
980 398 1153 467 FlN.
1210 397 1418 465 BoN.
1472 398 1584 465 ET
1634 400 1847 469 MAL.
1897 400 1992 483 v,
2034 394 2094 466 5.

2373 399 2510 496 557

387 539 569 595 esset
616 526 933 621 optimus
976 517 1394 618 reipublicae
1432 533 1704 591 status:
1747 520 1889 593 hoc
1925 521 2227 618 amplius
2276 523 2511 595 Theo-

385 634 827 729 phrastus¹2‚
866 656 1027 727 quae
1065 645 1303 700 essent
1338 630 1413 696 in
1451 630 1824 726 republica
1867 630 2366 704 inclinationes
2400 659 2511 706 re·

387 767 548 816 rum
567 797 586 830 ‚
612 757 682 814 et
721 754 1088 811 momenta
1124 753 1538 834 temporum
1563 794 1583 825 ‚
1636 738 1905 836 quibus
1933 756 2117 811 esset
2148 741 2515 813 moderan-

387 850 563 922 dum
587 906 607 937 ‚
640 864 1034 945 utcumque
1071 871 1186 916 res
1222 845 1641 942 postularet.
1683 849 1862 917 Vitae
1902 865 2142 921 autem
2172 851 2513 949 degendae

388 958 654 1033 ratio¹³
712 962 1019 1029 maxime
1055 954 1353 1052 quidem
1398 954 1537 1026 illis
1583 955 1858 1054 placuit
1905 962 2185 1055 quieta,
2225 965 2298 1032 in
2349 988 2515 1035 con-

389 1071 859 1168 templatione
902 1081 975 1137 et
1028 1066 1444 1162 cognitione
1495 1068 1730 1163 posita
1768 1091 2010 1138 rerum
2057 1097 2073 1137 :
2144 1095 2305 1167 quae
2348 1074 2516 1170 quia

388 1182 690 1251 deorum
728 1193 877 1249 erat
909 1182 1070 1247 vitae
1111 1175 1501 1263 simillima,
1542 1181 1862 1274 sapiente
1907 1181 2053 1248 visa
2098 1193 2205 1250 est
2246 1180 2511 1277 dignis-

389 1295 563 1361 sima
589 1346 609 1381 ‚
656 1306 871 1388 atque
907 1289 1018 1359 his
1067 1287 1158 1359 de
1199 1286 1418 1359 rebus
1455 1302 1529 1358 et
1564 1288 1944 1385 splendida
1984 1304 2093 1359 est
2146 1315 2400 1361 eorum
2445 1308 2516 1362 et

391 1402 680 1473 illustris
708 1404 963 1472 oratio,

488 1518 574 1585 V.
623 1516 733 1584 De
768 1534 1052 1582 summo
1079 1523 1319 1578 autem
1359 1505 1592 1594 bono,
1621 1508 1792 1604 quia
1817 1506 1966 1579 duo
1994 1533 2255 1605 genera
2289 1509 2512 1581 libro·
2558 1540 2616 1575 ιι

391 1644 557 1689 rum
590 1632 758 1690 sunt
776 1640 1041 1702 ,unum
1071 1610 1516 1710 populariter
1543 1616 1889 1710 scriptum
1912 1667 1931 1701 ‚
1952 1613 2147 1710 quod
2170 1611 2516 1715 ἐξωτερικὸν

398 1725 897 1826 appellabant3
939 1724 1244 1794 alterum
1278 1722 1622 1809 limatiu3‚
1650 1722 1850 1820 quod
1890 1724 1963 1793 in
1998 1731 2529 1798 commentariis

401 1839 886 1935 reliquer,unt¹
917 1863 933 1903 ι
974 1859 1122 1904 non
1169 1855 1456 1929 semper
1487 1832 1677 1903 idem
1712 1831 1947 1905 dicere
1989 1834 2360 1924 videntur,
2398 1862 2532 1906 nec

474 2031 557 2062 ια.
620 2015 727 2061 Hoc
782 2011 990 2075 amplius
1049 2000 1412 2073 Theophrastus.
1508 2008 1705 2074 liorque
1731 2010 2055 2060 tractabatur:
2079 2011 2132 2058 id
2159 2012 2222 2059 ad
2219 2013 2373 2113 fnlgi
2391 2013 2534 2061 intel·

400 2098 542 2156 Legg.
570 2096 641 2141 111
662 2128 676 2151 ,
712 2093 774 2150 6,
800 2100 895 2146 ¹4:
928 2090 1408 2152 «Theophrastus...

396 2173 665 2231 habitavit,
693 2180 749 2217 ut
785 2169 918 2216 scitis
935 2204 949 2227 ,
979 2168 1031 2214 in
1059 2184 1118 2215 eo
1144 2183 1317 2231 genere
1345 2181 1421 2212 re·

396 2271 506 2302 rum
530 2274 551 2296 ι
570 2289 585 2314 ‚
608 2253 643 2300 i.
664 2268 705 2297 e.
728 2248 1060 2314 politicarum.
1085 2250 1319 2310 Magnum
1339 2262 1422 2293 au-

397 2346 496 2382 tem
523 2331 760 2380 librorum
787 2330 892 2389 ejus
926 2342 1179 2374 numerum
1208 2336 1423 2373 recenset

398 2414 614 2475 Diogen.
645 2413 800 2457 Laert.
816 2411 886 2454 VI
900 2442 915 2465 ,
950 2406 1013 2461 45
1030 2441 1043 2462 ‚
1079 2406 1142 2452 ad
1164 2421 1236 2451 res
1256 2404 1423 2451 civiles

398 2490 736 2555 spectantium.
760 2491 835 2535 Ex
861 2485 1040 2549 quibus
1060 2485 1109 2533 h.
1140 2483 1172 2531 l.
1195 2484 1301 2533 Cic.
1324 2499 1423 2529 ma-

398 2572 528 2617 xime
555 2579 767 2632 quatuor
791 2566 903 2614 illos
921 2562 1245 2626 Theophrasti
1270 2561 1424 2610 libros

403 2650 605 2696 inuuere
637 2647 855 2703 videtur,
888 2641 1140 2696 Πολιτικοὶ
1166 2642 1283 2710 πρὸς
1312 2640 1425 2699 τοὺς

399 2728 597 2798 καιροὺς
622 2728 901 2790 inscriptos.
918 2725 985 2771 G.

478 2810 559 2855 13.
614 2805 742 2852 Vieoe
790 2815 953 2851 autem
996 2800 1235 2864 degendoe
1281 2797 1426 2846 ratio.

402 2888 535 2936 Crat.
564 2884 804 2947 eligenda
823 2898 843 2928 .·
881 2879 1018 2943 quod
1042 2879 1208 2926 nescio
1234 2893 1296 2925 au
1325 2893 1429 2924 nou

402 2966 465 3012 sit
511 2960 866 3027 preferendum
917 2971 931 3004 :
988 2957 1254 3019 saepissime
1300 2965 1428 3002 certe

402 3043 579 3108 eligere
627 3041 678 3087 in
732 3038 912 3101 degere
960 3036 1137 3083 mutari
1183 3034 1339 3091 solet3
1382 3045 1431 3080 et

403 3121 603 3186 proprie
630 3118 738 3168 Cic.
770 3138 795 3159 α
816 3115 930 3163 vitae
956 3113 1228 3171 rationem,
1250 3127 1429 3174 genus,

404 3200 579 3263 eligere
598 3222 641 3244 »-
672 3199 733 3245 G.

473 3277 537 3328 V.
581 3292 625 3324 1.
666 3277 823 3323 Unum
859 3271 1160 3337 populariter
1204 3271 1432 3335 scriptum

415 3394 456 3409 ..
469 3359 700 3408 ‚alterum
744 3354 958 3403 limacius
971 3386 986 3407 ,
1029 3350 1168 3416 quod
1205 3349 1256 3397 in
1302 3364 1431 3396 com-

404 3435 652 3488 mentariis
672 3435 762 3483 rel.
785 3434 1002 3481 Primum
1039 3445 1191 3494 genus
1215 3426 1430 3493 appella·

405 3519 551 3568 batur
577 3509 873 3581 ίξωτιρικόν·
898 3510 1035 3575 quod
1062 3508 1280 3571 vulgares
1302 3522 1425 3554 cou-

406 3598 595 3646 tinebat
631 3592 982 3658 disputatio-nes
1005 3624 1021 3652 ,
1057 3599 1107 3636 et
1143 3603 1253 3652 qnae
1294 3595 1432 3634 erant

407 3677 602 3741 scriptae
649 3671 994 3737 negligentius,
1032 3668 1191 3732 adque
1236 3675 1432 3730 captum

409 3754 694 3820 popularem
735 3749 1147 3806 accommodatam
1198 3743 1432 3810 quodque

408 3834 637 3882 omnihus
664 3830 920 3895 legendum
948 3825 1335 3895 proponebatur.
1373 3825 1433 3871 Iu

412 3912 470 3960 iis
499 3924 661 3961 autem
692 3912 832 3959 libris
865 3908 1117 3975 prooemiis
1142 3904 1432 3955 Aristoteles

409 3991 654 4051 utebatur,
687 4002 744 4043 ut
781 3991 844 4039 ad
883 3989 1103 4037 Atticum
1143 3984 1315 4033 scribit
1359 3984 1436 4032 Ci-

410 4082 541 4117 cero.
591 4069 813 4118 Alterum
861 4084 1013 4133 genus
1054 4060 1431 4132 ἀκροαματυών,

411 4147 461 4191 in
501 4163 603 4212 quo
642 4147 952 4211 philosophia
983 4144 1218 4195 remotIor
1234 4178 1247 4203 ‚
1275 4140 1432 4191 subti-

1511 2089 1762 2153 ligentiam
1798 2091 1994 2137 minime
2032 2101 2198 2155 aptum
2227 2105 2347 2142 erat.
2379 2095 2534 2141 Priori

1513 2170 1680 2233 generi
1723 2170 1994 2217 exercendo
2039 2173 2369 2235 vespertinum
2418 2184 2535 2220 tem-

1514 2265 1638 2313 pus,
1671 2250 1931 2312 posteriori
1956 2252 2246 2299 matutinum
2274 2251 2419 2299 dabat
2450 2267 2464 2299 τ
2492 2265 2542 2301 et

1514 2328 1631 2391 quia
1665 2338 1874 2391 utroque
1903 2339 2124 2393 tempore
2156 2330 2411 2378 ambulans
2442 2331 2537 2379 dis-

1514 2405 1706 2454 serebat
1727 2441 1743 2466 ,
1796 2406 1934 2453 illum
1995 2402 2194 2458 δειλινὸν
2247 2406 2506 2475 περίπατον
2527 2448 2542 2469 ,

1513 2483 1646 2532 hunc
1674 2484 1853 2533 ἑωθινὸν
1887 2486 2217 2548 nuncupabat.
2245 2488 2405 2549 Quam
2439 2504 2539 2535 rem

1514 2564 1658 2611 latins
1685 2562 1896 2624 Gellius,
1933 2562 2021 2613 lib.
2041 2565 2172 2625 XX,
2211 2581 2320 2629 cap.
2342 2574 2371 2621 4
2390 2605 2406 2630 ,
2435 2584 2543 2631 per-

1515 2642 1748 2705 sequitur.
1773 2643 1915 2689 Μοι.
1943 2668 2014 2678 -
2040 2643 2117 2691 cf.
2137 2659 2334 2708 qnoque
2354 2647 2543 2696 Introd.

1517 2719 1716 2767 Alcinoi
1742 2719 1805 2766 ad
1833 2719 2136 2768 Platonicam
2163 2721 2436 2771 doctrinam
2454 2761 2468 2782 ,
2495 2739 2542 2774 et

1518 2797 1749 2846 Brncker.
1771 2797 1902 2846 nist.
1917 2799 2101 2848 Philos.
2128 2810 2249 2850 tom.
2272 2804 2326 2861 1,
2350 2819 2399 2865 p.
2424 2804 2544 2867 659.

1518 2879 1637 2926 edit.
1665 2885 1813 2938 ¹74²·
1843 2878 1892 2926 J.
1911 2879 1976 2927 V.
2008 2881 2209 2928 L.-De
2228 2879 2412 2944 duplici
2433 2886 2544 2931 Ari-

1520 2957 1856 3005 stotelicorum
1890 2956 2216 3020 scriptorum,
2260 2954 2542 3027 ἐξωτερικῶν

1519 3045 1567 3081 et
1587 3032 1974 3099 ἀκροαματικῶν,
1988 3048 2176 3096 genere,
2196 3046 2373 3097 praeter
2392 3038 2538 3096 aiios,

1519 3112 1787 3174 eleganter,
1829 3122 1887 3158 ut
1924 3111 2080 3169 solet,
2122 3112 2406 3176 eruditeque
2446 3119 2547 3179 egit

1519 3206 1678 3254 nuper
1702 3187 2116 3252 Wyttenbachius
2152 3189 2205 3236 in
2237 3192 2441 3255 epistola
2479 3198 2544 3243 ad

1519 3267 1787 3316 Heusdium
1802 3301 1816 3324 ‚
1842 3281 1951 3329 que
1976 3267 2122 3326 hujus
2146 3270 2412 3332 Specimini
2439 3274 2545 3322 Cri-

1523 3348 1624 3395 tiro
1672 3348 1726 3394 iu
1773 3345 2026 3393 Platonem
2069 3348 2311 3411 praemissa
2352 3349 2544 3417 legitur,

1518 3440 1632 3490 pag.
1671 3425 1766 3484 46,
1807 3438 1943 3487 seqq.
1982 3424 2170 3473 Laudat
2211 3428 2285 3473 vir
2325 3430 2545 3494 egregius

1518 3506 1771 3553 Ammonii
1787 3539 1801 3562 ,
1828 3504 2039 3552 Hermiae
2054 3503 2169 3567 filii,
2191 3508 2461 3561 Commeat.
2483 3515 2547 3561 ad

1520 3584 1798 3632 Aristotelis
1835 3583 2113 3647 Categorias
2137 3621 2153 3645 ,
2190 3602 2300 3651 pag.
2350 3581 2416 3649 [ιζ
2461 3594 2545 3656 qui

1519 3665 1700 3729 scripta
1728 3662 2006 3711 Aristotelis
2037 3664 2107 3710 sic
2134 3665 2422 3730 distinguit,
2450 3694 2474 3713 a
2495 3684 2545 3719 ut

1519 3753 1708 3799 essent,
1736 3741 1815 3790 vel
1853 3739 2165 3801 συντακτυιὰ,
2195 3744 2245 3792 id
2273 3758 2346 3794 est
2365 3785 2379 3807 ,
2398 3766 2546 3815 opera

1521 3821 1794 3884 composita
1811 3856 1825 3879 ‚
1881 3820 2123 3885 descripta
2140 3856 2155 3880 ,
2207 3823 2426 3874 absoluta
2482 3830 2544 3877 ad

1522 3901 1788 3949 editionem
1824 3899 2131 3964 aliorumque
2173 3906 2504 3965 cognitionem
2530 3924 2544 3956 :

1524 3980 1600 4029 vel
1628 3975 1999 4047 ὕπομνηματαὰ
2034 3977 2168 4043 (quai
2195 3980 2343 4030 latine
2379 3984 2545 4033 dicau-

1526 4073 1607 4108 tur
1642 4058 2090 4111 commentariensis
2126 4071 2212 4109 aut
2247 4074 2543 4111 commenta·

1500 4212 1503 4215 Ι
1529 4137 1622 4206 ria)
1638 4172 1653 4197 ,
1681 4153 1792 4201 que
1811 4139 2032 4187 noudum
2053 4138 2117 4187 ad
2140 4138 2402 4188 editionem
2422 4158 2546 4190 con-
