3217 4784
644 471 733 551 24
1326 468 1977 538 ARGUMENTU
1997 470 2090 535 M.

716 587 1038 666 percurrit,
1062 601 1267 646 notans
1294 588 1389 648 hic
1417 591 1553 663 illic,
1581 609 1712 667 quae
1740 609 1812 647 ex
1841 609 1908 647 ea
1936 588 2048 667 ipsi
2071 588 2412 666 displiceant
2422 594 2493 660 ‚5
2522 589 2767 660 13—17.

715 688 780 754 1n
811 681 1068 758 Physicis
1097 684 1288 760 primo
1319 686 1635 764 Epicurum
1661 697 1846 742 totum
1873 683 2126 762 pendere
2159 704 2193 741 a
2220 684 2556 742 Democrito
2577 726 2593 755 ‚
2623 682 2772 741 labi-

713 800 828 858 que
859 779 1171 853 continu0,
1198 782 1244 839 si
1278 783 1511 860 quando
1541 803 1672 841 eum
1709 783 2002 861 corrigere
2030 795 2294 840 conetur.
2329 787 2417 840 Ita
2454 782 2528 840 de
2566 780 2770 840 atomis

715 895 895 954 quum
925 889 1115 934 cetera
1144 877 1298 937 illius
1325 880 1463 937 vitia
1492 880 1896 951 communicet,
1909 878 1981 936 de
1999 879 2202 937 harum
2235 891 2396 937 motu
2431 892 2585 937 recte
2616 878 2770 935 hunc

715 971 950 1051 quidem
978 972 1217 1047 vidisse,
1247 976 1295 1033 si
1333 975 1405 1035 ad
1440 977 1679 1047 lineam,
1717 988 1782 1033 ut
1809 976 1994 1033 solida
2037 996 2316 1055 corpora,
2345 975 2613 1034 deorsum
2649 975 2769 1031 fer-

718 1081 954 1139 rentur,
1005 1069 1219 1128 nullam
1271 1090 1472 1130 earum
1517 1071 1904 1130 adhaesionem
1925 1114 1940 1139 ‚
1992 1083 2165 1148 atque
2219 1072 2299 1129 ita
2340 1092 2446 1129 nec
2489 1070 2768 1128 mundum

715 1166 865 1223 effici
891 1184 1059 1243 posse
1093 1189 1107 1224 ε
1153 1167 1252 1225 sed
1287 1170 1592 1246 pueriliter
1629 1169 2072 1227 declinationem
2104 1167 2416 1246 quamdam
2451 1188 2648 1226 earum
2684 1181 2771 1225 te-

715 1263 1016 1321 merariam
1064 1265 1326 1337 finxisse3
1377 1266 1437 1323 in
1477 1287 1593 1344 qua
1637 1279 1828 1324 tamen
1870 1267 1960 1325 vel
1998 1267 2080 1325 sic
2122 1265 2266 1324 nihil
2305 1279 2644 1344 assequutus
2673 1266 2765 1323 sit.

716 1365 962 1419 Peccare
992 1381 1127 1419 eum
1155 1363 1329 1421 etiam
1355 1364 1415 1422 in
1441 1363 1579 1422 solis
1616 1363 2010 1442 magnitudine
2030 1406 2047 1433 ,
2089 1382 2262 1440 quem
2292 1364 2414 1421 fere
2441 1362 2768 1441 bipedalem

716 1470 907 1527 vocet,
932 1477 1110 1535 quum
1143 1460 1410 1518 eumdem
1425 1462 1797 1520 Democritus
1827 1474 1981 1518 recte
2003 1480 2272 1537 magnum
2309 1459 2539 1517 dixerit.
2565 1464 2770 1518 Cetera

714 1554 908 1612 omnia
935 1574 1056 1613 esse
1080 1558 1432 1631 Democriti,
1462 1573 1519 1617 et
1548 1572 1743 1616 tamen
1772 1557 1960 1627 hunc,
1987 1577 2021 1615 a
2051 1557 2288 1634 reliquis
2320 1555 2620 1614 laudatum
2640 1600 2657 1627 ,
2693 1556 2766 1613 ab

716 1650 830 1709 hoc
860 1652 1085 1731 ingrate
1114 1654 1469 1734 vituperari,
1501 1662 1531 1728 S
1562 1674 1812 1728 17—22.
1858 1660 1925 1713 In
1960 1654 2159 1731 logicis
2202 1652 2411 1712 deinde
2455 1653 2767 1762 Epicurum

711 1749 880 1827 plane
911 1770 1190 1809 marcere.
1235 1752 1500 1829 Rejicere
1541 1772 1674 1809 eum
1718 1750 2114 1821 definitiones,
2160 1771 2218 1809 ιι
2205 1750 2308 1808 {hil
2350 1749 2665 1829 praecipere
2695 1748 2769 1807 de

708 1844 1023 1904 dividendo
1052 1859 1111 1902 et
1140 1846 1482 1923 partiend0‚
1506 1846 1649 1903 nihil
1683 1845 1756 1903 de
1783 1845 2168 1904 concludendi
2198 1846 2467 1904 ratione.
2496 1846 2556 1903 in
2585 1845 2768 1903 sensi-

710 1940 820 2000 bus
848 1941 922 2000 ab
953 1961 1023 1999 eo
1056 1943 1224 1999 unice
1260 1961 1463 2001 verum
1491 1942 1652 2020 poni.
1685 1943 1856 2000 Fines
1888 1940 2138 2019 denique
2168 1943 2457 2000 bonorum
2492 1956 2549 1999 et
2581 1942 2770 1999 malo-

715 2058 842 2097 rum
864 2038 995 2116 ipsi,
1014 2057 1147 2095 cum
1171 2037 1492 2116 Aristipp0‚
1505 2038 1866 2116 voluptatem
1888 2058 2011 2096 esse
2029 2051 2086 2095 et
2100 2037 2393 2107 dolorem3
2417 2058 2532 2117 qua
2548 2052 2769 2096 senten-

714 2135 790 2193 tia
812 2134 956 2191 nihil
974 2134 1046 2191 sit
1066 2133 1306 2207 homini,
1322 2133 1395 2191 ad
1411 2134 1631 2211 majora
1651 2154 1685 2191 a
1709 2148 1913 2193 natura
1936 2149 2093 2207 nato,
2116 2134 2405 2212 indignius
2423 2178 2439 2204 ‚
2469 2138 2767 2207 §aa—26.

792 2233 1143 2287 Provocatus
1188 2229 1278 2287 his
1308 2229 1474 2289 dictis
1517 2233 1883 2307 Torquatus,
1929 2247 1987 2290 et
2023 2253 2055 2290 a
2096 2235 2324 2291 Triario
2376 2233 2553 2309 magis
2595 2233 2770 2289 etiam

716 2327 1041 2399 lacessituS,
1065 2328 1180 2386 alio
1211 2327 1447 2406 quidem
1485 2341 1748 2408 tempore
1777 2331 2002 2407 reliqua
2032 2331 2091 2388 in
2121 2332 2377 2409 Epicuro
2419 2329 2771 2405 reprehensa

712 2422 1083 2483 defensurum
1116 2444 1176 2483 sc
1208 2425 1524 2505 promittit3
1563 2447 1716 2483 nunc
1749 2440 1938 2484 autem
1968 2445 2088 2483 rem
2121 2425 2178 2482 in
2212 2425 2369 2482 omni
2400 2424 2770 2502 philosophia

660 2508 667 2515 ⁵
714 2521 1020 2580 maximam
1051 2523 1429 2601 expositurus
1449 2568 1467 2596 ‚
1512 2522 1586 2581 de
1619 2524 1823 2580 ultimo
1851 2521 2136 2579 bonorum
2165 2542 2235 2579 ex
2260 2520 2518 2599 ejusdem
2545 2524 2767 2581 ratione

712 2617 774 2675 in
825 2618 1123 2696 voluptate
1178 2618 1485 2696 ponende,
1535 2638 1705 2696 agere
1758 2610 2044 2685 instituit’,
2103 2631 2275 2695 atque
2322 2618 2401 2675 ita
2448 2618 2767 2692 exorditur,

714 2719 744 2785 S
772 2714 1025 2771 26—30.

792 2815 981 2870 Omne
1005 2854 1022 2882 ,
1072 2829 1143 2867 ex
1175 2831 1293 2888 quo
1334 2826 1534 2870 natum
1576 2812 1684 2880 sit,
1725 2811 1966 2879 animal,
2000 2812 2359 2890 voluptatem
2390 2826 2454 2871 ut
2481 2832 2764 2871 summum

712 2909 930 2969 bonum
964 2921 1268 2987 appetere,
1313 2909 1573 2967 dolorem
1606 2922 1668 2966 ut
1702 2927 1990 2966 summum
2023 2910 2235 2967 malum
2265 2911 2562 2989 resugere3
2593 2910 2766 2987 idque

708 3008 835 3083 ipsa
865 3019 1070 3063 natura
1110 3005 1275 3062 duce.
1319 3004 1455 3082 Ejus
1497 3005 1581 3061 rei
1624 3003 1973 3081 probatione
2018 3005 2159 3063 nihil
2209 3025 2331 3064 esse
2376 3026 2556 3084 opus,
2583 3025 2762 3084 quum

711 3122 872 3179 aeque
901 3102 1179 3159 sentiatur
1199 3112 1375 3176 atque
1404 3100 1564 3158 calor
1590 3099 1770 3177 igniS,
1804 3101 2102 3179 mellisque
2131 3102 2408 3173 dulcedo;
2440 3101 2576 3160 satis
2607 3121 2762 3169 esse,

710 3198 759 3255 si
788 3210 1089 3254 moneatur
1112 3219 1125 3251 :
1165 3217 1382 3273 neque,
1418 3209 1632 3274 praeter
1655 3217 1923 3255 sensuum
1949 3200 2268 3269 veritatem,
2299 3218 2372 3256 ex
2394 3198 2517 3256 sola
2539 3198 2765 3256 ratione

713 3292 857 3351 certi
883 3292 1199 3370 quidquam
1235 3296 1356 3371 peti
1381 3312 1566 3371 posse.
1605 3299 1694 3352 Ita
1722 3286 2049 3372 Epicurum.
2099 3293 2212 3355 Sed
2241 3314 2363 3352 esse
2384 3294 2663 3371 quosdam
2693 3315 2764 3351 ex

710 3392 835 3469 ejus
877 3389 1119 3460 familia,
1165 3391 1267 3466 qui
1293 3391 1354 3448 in
1386 3390 1513 3448 solo
1553 3410 1822 3450 sensuum
1848 3390 2073 3469 judicio
2101 3411 2218 3448 non
2254 3394 2619 3467 acquiescant
2640 3432 2657 3462 ,
2707 3404 2766 3447 ct

711 3489 980 3548 rationali
1010 3490 1103 3546 via
1131 3487 1384 3565 probare
1408 3490 1696 3559 nitantur,
1733 3493 2092 3568 voluptatem
2133 3491 2315 3568 ipsam
2355 3510 2464 3567 per
2486 3510 2546 3548 se
2582 3510 2763 3568 expc-

712 3585 942 3644 tendam
967 3605 1111 3653 esse,
1138 3586 1380 3662 parique
1403 3584 1577 3643 modo
1601 3586 1863 3644 dolorem
1893 3585 2227 3664 fugiendum
2243 3627 2259 3654 ‚
2282 3606 2355 3643 ex
2387 3587 2548 3644 velut
2569 3588 2766 3644 innata

708 3684 910 3741 animis
952 3682 1187 3740 notione
1228 3680 1288 3738 id
1327 3695 1670 3759 repetentes.
1712 3683 1874 3741 Alios
1905 3683 2019 3740 hoc
2059 3684 2250 3760 ipsum
2284 3695 2551 3740 accurata
2588 3703 2762 3760 argu-

708 3778 999 3837 mentandi
1026 3778 1249 3835 ratione
1280 3777 1607 3837 docendum
1636 3799 1759 3837 esse
1796 3792 2048 3837 statuere
2073 3800 2087 3835 :
2113 3798 2229 3835 non
2260 3779 2415 3836 enim
2442 3779 2611 3837 nimis
2643 3800 2764 3837 esse

708 3895 893 3932 causae
922 3874 1236 3963 fidendum,
1268 3880 1297 3947 5
1324 3876 1573 3933 30—32.
1594 3879 1716 3933 Hos
1734 3880 2065 3953 Torquatus
2086 3875 2209 3954 ipse
2231 3890 2536 3953 sequutu5‚
2567 3889 2764 3954 aperte

708 3971 945 4041 docere,
983 3993 1052 4030 ex
1089 3972 1226 4051 ipsis
1252 3973 1485 4051 Epicuri
1512 3972 1710 4040 dictis,
1749 3973 2077 4050 pollicetur,
2112 3994 2230 4050 quo
2262 3995 2332 4031 ex
2361 3994 2560 4031 errore
2597 3974 2766 4032 volu-

707 4085 838 4150 ptas
855 4090 889 4129 a
908 4090 1069 4130 secus
1096 4070 1474 4131 sentientibus
1501 4070 1808 4148 rejiciatur,
1826 4069 2111 4148 dolorque
2138 4071 2437 4150 probetur.
2462 4072 2764 4130 Neminem

708 4171 861 4229 enim
910 4192 1014 4250 per
1060 4194 1120 4231 se
1172 4173 1523 4250 voluptatem
1565 4190 1866 4240 accusare,
1915 4170 2290 4247 doloremque
2333 4169 2604 4243 laudare3
2662 4169 2762 4229 sed
