3217 4784
700 432 841 516 480
1389 426 1486 493 Μ.
1539 424 1616 490 Τ.
1669 419 2156 492 CICERONIS

701 554 916 640 tium,
953 549 1126 622 dum
1163 545 1427 644 eligant
1463 538 1849 640 aliquid¹⁰‚
1896 538 2094 638 quod
2135 552 2568 636 sequautur,
2614 542 2836 636 quasi

699 678 903 737 curta
950 657 1398 733 sententian.
1450 659 1539 725 At
1586 676 1761 724 vero
1806 650 1926 724 illa
1968 647 2282 748 perfecta
2330 662 2549 745 atque
2604 647 2832 745 plena

696 794 991 856 eorum,
1034 768 1161 863 qui
1214 787 1442 861 quum
1479 762 1572 834 de
1615 761 1929 834 hominis
1972 782 2257 831 summo
2303 757 2506 830 bono
2541 781 2826 854 quaere-

594 918 659 985 37
697 895 894 968 rent,
919 876 1191 949 nullam
1219 878 1293 945 in
1323 898 1413 946 eo
1441 896 1682 970 neque
1717 866 1976 959 animi,
2014 893 2255 966 neque
2290 869 2617 967 corporis
2651 891 2824 967 par-

694 1005 841 1062 tem
868 998 928 1032 ¹²
972 1009 1267 1058 vacuam
1311 983 1536 1055 tutela
1570 980 2043 1077 reliquerunt.
2083 982 2232 1050 Vos
2273 990 2551 1064 autem,
2599 981 2821 1065 Cam,

692 1102 863 1199 quia
896 1100 1164 1183 virtus»,
1204 1110 1287 1166 ut
1311 1117 1563 1166 omnes
1599 1090 1950 1176 fatemur,
1992 1088 2412 1160 altissimum
2453 1087 2694 1158 locum
2737 1090 2822 1158 in

689 1211 986 1283 homine
1032 1222 1104 1279 et
1142 1206 1450 1277 maxime
1499 1200 1969 1274 excellentem
2005 1212 2242 1284 tenet,
2285 1211 2360 1269 et
2407 1198 2607 1295 quod
2642 1221 2774 1268 eos
2801 1251 2823 1285 ,

688 1324 816 1422 qui
860 1323 1217 1420 sapientes
1266 1329 1475 1400 sunt,
1524 1310 1893 1389 absolutos
1935 1323 2010 1381 et
2044 1306 2403 1407 perfectos
2438 1322 2822 1407 putamus,

686 1435 909 1504 aciem
955 1431 1363 1503 animorum
1416 1439 1829 1495 nostrorum
1873 1423 2157 1490 virtutis
2208 1418 2592 1517 splendore
2629 1442 2816 1517 prae-

685 1542 1048 1640 stringitis.
1105 1543 1189 1610 In
1231 1538 1433 1609 omni
1473 1534 1668 1607 enim
1719 1532 2081 1603 animante
2124 1542 2233 1601 est
2273 1552 2638 1600 summum
2690 1528 2819 1598 ali-

683 1653 863 1753 quid
894 1667 1113 1750 atque
1141 1650 1496 1747 optimum
1519 1698 1538 1732 ‚
1565 1658 1648 1716 ut
1687 1643 1765 1715 in
1799 1642 2042 1739 equiS,
2070 1641 2146 1709 in
2177 1636 2506 1725 canibus;
2541 1636 2817 1735 quibus

680 1779 920 1836 tamen
951 1776 1023 1833 et
1050 1760 1303 1833 dolore
1324 1778 1574 1827 vacare
1606 1775 1795 1851 opus
1821 1765 1968 1838 est,
2005 1763 2077 1821 et
2106 1748 2363 1820 valere.
2388 1740 2571 1821 Sic¹3
2595 1742 2817 1844 igitur

678 1876 754 1943 in
789 1873 1091 1943 homine
1124 1865 1473 1968 perfectio
1507 1866 1681 1947 ista,
1708 1863 1780 1931 in
1809 1885 1897 1932 eo
1936 1859 2429 1957 potissimum,
2459 1856 2661 1954 quod
2700 1872 2814 1929 est

677 1985 1071 2082 optimum,
1116 1978 1188 2050 id
1229 1991 1375 2063 est,
1423 1976 1499 2044 in
1531 1974 1796 2043 virtute
1835 1966 2278 2041 laudatur14.
2336 1971 2443 2038 Ita
2500 1992 2591 2039 ue
2630 1967 2812 2038 mihi

677 2117 826 2163 nou
856 2092 1022 2162 satis
1048 2085 1390 2158 videmini
1421 2080 1902 2167 considerare,
1928 2077 2130 2176 quod
2155 2079 2294 2150 iter
2312 2078 2437 2150 sit¹
2506 2092 2808 2165 naturae,

676 2291 788 2345 bat.
816 2304 962 2353 quam
987 2289 1229 2337 statuebat
1247 2302 1348 2335 esse
1366 2285 1614 2342 ultimum,
1635 2281 1699 2332 ad
1788 2280 1923 2330 tione
1951 2280 2155 2343 dieitur;
2183 2280 2296 2330 vide
2322 2282 2464 2345 Legg.
2491 2283 2542 2340 1,
2587 2297 2644 2330 11
2664 2316 2681 2341 ‚
2716 2283 2803 2332 31.

675 2368 806 2434 quod
833 2369 990 2417 omnin
1027 2368 1191 2416 referri
1231 2367 1479 2416 deberent.
1515 2369 1700 2418 contra
1785 2387 1856 2397 —-
1892 2360 2036 2408 Enim
2075 2376 2166 2424 pro
2202 2370 2365 2407 autem
2406 2359 2616 2421 dieitur,
2655 2378 2805 2425 quum

674 2448 914 2496 Zenonem
936 2446 1146 2513 scripsit.
1166 2447 1246 2497 Cf.
1274 2446 1397 2494 infru
1418 2447 1494 2503 V,
1517 2447 1545 2493 8
1561 2480 1577 2503 ,
1603 2445 1695 2495 23.
1784 2439 1890 2487 haec
1924 2440 2022 2487 sint
2052 2438 2411 2488 refellentis.—
2436 2442 2496 2487 In
2529 2438 2697 2487 iisdem
2729 2440 2804 2488 his

749 2542 831 2576 to.
851 2529 977 2574 Dum
995 2526 1182 2591 eligant
1195 2523 1402 2588 aliquid,
1418 2523 1566 2587 quod.
1583 2524 1694 2572 Bas.
1785 2523 1980 2570 Monac.
2007 2520 2215 2585 aliquod
2234 2521 2450 2586 praebet3
2493 2520 2579 2569 ned
2613 2521 2807 2586 aliquid

672 2616 722 2654 et
740 2605 870 2655 Gud.
897 2604 1131 2668 aliquod,
1166 2602 1333 2667 quod‚·
1359 2603 1489 2667 Spir.
1515 2614 1565 2650 et
1587 2603 1692 2650 Erl.
1781 2598 1835 2649 h.
1860 2600 1896 2649 l.
1918 2600 2033 2648 ferri
2052 2611 2181 2648 recte
2207 2609 2385 2665 potent.
2406 2601 2471 2650 G.

671 2685 908 2749 aliquod,
951 2683 1132 2730 omino
1164 2679 1321 2746 quod.
1363 2681 1459 2729 Sed
1498 2680 1698 2747 aliquid
1857 2686 1942 2734 16.
1959 2680 2020 2726 In
2035 2677 2216 2727 virtute
2234 2679 2486 2730 laudatur.
2504 2678 2662 2726 Devis.
2683 2693 2798 2726 cou-

672 2765 727 2813 h.
746 2765 783 2814 l.
804 2780 971 2811 verum
999 2772 1089 2810 eat.
1110 2761 1175 2811 G.
1774 2757 1883 2819 jicit
1907 2757 2120 2817 locatur,
2144 2757 2281 2822 quod
2297 2793 2311 2818 ,
2345 2770 2402 2807 ut
2424 2759 2610 2823 elegans
2628 2790 2645 2816 ,
2673 2773 2797 2824 pre·

747 2852 767 2883 1
782 2850 803 2884 1
817 2870 828 2882 .
848 2832 1006 2899 Quasi
1018 2843 1158 2880 curta
1177 2830 1435 2879 sententia.
1453 2829 1601 2878 Curta
1620 2841 1694 2879 est

670 2914 835 2962 mutila
852 2949 866 2971 ‚
893 2913 1143 2961 decurtata
1161 2928 1183 2969 ‚-
1204 2910 1267 2958 οἱ.
1288 2911 1421 2958 Orat.
1443 2905 1528 2968 51,
1554 2908 1652 2975 173
1675 2922 1691 2959 ε

668 3019 695 3038 α
712 2994 849 3044 Nihil
866 2991 1199 3052 inconditum,
1218 2988 1338 3037 nihil
1360 2998 1549 3035 curtum
1569 3024 1585 3049 ,
1609 2986 1690 3033 ni·

668 3075 737 3124 hil
751 3073 1044 3132 claudicans,
1056 3071 1178 3119 nihil
1194 3067 1468 3117 redundans
1482 3090 1524 3114 a.
1542 3067 1691 3116 Unde

668 3165 799 3217 patet
816 3153 1041 3201 vitiosam
1060 3148 1333 3198 brevitatem
1353 3147 1444 3194 hnc
1461 3162 1581 3194 voce
1597 3162 1691 3194 uo·

668 3233 774 3281 tari.
795 3234 1127 3296 Opponuutur
1134 3225 1360 3294 perfecta
1379 3236 1428 3274 et
1434 3225 1606 3290 plena.
1622 3228 1687 3275 G.

744 3327 825 3359 12.
854 3312 1028 3373 Neque
1062 3307 1244 3366 animi,
1281 3321 1436 3370 neque
1470 3306 1687 3369 corporis

659 3399 866 3452 partem.
917 3385 1051 3435 Gud.
1082 3402 1109 3432 2
1152 3394 1268 3450 post
1305 3382 1463 3431 animi
1512 3400 1685 3432 vocem

664 3468 767 3516 ‘vim
794 3466 955 3523 addit,
1005 3475 1053 3512 et
1079 3464 1189 3513 Bao.
1219 3480 1252 3510 a
1279 3464 1480 3512 nimiam
1497 3498 1512 3524 ,
1547 3464 1686 3528 quod

665 3560 724 3593 ex
739 3545 904 3593 eadem
922 3542 1135 3590 lectione
1149 3553 1432 3607 corruptum
1450 3552 1539 3592 eet.
1557 3542 1685 3590 Scri·

662 3622 739 3672 bae
782 3639 883 3671 uon
919 3621 1136 3670 ferebant
1174 3633 1421 3669 auctorem
1450 3620 1512 3669 de
1534 3632 1686 3687 parte

663 3702 822 3750 animi
848 3700 1127 3765 loquentem
1159 3716 1173 3748 t
1202 3699 1288 3748 sed
1315 3699 1376 3748 cs.
1406 3716 1550 3764 supra
1576 3700 1683 3747 tin.

660 3784 736 3839 11,
766 3782 856 3839 34,
883 3778 1000 3827 113.
1022 3780 1089 3828 G.

738 3860 816 3910 13.
834 3862 895 3908 In
912 3858 1050 3906 omni
1064 3858 1190 3907 enim
1213 3856 1467 3906 anirnante
1494 3892 1507 3904 .
1529 3891 1541 3904 .
1564 3892 1577 3906 .
1604 3856 1685 3905 Sic

658 3940 820 4005 igitur.
840 3937 1091 3987 Desiderat
1102 3939 1220 3986 Em.
1241 3935 1522 4002 particulam
1536 3970 1552 3997 ,
1572 3953 1683 4001 qnoe

655 4019 719 4069 ad
751 4018 821 4068 sic
856 4018 1087 4068 oeserntnr
1103 4052 1118 4077 ‚
1160 4015 1371 4078 addique
1409 4026 1527 4081 post
1570 4015 1681 4063 ani-

654 4109 819 4146 manee
836 4132 850 4156 ,
883 4108 940 4144 ae
978 4094 1132 4156 iubet.
1173 4096 1244 4141 At
1283 4092 1353 4140 sic
1367 4128 1382 4152 ,
1431 4092 1509 4142 vel
1545 4094 1677 4143 uude

652 4177 812 4241 posit·
826 4209 841 4235 ,
866 4173 1105 4240 frequenti
1123 4172 1349 4236 exemplo
1370 4172 1421 4220 in
1440 4188 1674 4222 consecu-

1782 2836 1912 2884 dicat
1955 2837 2166 2886 Ernesti.
2216 2838 2285 2886 At
2333 2839 2425 2886 ieta
2466 2837 2697 2902 elegantia
2738 2847 2798 2886 ut

1777 2914 1948 2980 paullo
1971 2915 2191 2965 coactior
2212 2915 2337 2964 soret
2352 2950 2367 2976 ,
2393 2918 2460 2964 ita
2477 2927 2604 2965 certe
2628 2928 2798 2965 aucto·

1778 2994 1845 3042 ris
1869 3010 1973 3043 uon
1998 3004 2071 3043 est
2097 3009 2111 3044 z
2140 3010 2248 3043 unm
2268 3011 2377 3060 quae
2394 2996 2562 3043 Deris.
2579 2996 2798 3059 exempla

1777 3073 1995 3141 profert,
2038 3089 2093 3121 en
2131 3072 2260 3121 nihil
2299 3074 2396 3122 huc
2439 3074 2660 3135 faciunt,
2702 3073 2797 3121 nisi

1777 3153 1992 3215 potuisse
2018 3153 2088 3200 sic
2116 3151 2169 3202 h.
2207 3152 2243 3201 1.
2286 3152 2493 3202 scribere
2525 3163 2793 3202 auctorem.

1774 3231 1982 3296 Vulgata
2012 3242 2086 3299 eet
2128 3232 2275 3280 etiam
2317 3231 2558 3280 selectior.
2592 3231 2798 3281 Lauda-

1773 3320 1857 3357 tur
1889 3312 2016 3358 euim
2055 3310 2213 3371 valet,
2247 3333 2274 3353 α
2304 3309 2523 3369 laudari,
2571 3311 2799 3359 mtimnri

1775 3401 2016 3438 meretur:
2035 3410 2062 3430 ι·
2095 3400 2144 3437 et
2165 3389 2216 3437 in
2244 3400 2384 3449 notat
2417 3389 2591 3453 quoad
2610 3424 2626 3449 ,
2662 3390 2800 3453 quod

1774 3468 1951 3516 attinet
2008 3467 2084 3515 ad
2110 3502 2126 3526 ‚
2202 3479 2258 3516 ut
2328 3467 2590 3516 innumeri·
2646 3466 2796 3519 loeis.

1772 3549 1834 3596 G.
1859 3574 1931 3584 —
1949 3546 2110 3596 Vertit
2130 3546 2367 3613 interpret
2393 3546 2591 3611 gallicus
2616 3559 2630 3594 :
2660 3546 2711 3592 11
2731 3562 2791 3594 en

1772 3636 1848 3674 ese
1864 3626 1928 3674 de
1945 3621 2096 3675 mlme
2117 3625 2179 3673 de
2198 3626 2447 3684 l'lzomme,
2473 3623 2598 3671 dans
2634 3623 2797 3688 lequel

1770 3721 1827 3752 ce
1862 3702 1983 3768 qu'il
2002 3720 2044 3766 y
2072 3721 2106 3751 a
2140 3704 2203 3752 de
2236 3702 2485 3768 principa!
2519 3713 2570 3750 ee
2597 3700 2660 3750 de
2675 3703 2792 3766 plus

1762 3780 1960 3847 patfaie
1973 3816 1987 3841 ,
2033 3783 2148 3831 c'est
2171 3784 2223 3830 la
2249 3794 2400 3831 verm.

1847 3862 1928 3910 15.
1962 3862 2109 3925 Quod
2125 3861 2216 3909 iter
2237 3860 2302 3908 sit
2318 3870 2522 3907 nataroe.
2549 3858 2630 3908 Sic
2656 3859 2791 3910 Gud.

1775 3955 1797 3987 1
1814 3975 1829 3999 ,
1859 3942 1969 3988 Bas.
1999 3950 2048 3988 et
2073 3941 2268 3988 Monac.
2296 3954 2405 3986 eum
2439 3938 2523 3986 1³21
2558 3948 2618 3999 4,
2639 3939 2792 3988 Scali-

1768 4032 1975 4083 gerauo,
2013 4030 2064 4066 et
2089 4027 2299 4082 quatuor
2322 4016 2599 4066 Davi-iunia
2631 4034 2644 4067 ε
2678 4018 2792 4067 reli-

1766 4100 1854 4162 qui
1878 4114 1993 4146 cum
2011 4095 2124 4145 edd.
2151 4104 2262 4143 ante
2286 4097 2430 4145 Grnt.
2466 4094 2661 4146 inter-sie
2677 4113 2790 4161 pec·

1763 4186 1891 4226 eant.
1909 4179 2011 4225 Iter
2029 4192 2087 4224 ex
2115 4190 2284 4239 groecae
2312 4178 2446 4227 voci·
2465 4170 2578 4235 ὁδὸς
2596 4179 2646 4228 vi
2663 4176 2784 4228 dici·
