3217 4784
858 416 982 483 DE
1033 413 1204 482 FIN.
1258 414 1463 483 BON.
1516 414 1635 481 ET
1685 412 1901 481 MAL.
1955 415 2061 497 11,
2093 436 2160 507 9.
2439 411 2571 485 183

443 539 898 633 Quamquam
918 539 994 605 in
1015 536 1149 607 hac
1172 535 1520 608 divisione
1542 561 1697 607 rem
1726 540 1949 633 ipsam
1973 557 2272 633 prorsus
2295 535 2531 633 probo
2550 564 2570 623 ;

443 647 859 743 elegantiam
886 645 1240 718 desidero.
1266 646 1600 745 Appellet
1623 645 1774 717 haec
1801 643 2155 717 desideria
2171 637 2233 697 ¹3
2258 660 2530 717 naturae
2553 676 2569 717 :

442 754 855 855 cupiditatis
886 780 1158 830 nomen
1192 770 1427 828 servet
1468 757 1648 842 alio,
1686 768 1808 843 ut,
1843 780 2074 854 quum
2113 755 2207 828 de
2241 758 2571 843 avaritia,

441 891 669 964 quum
709 866 801 939 de
849 867 1442 965 intemperantia,
1482 889 1715 964 quum
1757 865 1849 938 de
1880 868 2210 938 maximis
2238 868 2425 938 vitiis
2459 867 2568 941 10.-

440 992 733 1074 quetur,
765 1002 924 1049 eam
951 992 1316 1074 tamquam
1336 982 1399 1030 ¹4
1427 979 1680 1076 capitis
1714 988 2019 1049 accuset.
2049 975 2192 1047 Sed
2228 976 2380 1049 haec
2406 981 2572 1074 qui·
2611 993 2678 1044 28

442 1084 608 1157 dem
640 1086 939 1158 liberius
966 1084 1059 1158 ab
1087 1110 1176 1158 eo
1199 1085 1565 1175 dicuntur,
1592 1102 1668 1158 et
1693 1087 1971 1186 saepius,
1989 1084 2207 1177 Quod
2235 1087 2574 1184 equidem

444 1219 592 1265 uon
639 1193 1098 1291 reprehendo
1134 1222 1150 1264 ε
1187 1210 1296 1267 est
1342 1198 1534 1268 enim
1569 1196 1748 1268 tanti
1783 1195 2243 1295 philosophi,
2281 1211 2577 1296 tamque

444 1303 740 1391 nobilis,
778 1304 1119 1378 audacter
1161 1331 1289 1379 sua
1317 1305 1605 1379 decreta
1641 1304 2048 1379 defendere.

538 1413 677 1485 Sed
734 1429 972 1487 tamen
1017 1441 1107 1487 ex
1161 1442 1291 1505 eo,
1348 1416 1554 1514 quod
1604 1441 1764 1488 eam
1817 1415 2268 1513 voluptatem·
2301 1416 2566 1513 (quam

443 1548 698 1595 omues
738 1540 990 1622 gentes
1037 1526 1178 1601 hoc
1218 1528 1514 1598 nomine
1554 1517 2051 1624 appellant15)
2098 1523 2383 1599 videtur
2427 1550 2572 1594 am-

442 1633 711 1732 plexari
750 1660 937 1733 saepe
974 1635 1507 1724 vehementius,
1559 1637 1639 1706 in
1682 1635 1959 1732 magnis
1999 1632 2365 1705 interdum
2407 1658 2571 1705 ver-

441 1760 641 1816 satur
674 1746 1056 1841 angustiis,
1101 1759 1218 1832 ut,
1270 1744 1741 1816 hominumffi
1788 1745 2224 1817 conscientia
2260 1758 2573 1829 remota,

443 1996 535 2041 gua
571 1982 676 2030 laus
700 1995 773 2031 est
807 1983 860 2030 in
888 1982 1124 2030 sententia
1146 2005 1194 2033 ι.
1226 1982 1386 2032 Voces
1411 1984 1465 2032 in

441 2061 679 2109 sententia
700 2062 775 2110 ibi
801 2062 973 2110 eodem
998 2062 1224 2126 exemplo
1249 2063 1301 2112 in
1327 2063 1464 2114 clau·

442 2138 544 2189 sula
563 2141 892 2202 reperiuntur,
912 2155 1013 2204 quo
1035 2157 1180 2206 supra
1206 2141 1271 2189 ad
1290 2142 1461 2191 notio·

443 2233 553 2264 nem
587 2218 659 2264 sic
685 2219 977 2282 explicative
1009 2218 1290 2288 adjunctam
1315 2221 1456 2279 dico,

437 2307 586 2358 puta,
613 2307 708 2346 etc.
732 2298 1048 2362 cogitandum
1067 2316 1169 2357 esse
1191 2299 1463 2349 docuimus.

447 2377 513 2423 Ut
535 2375 721 2439 reliqua
746 2376 1097 2441 praecidamua‚
1132 2377 1230 2426 hoc
1265 2394 1464 2442 quoque

440 2453 555 2500 loco
576 2465 749 2501 auctor
764 2469 867 2505 uon
890 2455 1014 2504 adeo
1030 2455 1154 2506 bene
1171 2478 1197 2499 κ
1214 2457 1462 2509 interitum

439 2533 608 2582 afferat
645 2534 874 2599 pravitati
902 2558 926 2579 n
972 2537 1273 2600 scripsisset,
1309 2553 1461 2602 quum

441 2611 512 2659 sic
552 2624 720 2676 posset
762 2613 1055 2664 abstractum
1092 2632 1187 2680 pro
1231 2626 1462 2665 concreto

440 2691 625 2739 dictum
651 2693 813 2757 putari
830 2729 846 2755 ,
882 2694 923 2742 i.
952 2710 994 2741 e.
1019 2696 1188 2758 pravis
1209 2729 1224 2754 ‚
1259 2705 1463 2758 vagante

440 2769 537 2817 loci
559 2773 813 2820 sententia.
844 2774 1000 2820 Immo
1032 2774 1196 2838 potius
1222 2774 1463 2838 genitivus

438 2849 752 2913 accipiendus
790 2860 892 2909 est,
933 2860 991 2897 ut
1028 2851 1080 2898 in
1118 2851 1241 2910 illis,
1279 2868 1461 2916 «spem

437 2928 668 2977 afferebat
701 2944 884 2990 magnae
908 2927 1197 2991 probitatis3
1224 2932 1462 2995 suspicio-

441 3023 550 3054 nem
573 3006 740 3056 attulit
772 3006 1035 3054 immutatae
1064 3007 1351 3066 voluntatis;
1375 3008 1461 3057 de·

438 3075 613 3134 tractio
636 3085 870 3133 molestiae
902 3088 1298 3135 consecutionem
1320 3089 1462 3139 affert

439 3164 770 3228 voluptatis»,
796 3163 857 3213 de
886 3163 991 3211 Fin.
1016 3164 1107 3213 lib.
1130 3168 1181 3224 1,
1206 3166 1343 3232 537,
1362 3178 1460 3216 etc.

443 3244 625 3304 i·'acile‚
650 3243 729 3293 his
759 3242 1023 3307 expositis,
1061 3254 1143 3291 tua
1177 3256 1352 3309 sponte
1384 3247 1462 3294 in-

440 3321 655 3387 telliges,
698 3322 896 3386 quando
918 3332 1026 3370 uter
1057 3338 1194 3373 casus
1233 3326 1353 3387 poni
1386 3325 1462 3371 vel

440 3403 622 3466 possit,
644 3401 719 3450 vel
741 3400 931 3450 debeat.
952 3404 1015 3451 G.

515 3483 596 3531 13.
634 3482 877 3545 Appellee.
900 3516 913 3528 .
935 3516 948 3529 .
975 3478 1212 3529 desideria
1250 3492 1459 3531 naturoe.

438 3548 650 3628 ὀρέξεις,
687 3575 787 3607 non
826 3557 1098 3626 ἰπιθυμίας,
1140 3559 1271 3623 quali
1307 3561 1458 3609 verbo

438 3640 675 3705 Epicurus
696 3649 973 3689 constanter
989 3656 1106 3688 usus
1126 3652 1242 3689 erat.
1266 3639 1324 3688 Id
1343 3656 1459 3688 vero

439 3724 598 3786 ipsum
618 3720 895 3769 Stoicorum
918 3731 989 3767 est
1007 3754 1021 3777 ‚
1043 3719 1128 3782 qui
1152 3719 1258 3769 illas
1278 3720 1457 3784 proba-

436 3800 580 3858 bant,
603 3798 689 3846 has
716 3798 1121 3848 condemnabant.
1149 3801 1210 3846 G.

515 3887 594 3936 14.
631 3879 719 3936 Ue,
746 3894 893 3942 quum
929 3877 992 3925 de
1030 3895 1132 3928 αν..
1155 3912 1167 3925 .
1198 3893 1308 3926 eam
1336 3887 1458 3925 tam-

438 3972 602 4019 quam.
625 3957 756 4004 Goer.
778 3955 892 4005 dat:
917 3968 971 4003 ue
989 3972 1279 4019 eam,quum
1300 3955 1363 4004 de
1379 3972 1458 4005 αν.

450 4070 463 4082 .
486 4069 499 4081 .
522 4068 536 4080 .
563 4045 833 4099 tamquam.
858 4038 930 4083 Ita
951 4071 965 4093 ‚
988 4036 1175 4099 inquit,
1198 4053 1260 4084 ex
1284 4035 1383 4084 Pal.
1417 4052 1460 4095 r,

442 4112 537 4161 Eri.
578 4114 707 4179 Spir.
752 4115 1151 4181 transposuimus.
1197 4115 1455 4164 Exciderat

443 4207 583 4255 pron.
628 4203 736 4239 aute
772 4211 950 4257 quum,
990 4210 1245 4258 reposuere
1280 4192 1454 4241 deinde

1548 1986 1721 2034 scriba
1740 2020 1756 2045 ,
1782 1986 1868 2035 sed
1895 1985 2017 2033 falso
2046 1985 2175 2035 loco.
2205 1987 2262 2032 lu
2294 1986 2402 2033 Bas.
2430 1983 2575 2048 plane

1548 2064 1719 2128 abest,
1754 2075 1802 2113 et
1837 2065 1890 2113 in
1922 2065 2029 2113 aliis
2063 2064 2257 2128 scriptis
2287 2064 2343 2111 in
2371 2063 2576 2126 vulgatae

1547 2145 1661 2193 loco
1680 2161 1738 2197 ea
1757 2143 1952 2208 legitur,
1973 2143 2098 2193 male
2118 2142 2184 2193 ad
2201 2141 2334 2195 va'cia
2347 2141 2572 2193 relatum.

1547 2224 1820 2289 Con-apere
1837 2224 1985 2288 igitur
2007 2224 2294 2275 sententiam
2313 2221 2577 2275 lambino»

1549 2312 1601 2349 et
1633 2303 1893 2360 Davisius,
1925 2317 2084 2366 ‚quum
2120 2316 2181 2349 ea
2226 2299 2440 2363 ederent.
2466 2297 2575 2351 Me-

1548 2380 1721 2431 liorem
1766 2380 1977 2445 positum
2024 2379 2098 2428 vel
2139 2378 2394 2442 spissiores
2434 2392 2576 2435 aures

1549 2458 1788 2511 sentiunt.
1808 2459 1883 2509 Ex
1905 2456 1983 2509 bia
2005 2456 2241 2519 denique,
2263 2471 2379 2518 ,que
2397 2455 2575 2513 deinde

1549 2537 1876 2598 subjiciuntur
1893 2570 1907 2593 ,
1960 2534 2083 2593 levis
2137 2532 2360 2598 quaedatu
2413 2536 2573 2589 ironia

1549 2626 1718 2679 suapte
1739 2625 1918 2680 sponte
1940 2623 2088 2678 petet.

1628 2697 1707 2744 15.
1736 2699 1896 2759 Quam
1919 2710 1966 2743 ο.
1988 2703 2158 2758 gentes
2188 2725 2200 2738 .
2223 2728 2234 2738 .
2258 2728 2270 2738 .
2300 2692 2571 2756 appellatae.

1548 2776 1799 2824 Pet-tinent
1831 2774 1938 2822 baec
1973 2773 2036 2821 ad
2070 2789 2180 2838 cap.
2208 2772 2236 2820 3
2257 2805 2273 2830 ,
2307 2770 2339 2836 S
2363 2773 2398 2818 6
2420 2783 2573 2820 :aaut

1547 2855 1787 2918 Epicurus
1799 2889 1814 2915 ‚
1826 2852 1948 2917 quid
1961 2852 2025 2901 sit
2041 2851 2290 2916 voluptas,
2305 2860 2387 2897 aut
2405 2866 2575 2905 omnes

1548 2933 1802 2992 mortales,
1820 2933 1905 2995 qui
1924 2931 2107 2994 ubique
2125 2939 2267 2986 sunt,
2290 2927 2510 2974 nesciunt
2530 2948 2573 2973 υ.

1549 3014 1676 3061 Nam
1698 3012 1796 3060 huc
1820 3027 1974 3074 usque
1994 3018 2166 3056 auctor
2181 3007 2236 3055 id
2259 3006 2359 3051 sere
2380 3014 2571 3066 egerat,

1548 3103 1604 3140 ut
1635 3092 1863 3149 doceret,
1897 3088 2098 3153 Epicuri
2127 3083 2427 3147 voluptatem
2459 3083 2571 3143 ‚unj-

1548 3170 1646 3219 lam
1662 3170 1805 3218 aliam
1832 3184 1933 3214 esse
1948 3201 1963 3225 ‚
1990 3179 2139 3229 quam
2159 3178 2269 3226 quae
2291 3160 2438 3224 vulgo
2461 3160 2572 3208 ubi-

1547 3264 1644 3311 que
1671 3247 1957 3312 appelletur.
1984 3245 2093 3295 Jam
2115 3240 2273 3289 verbis
2293 3238 2421 3296 inis,
2448 3249 2570 3287 tam·

1548 3340 1694 3388 quam
1706 3341 1766 3371 ex
1781 3322 1969 3373 tractati
1984 3319 2255 3384 argumenti
2264 3317 2568 3387 repetitione,

1548 3403 1611 3452 ad
1637 3402 1918 3455 indolentia!
1944 3401 2194 3467 Epicurean
2231 3397 2570 3457 refutationem

1546 3482 1734 3549 pergit,
1753 3498 1897 3546 quam
1918 3482 2071 3545 ipsam
2096 3479 2158 3528 ab
2182 3478 2265 3527 illo
2280 3512 2294 3536 ‚
2325 3487 2568 3541 tamquam

1549 3562 1694 3610 deum
1720 3577 1783 3609 ex
1803 3560 2024 3609 machina
2040 3592 2056 3617 ‚
2083 3557 2305 3607 adhiberi
2331 3555 2479 3612 dicit,
2505 3555 2567 3604 ad

1548 3638 1859 3691 difficultates
1910 3637 2096 3686 seilicet
2149 3634 2468 3699 rumpendas,
2514 3635 2566 3681 in

1546 3736 1669 3783 quas
1704 3735 1754 3766 se
1769 3753 1785 3776 ,
1820 3718 1909 3765 ista
1948 3716 2199 3780 voluptate
2236 3725 2290 3761 ut
2327 3729 2568 3761 summum

1546 3799 1731 3861 bonum
1757 3798 1939 3862 posita,
1961 3795 2194 3847 induerit.
2224 3795 2361 3843 Patet
2384 3809 2446 3839 ex
2471 3791 2570 3847 bis,

1546 3893 1694 3940 quam
1715 3893 1884 3940 parum
1905 3875 2207 3927 considerate
2229 3874 2321 3923 ista
2342 3872 2443 3935 ipsa
2468 3886 2572 3916 ver·

1547 3957 1607 4007 ba
1626 3959 1740 4005 Ern.
1759 3955 2035 4018 parenthesi
2053 3953 2314 4005 addixerit.
2333 3952 2400 3999 G.

1625 4039 1702 4083 16.
1727 4036 1817 4092 Ut,
1838 4033 2110 4096 lapmimem.
2134 4068 2144 4078 .
2169 4067 2181 4079 .
2211 4046 2311 4079 esse
2311 4027 2565 4093 facturus.

1544 4115 1704 4163 Vertit
1728 4114 1841 4179 gall.
1862 4114 2039 4177 interp.
2064 4107 2204 4176 Qu'e'l
2233 4108 2410 4158 semble
2446 4104 2575 4169 qu’il

1545 4193 1630 4254 nfy
1642 4193 1717 4241 aie
1729 4193 1832 4241 rien
1848 4193 1911 4240 de
1922 4191 1967 4239 si
1976 4192 2190 4240 hvmena-
2205 4187 2330 4253 quw
2341 4202 2405 4234 ue
2411 4184 2577 4250 puisse
