3217 4784
1180 396 1233 461 P
1247 392 1397 461 RAE
1414 395 1599 461 FAT
1613 390 1646 458 1
1669 394 1760 459 Ο.
2497 396 2539 465 3

407 514 647 604 singuli
683 529 899 577 tamen
932 513 1202 601 singulis
1237 514 1307 575 in
1343 513 1502 577 locis
1553 534 1739 575 suam
1787 508 2135 599 quamdam
2168 513 2364 579 lidan
2400 537 2539 582 me·

405 636 706 702 reantur3
752 619 928 684 haud
974 642 1121 683 raro
1174 634 1348 683 certe
1402 617 1761 707 probatiori
1817 616 2077 682 lectioni
2131 639 2538 689 momentum

404 724 671 790 addant.
708 725 1081 789 Basileensis
1110 725 1248 787 fere
1275 746 1428 788 cum
1461 722 1634 788 Gud.
1665 723 1696 787 Ι
1729 724 1919 787 facit:
1954 722 2292 790 Gudianus
2324 744 2540 793 autem

404 832 471 895 11
520 831 623 894 his
670 831 739 894 in
788 831 966 896 libris
1011 830 1492 908 auctoritatem,
1526 850 1723 916 quam
1776 828 1840 891 in
1890 828 2028 891 aliis
2071 828 2216 908 jure
2262 832 2545 917 obtinet,

408 937 627 1000 minus
667 951 911 1001 tuetur.
954 933 1278 999 Eumdem
1309 936 1377 997 in
1422 956 1694 998 censum
1730 935 2003 998 veniunt
2041 937 2335 1024 quinque
2368 939 2546 1004 Oxo-

409 1042 666 1105 nienses
702 1072 746 1105 ι.
774 1043 853 1104 U.
894 1040 1087 1127 (quos
1133 1062 1300 1127 saepe
1349 1061 1562 1128 operae
1595 1054 1833 1102 nostrae
1884 1060 2076 1126 prave
2111 1038 2184 1103 E.
2213 1040 2292 1107 V.
2331 1049 2543 1132 signa·

410 1146 628 1233 runt);
654 1157 699 1220 ξ.
719 1177 774 1225 χ.
795 1157 848 1224 ψ.
882 1146 1264 1210 Viennensis
1296 1144 1497 1210 Alteri
1518 1192 1537 1227 ,
1589 1145 1776 1224 cujus
1808 1145 2144 1211 varietates
2175 1149 2412 1213 Bremii
2446 1149 2548 1214 di·

408 1252 740 1341 ligentiam
792 1252 1167 1341 effugerunt
1215 1273 1231 1314 ε
1305 1263 1588 1338 cumque
1641 1250 1742 1314 his
1799 1249 1947 1337 plus
2010 1252 2228 1316 minus
2274 1254 2553 1344 reliqui,

409 1354 665 1422 dudum
718 1356 786 1419 in
846 1357 1105 1419 criticos
1163 1375 1319 1418 usus
1375 1352 1669 1418 adhibiti.
1718 1353 1978 1418 Possint
2021 1370 2236 1421 tamen
2275 1358 2549 1422 Oxonn.

411 1492 453 1525 ι.
488 1476 554 1527 et
580 1473 623 1535 ξ.
659 1462 860 1527 tertiae
909 1461 1099 1525 alicui
1147 1460 1327 1525 classi
1373 1460 1714 1548 separatim
1763 1458 2076 1543 adscribi3
2112 1463 2331 1549 plures
2368 1464 2544 1529 enim

412 1590 528 1656 per
568 1590 636 1631 se
691 1565 956 1655 quidem
1007 1566 1271 1630 minime
1316 1562 1822 1629 contemnendas
1859 1564 2167 1629 lectiones
2202 1569 2494 1654 proebent
2530 1583 2550 1624 .·

418 1670 534 1739 sed
564 1672 652 1736 ita
684 1671 818 1735 fere
850 1672 1116 1737 seorsim
1146 1671 1429 1751 abeunt,
1454 1685 1530 1733 ut
1560 1669 1766 1757 magis
1801 1666 2059 1732 doctam
2091 1670 2372 1758 aliquam
2408 1697 2549 1737 eor.

412 1780 682 1845 rectoris
711 1801 977 1844 manum
998 1828 1017 1860 ,
1051 1800 1247 1866 quam
1277 1778 1626 1867 genuinam
1656 1775 1940 1840 auctoris
1971 1776 2247 1864 prodere
2280 1777 2549 1843 videan-

414 1904 539 1951 tur.
568 1885 732 1951 lnde
762 1886 1093 1950 noluimus
1130 1886 1251 1950 hos
1290 1885 1465 1975 ipsos
1501 1906 1655 1948 curn
1690 1884 1948 1948 Bremio
1980 1885 2259 1973 principi
2288 1886 2550 1951 illorum

414 1992 594 2056 classi
617 1989 893 2056 adscribi
923 2013 939 2054 τ
967 1992 1209 2080 quippe
1241 2014 1277 2054 a
1301 2014 1429 2079 qua
1460 1991 1672 2053 multo
1697 1988 1928 2077 saepius
1955 1989 2317 2072 discedant,
2355 2013 2551 2079 quam

415 2119 570 2160 cum
604 2120 677 2159 ea
711 2097 1103 2184 conspirant.
1148 2099 1450 2161 Ceterum
1485 2094 1665 2159 haud
1696 2116 1926 2182 parum
1968 2093 2295 2178 dolemus,
2330 2118 2553 2160 earum

414 2201 606 2265 nobis
627 2200 1048 2264 collationum
1070 2224 1266 2265 usum
1301 2224 1437 2265 non
1470 2222 1608 2264 esse
1636 2221 2051 2282 concessum,
2081 2224 2265 2290 quas,
2293 2203 2347 2266 si
2379 2218 2553 2267 recte

415 2303 929 2385 numeravimus,
968 2302 1247 2369 sedecim
1290 2324 1566 2366 numero
1606 2326 1840 2369 censor
1886 2304 2469 2390 Emendationum,
2517 2332 2551 2370 a

415 2410 651 2475 Rathio
680 2411 964 2497 repetitae
996 2409 1351 2473 Davisianoe
1381 2409 1624 2472 horum
1651 2409 1969 2474 librorum
2003 2410 2273 2475 editioni
2309 2412 2554 2478 addita-

416 2539 600 2598 rum,
656 2517 724 2579 in
776 2515 1321 2604 Ephemeridibus
1369 2516 1660 2579 litorariis
1721 2516 2139 2597 lenensibus‚
2191 2541 2372 2583 num.
2429 2520 2551 2599 63,

419 2642 638 2684 mense
677 2622 935 2705 martio,
979 2619 1183 2703 1805,
1216 2644 1358 2710 pag.
1385 2620 1547 2707 498,
1579 2620 1941 2687 stabiliendi
1970 2620 2197 2701 judicii
2224 2625 2324 2686 sui
2360 2647 2551 2689 causa

417 2724 734 2789 adhibuit.
772 2726 1091 2790 Consulto
1122 2742 1339 2790 autem
1374 2725 1454 2789 ab
1489 2722 1625 2789 istis
1662 2726 1708 2789 l.
1738 2726 1779 2789 l.
1820 2727 2094 2790 enotatis
2134 2727 2548 2793 varietatibus

417 2830 875 2911 abstinuimus,
911 2853 995 2895 ne
1039 2831 1107 2893 in
1158 2830 1365 2895 aliena
1412 2831 1717 2897 invasisse
1767 2828 2174 2909 videremur,
2228 2834 2329 2896 vel
2375 2850 2548 2897 certe

422 2934 584 2998 alius
624 2934 855 2998 usibus
891 2934 1226 2999 destinata.

509 3041 662 3104 Haec
698 3038 779 3103 de
819 3040 1069 3127 scriptis
1102 3040 1313 3118 libris,
1352 3062 1636 3128 quorum
1659 3041 1945 3105 tabulam
1974 3041 2042 3102 in
2074 3040 2302 3104 classes
2328 3039 2552 3104 distin-

419 3160 676 3208 ctorum
721 3144 890 3208 infra
937 3144 1326 3208 addidimus.
1384 3147 1478 3209 Ex
1525 3146 1853 3234 impressis
1908 3160 2125 3208 autem
2180 3145 2505 3212 veteribus
2527 3198 2544 3230 ,

425 3271 595 3347 quqs
630 3249 779 3315 usui
811 3249 949 3313 fore
980 3249 1402 3337 putabamus,
1447 3249 1791 3336 plerosque
1837 3270 2063 3314 omnes
2103 3252 2496 3318 contulimus
2530 3277 2545 3319 :

420 3356 592 3417 inter
626 3377 792 3441 quos
830 3370 1045 3418 tamen
1094 3353 1284 3443 longe
1332 3354 1574 3418 eminet
1605 3355 1778 3418 Petri
1809 3355 2004 3420 Marsi
2044 3355 2271 3439 editio,
2303 3360 2546 3447 quippe

420 3481 565 3545 quae
602 3481 735 3522 non
783 3459 982 3524 modo
1017 3481 1185 3547 saepe
1232 3482 1301 3523 se
1351 3459 1732 3524 melioribus
1767 3461 1994 3542 addat,
2047 3461 2160 3526 sed
2193 3479 2426 3551 quater
2444 3466 2546 3528 vel

420 3563 795 3651 quinquies,
858 3564 1218 3653 insignibus
1279 3565 1410 3629 fere
1467 3564 1626 3629 locis
1647 3613 1665 3647 ,
1739 3568 1876 3631 sola
1940 3567 2269 3655 sequenda
2326 3570 2540 3634 fuerit.

420 3666 650 3754 Neque
680 3668 933 3733 Marsus
964 3670 1017 3732 is
1046 3685 1216 3749 erat,
1253 3669 1364 3757 qui
1402 3686 1634 3756 suopte
1670 3670 1933 3759 ingenio
1952 3720 1971 3753 ,
2002 3670 2299 3735 Lambini
2327 3695 2542 3749 more,

423 3772 700 3837 nimium
737 3774 1093 3841 tribueret:
1141 3797 1288 3838 nam
1324 3775 1380 3839 si
1417 3774 1719 3863 quand0,
1754 3777 1934 3864 quod
1980 3776 2183 3840 rarius
2218 3777 2475 3861 accidit,
2505 3804 2542 3844 a

421 3879 670 3966 scriptis
702 3881 833 3944 suis
866 3879 1327 3944 discedendum
1362 3897 1582 3968 putat,
1637 3883 1933 3972 religiose
1964 3884 2027 3945 in
2067 3886 2541 3949 commentariis
2630 3896 2636 3903 “

423 3982 691 4048 lectores
747 3984 1089 4066 admonet3
1137 3985 1288 4049 alias
1335 3984 1574 4050 horum
1630 4002 1907 4052 sectator
1968 3986 2159 4052 nimis
2222 3987 2539 4053 credulus.
