3217 4784
760 445 896 541 572
1440 450 1539 516 Μ.
1589 450 1666 515 Τ.
1721 448 2205 517 elcERoNIs

758 565 1153 666 separanda
1196 563 1334 635 fuit
1381 564 1472 636 ab
1522 565 1657 637 hac
1701 565 2186 664 disputatione
2212 620 2232 653 ,
2276 567 2444 662 quia
2489 569 2618 637 ista
2659 567 2899 636 animi

756 674 1253 773 tranquillitaS,
1271 700 1355 746 ea
1375 676 1527 773 ipsa
1556 692 1662 748 est
1687 676 1896 748 beata
1915 677 2059 746 vita
2076 687 2157 746 ¹⁰.
2181 676 2583 764 Quaerimus
2601 690 2897 758 autem,

757 813 908 857 non
953 810 1113 883 quoe
1162 786 1290 874 sit,
1324 785 1449 856 sed
1493 786 1690 858 unde
1722 791 1912 859 situ.
1952 791 2103 856 Jam
2144 785 2450 883 explosae
2492 786 2895 882 ejectaeque

755 897 1123 966 sententiae
1154 895 1572 991 PyrrhoniS,
1602 898 1994 982 AristoniS,
2031 894 2316 982 Herilli,
2351 895 2547 993 quod
2575 896 2649 965 in
2679 894 2896 966 hunc

754 1002 1005 1074 orbem
1036 1058 1056 1091 ,
1100 1029 1315 1102 quem
1365 1009 2096 1104 circumscripsimuS,
2145 1005 2460 1096 incidere
2503 1029 2653 1076 non
2709 1030 2894 1102 pos-

755 1128 965 1197 sunt,
1012 1113 1433 1188 adhibendae
1478 1120 1778 1189 omnino
1826 1142 1978 1189 non
2027 1115 2344 1188 fuerunt.
2406 1121 2585 1188 Nam
2646 1139 2890 1212 quum

758 1227 994 1295 omnis
1037 1224 1186 1296 haec
1237 1230 1537 1323 quaestio
1573 1228 1664 1299 de
1700 1224 2005 1313 finibuS‚
2045 1240 2119 1298 et
2164 1227 2368 1324 quasi
2407 1224 2499 1296 de
2541 1230 2892 1298 extremis

754 1333 1120 1405 bonorum
1156 1350 1229 1407 et
1261 1337 1653 1420 malorum,
1688 1337 1781 1408 ab
1817 1361 1906 1408 eo
1946 1334 2475 1434 proficiscatur,
2516 1335 2720 1432 quod
2768 1335 2891 1407 di-

756 1446 985 1516 cimus
998 1458 1266 1516 naturae
1294 1470 1445 1517 esse
1477 1460 1727 1545 aptum
1754 1462 1828 1518 et
1855 1443 2475 1517 accommodatum
2494 1498 2512 1531 ,
2533 1442 2892 1542 quodque

757 1556 991 1650 ipsum
1025 1560 1157 1654 p'er
1188 1580 1263 1626 se
1304 1557 1612 1653 primum
1645 1570 2068 1653 appetatur:
2113 1554 2256 1626 hoc
2286 1569 2521 1626 totum
2558 1569 2633 1624 et
2665 1554 2716 1624 ii
2749 1554 2890 1625 tol·

762 1661 963 1750 lunt,
1012 1668 1252 1761 quiin
1300 1666 1514 1737 rebus
1559 1667 1698 1754 iis,
1738 1669 1813 1736 in
1864 1663 2132 1763 quibus
2169 1663 2461 1751 nihilw,
2508 1664 2705 1761 quod
2753 1680 2890 1735 aut

758 1773 1144 1845 honestum
1165 1830 1184 1863 ‚
1213 1791 1339 1847 aut
1372 1790 1584 1873 turpe
1625 1778 1755 1863 sit,
1813 1790 2074 1873 negant
2114 1798 2266 1847 esse
2304 1760 2522 1845 ullam
2556 1797 2841 1844 causam
2865 1829 2888 1859 ,

759 1906 890 1953 cur
941 1883 1130 1955 aliud
1176 1885 1292 1955 alii
1345 1899 1867 1982 anteponatur,
1918 1909 2053 1956 nec
2097 1887 2286 1955 inter
2341 1908 2459 1955 eas
2503 1907 2619 1954 res
2661 1883 2886 1981 quid-

758 2018 976 2089 quam
1019 1996 1317 2065 omnino
1356 2008 1611 2091 putant
1648 1996 2029 2082 interesse3
2070 2008 2144 2065 et
2196 1990 2624 2079 Herillus¹³‚
2666 1993 2724 2063 si
2781 1997 2888 2064 ita

759 2106 1012 2187 sensit,
1058 2104 1232 2174 nihil
1284 2128 1437 2175 esse
1477 2103 1795 2192 bonum,
1832 2119 2089 2203 praeter
2137 2096 2540 2191 scientiam,
2587 2128 2887 2179 omnem

760 2212 1035 2282 consilii
1075 2212 1403 2312 capiendi
1437 2240 1721 2287 causam
1743 2272 1762 2302 ,
1799 2216 2440 2310 inventionemque
2472 2210 2690 2284 officii
2723 2238 2885 2286 sus-

760 2320 944 2391 tulit.
981 2322 1132 2411 Sic,
1168 2323 1472 2396 exclusis
1513 2329 1884 2398 sententiis
1921 2325 2402 2421 reliquorum,
2434 2348 2662 2420 quum
2703 2348 2887 2421 prae·

759 2447 953 2503 terea
1001 2433 1196 2505 nulla
1249 2460 1402 2507 esse
1453 2437 1721 2533 possit,
1758 2434 1908 2507 haec
1950 2436 2416 2531 antiquorum
2472 2432 2700 2503 valeat
2749 2458 2885 2504 ne·

763 2564 961 2612 cesse
1000 2557 1126 2613 est.

853 2655 972 2721 lx.
1015 2654 1204 2748 Ergo
1239 2653 1567 2726 instituto
1591 2666 1917 2725 veterum
1937 2708 1958 2741 ,
1989 2677 2140 2750 quo
2169 2653 2384 2724 etiam
2420 2653 2625 2723 stoici
2657 2665 2883 2731 utun·

837 2852 915 2886 xo.
947 2838 1024 2884 Ea
1056 2836 1162 2900 ipsa
1189 2847 1264 2884 ese
1298 2838 1443 2884 beata
1475 2836 1607 2887 vita.
1640 2839 1776 2889 Goer.

759 2918 892 2966 delet
930 2934 1007 2967 ea.
1037 2920 1176 2974 Hoc,
1204 2916 1393 2981 inquit,
1439 2917 1549 2964 ferri
1591 2919 1777 2982 nequit.

762 2997 886 3045 Nam
925 2997 1015 3045 etti
1057 2996 1254 3061 quidem
1310 3005 1480 3044 auctor
1536 2996 1778 3044 interdum

1863 2836 2002 2885 beata
2019 2837 2122 2901 ipsa
2135 2871 2150 2896 ,
2166 2837 2254 2886 md
2273 2837 2335 2886 de
2349 2852 2540 2886 eummo
2555 2836 2692 2885 bono
2705 2871 2720 2895 ‚
2738 2853 2766 2884 a
2781 2853 2886 2901 quo

1863 2915 2047 2979 pendet
2074 2930 2088 2965 ε
2132 2936 2155 2959 ι
2189 2932 2301 2965 nam
2337 2938 2362 2958 α
2395 2916 2492 2964 niai
2518 2915 2679 2965 stabili
2700 2925 2751 2962 et
2777 2914 2888 2965 fixo

1863 3006 2173 3058 permanente
2199 2994 2363 3052 bono,
2401 2995 2569 3045 beatus
2604 3009 2704 3042 ease
2734 3009 2889 3048 nemo

762 3078 1052 3141 pronomina
1080 3074 1325 3139 duplicat,
1363 3085 1523 3122 tama·
1561 3073 1646 3122 hio
1674 3077 1778 3137 ejus

766 3171 874 3204 mos
914 3170 1017 3203 non
1058 3154 1201 3203 valet.
1238 3153 1469 3211 Accedit,
1509 3153 1683 3217 quod,
1717 3171 1778 3202 ea

760 3234 957 3292 deleto,
988 3234 1097 3297 ipsa
1142 3248 1252 3281 enm
1285 3232 1501 3296 pondere
1544 3232 1658 3281 loeo
1694 3232 1780 3281 ad·

765 3313 968 3362 modum
979 3310 1344 3361 accommodato
1365 3313 1578 3375 ponitur.
1596 3315 1781 3375 Sequu-

768 3394 805 3437 εἰ
856 3392 1007 3453 igitur
1041 3392 1149 3438 Bae.
1186 3405 1383 3450 sumus,
1416 3391 1499 3453 qui
1545 3389 1681 3438 solus
1709 3391 1779 3438 eie

760 3454 967 3531 *pi-zebet.
1013 3468 1161 3516 Mam.
1207 3478 1255 3515 et
1294 3469 1424 3516 Crat.
1476 3486 1539 3516 ea
1587 3485 1783 3533 quoque

769 3546 988 3593 nesciunt
1003 3580 1017 3603 ,
1047 3546 1135 3594 aed
1152 3545 1327 3593 ordine
1343 3548 1501 3594 minua
1522 3546 1782 3596 commodo

769 3637 841 3671 est
867 3625 973 3688 ipsa
1007 3627 1244 3690 prebent.
1270 3630 1399 3674 Ante
1430 3627 1534 3690 ipse
1566 3639 1730 3677 antem
1753 3645 1779 3676 a

768 3703 939 3752 scribis
954 3706 993 3752 is
1016 3707 1132 3755 addi
1150 3707 1332 3768 solere,
1344 3723 1472 3771 sape
1490 3708 1778 3756 notavimus.

768 3784 895 3830 Ven.
936 3791 1096 3847 1494,
1132 3786 1236 3850 ipsa
1258 3797 1332 3834 ese
1357 3802 1419 3833 ea
1443 3784 1552 3834 vica
1574 3786 1620 3833 b.
1650 3786 1780 3833 unde

765 3859 956 3908 facilius
1002 3862 1173 3919 etiam,
1212 3878 1274 3910 ea
1311 3863 1589 3930 παρέλκειν,
1627 3875 1778 3928 patet.

768 3941 936 3989 Davis.
962 3942 1161 4002 conjicit
1181 3957 1233 3988 re
1256 3941 1360 4005 ipsa
1381 3953 1451 3990 est
1466 3960 1520 3993 ν.
1544 3944 1589 3993 b.
1615 3945 1703 3991 Per
1728 3960 1778 3991 ee

764 4035 870 4067 non
897 4020 1045 4077 male,
1079 4019 1164 4068 sed
1184 4022 1287 4068 sine
1310 4022 1604 4069 necessitate.

845 4113 861 4146 1
884 4116 923 4148 ι.
955 4101 1062 4147 Non
1085 4116 1194 4163 qua·
1214 4099 1276 4146 sie
1291 4133 1307 4155 ‚
1334 4099 1422 4147 sed
1439 4099 1569 4146 unde
1592 4099 1667 4146 sit.
1693 4100 1779 4145 Vis

766 4176 870 4226 haec
903 4189 974 4229 est
1009 4194 1022 4228 z
1066 4201 1087 4222 ι
1129 4194 1230 4228 non
1273 4180 1528 4242 quaerimus
1574 4177 1635 4226 de
1679 4178 1774 4225 vita

1862 3084 2025 3137 potest
2037 3096 2079 3123 ι.
2105 3076 2252 3123 Tune.
2280 3076 2348 3133 V,
2374 3084 2464 3135 ιι,
2488 3082 2568 3130 40.
2585 3074 2652 3122 G.

1943 3170 2022 3203 ta.
2048 3156 2110 3201 112
2136 3151 2301 3218 quibus
2324 3152 2475 3212 nihil,
2515 3151 2653 3216 quod
2667 3162 2761 3198 aue
2788 3152 2888 3201 Ιιο·

1866 3244 2077 3292 nestum,
2102 3243 2192 3280 aut
2211 3242 2349 3297 turpe
2377 3232 2465 3289 sic,
2511 3242 2722 3296 negant.
2750 3232 2891 3281 Inter

1866 3311 2003 3375 quod
2011 3323 2100 3359 auc
2116 3311 2285 3376 scripti
2302 3311 2518 3375 plerique
2531 3311 2748 3359 referunt
2760 3325 2886 3367 non,

1865 3388 2002 3451 quod
2029 3400 2159 3437 recte
2185 3388 2357 3436 Lamb.
2383 3396 2441 3437 ex'
2461 3387 2655 3436 duobus
2674 3388 2773 3435 suis
2793 3421 2809 3442 ,
2837 3398 2888 3435 et

1868 3467 2034 3515 Πανία.
2083 3483 2142 3516 ex
2187 3483 2289 3515 uno
2344 3467 2495 3516 Paris.
2541 3466 2843 3515 sustulerunt
2875 3482 2888 3513 :

1866 3545 2094 3609 ignorant
2159 3546 2275 3593 item
2337 3547 2639 3611 negationem
2708 3555 2888 3608 prater

1866 3626 2067 3675 Oxonn.
2108 3628 2165 3674 E.
2202 3639 2251 3674 et
2282 3627 2344 3673 V.
2370 3627 2496 3690 Spir.
2519 3640 2718 3688 quoque
2740 3635 2889 3687 atque

1867 3705 1968 3754 Erl.
2015 3721 2173 3769 neque
2218 3705 2320 3753 ullo
2359 3703 2508 3751 modo
2548 3703 2747 3751 defendi
2780 3719 2889 3751 eam

1865 3783 1996 3831 licet.
2026 3784 2102 3832 Ne
2138 3794 2296 3831 tamen
2324 3782 2398 3831 vel
2435 3782 2503 3828 nic
2529 3780 2739 3838 haereas,
2771 3794 2888 3844 pont

1867 3845 1991 3911 nihil
2017 3879 2081 3910 ex
2119 3878 2254 3926 seqq.
2285 3861 2349 3908 sie
2385 3858 2696 3923 cogitandum
2734 3873 2749 3906 ε
2785 3859 2890 3907 hoc

1867 3942 1994 3988 enim
2011 3957 2163 4004 quum
2178 3940 2336 3989 lamb.
2367 3953 2465 3985 non
2501 3937 2694 3985 vidisset
2714 3973 2727 3995 ,
2751 3941 2893 4001 qnod

1871 4021 2013 4068 etiam
2032 4019 2226 4067 delevit.
2246 4020 2304 4066 G.

1949 4099 2024 4145 13.
2066 4099 2130 4144 Ec
2167 4092 2385 4143 Her-illus.
2433 4096 2494 4141 Ec
2538 4093 2662 4143 valet
2713 4095 2792 4143 hic
2836 4106 2886 4141 et

1866 4176 2074 4240 insuper.
2100 4177 2140 4221 G
2149 4213 2160 4224 .
