3217 4784
854 444 977 511 DE
1026 445 1195 512 FIN.
1248 444 1453 512 BON.
1508 444 1625 511 ET
1672 444 1887 511 MAL.
1943 445 2045 524 11,
2091 466 2203 510 22.

2455 443 2590 535 247

468 562 605 632 lem
653 566 1163 635 conscientiam
1229 577 1809 649 contemnamur„
1874 563 2178 635 aliorum
2234 576 2590 633 errantem

466 676 884 769 opinionem
925 697 1394 771 aucupemur.

562 784 741 873 Quae
784 783 923 854 dici
975 783 1222 855 eadem
1277 788 1337 835 ¹4
1384 781 1476 853 de
1520 785 1776 854 ceteris
1817 785 2206 857 virtutibus
2242 799 2592 882 possunt:
2632 809 2696 861 7²

465 916 770 988 quarum
810 893 1134 963 omnium
1179 888 1653 962 fundamenta
1692 916 1820 962 vos
1864 895 1938 963 in
1972 893 2378 993 voluptate,
2417 910 2593 966 tam-

463 1026 682 1098 quam
729 1003 806 1071 in
845 1026 1054 1100 aqua,
1091 1002 1378 1100 ponitis.
1429 1001 1623 1094 Quid
1656 1002 1897 1072 enim?
1937 1000 2296 1076 fortemne
2334 1029 2591 1104 possu-

465 1137 626 1182 mus
690 1111 926 1184 dicere
983 1111 1316 1185 eumdem
1368 1112 2200 1217 iltumyorquatumffi?
2254 1117 2593 1188 Delector

466 1223 695 1307 enim,
756 1245 1198 1320 quamquam
1280 1239 1354 1294 te
1427 1248 1578 1294 non
1649 1248 1982 1322 possum,
2081 1239 2164 1295 nt
2227 1229 2365 1313 ais,
2436 1252 2590 1299 cor·

464 1329 920 1428 rumpere¹⁶;
972 1332 1317 1423 delector,
1377 1335 1705 1431 inquam,
1754 1348 1825 1405 et
1878 1332 2143 1404 familia
2194 1336 2468 1425 vestraJ
2518 1352 2590 1409 et

466 1443 779 1514 nomine.
842 1448 930 1514 Et
982 1444 1354 1525 hercule¹7
1410 1444 1584 1514 mihi
1636 1447 1746 1514 vir
1799 1445 2147 1541 optimus,
2213 1449 2587 1543 nostrique

462 1555 1024 1640 amantissimus,
1066 1550 1659 1650 A.Torquatus¹⁸
1711 1567 2040 1623 versatur
2076 1568 2242 1624 ante
2284 1557 2534 1627 oculos
2570 1585 2586 1625 ε

461 1662 668 1758 cujus
693 1679 1050 1761 quantum
1079 1661 1397 1733 studium
1427 1674 1498 1731 et
1532 1685 1752 1757 quam
1782 1664 2060 1759 insigne
2084 1672 2149 1721 ¹9
2184 1662 2397 1735 suerit
2424 1689 2590 1761 erga

460 1825 691 1874 Scheller.
738 1825 883 1874 Obss.
924 1824 1020 1872 123
1040 1826 1059 1883 )
1081 1858 1096 1883 ,
1146 1821 1261 1870 alibi
1289 1837 1484 1886 agemus

459 1905 748 1954 accuratius.
773 1906 838 1954 G.

538 1989 616 2038 ιζ.
657 1985 780 2045 Qua·
822 1980 924 2029 dici
962 1983 1152 2030 eudem.
1191 1982 1267 2029 Ne
1312 1982 1364 2027 in
1405 1980 1482 2029 his

461 2060 839 2123 pronominibus
896 2058 1147 2119 offendas,
1187 2076 1298 2124 quae
1336 2059 1482 2125 plane

460 2148 510 2183 ce
534 2137 638 2185 hoec
666 2138 812 2186 valet.
838 2138 972 2185 Solet
1011 2156 1126 2187 vero
1168 2150 1341 2188 auctor
1375 2140 1479 2187 haec

461 2219 565 2281 ipsa
583 2232 760 2281 proun.
776 2218 1022 2266 interdum
1037 2221 1360 2284 negligentius
1372 2223 1482 2281 jun·

461 2313 603 2359 gere,
635 2313 681 2344 v.
716 2313 761 2346 c.
790 2299 937 2348 Tunc.
966 2302 1041 2357 11,
1072 2300 1165 2359 15,
1216 2300 1275 2347 31
1308 2315 1323 2350 :
1353 2322 1378 2341 σ-
1404 2299 1481 2347 his

462 2385 536 2424 est
574 2376 703 2423 enim
732 2377 893 2424 vultus
919 2394 1108 2443 semper
1130 2378 1258 2425 idem
1275 2412 1290 2437 ‚
1334 2394 1477 2441 quem

460 2455 645 2502 dicitur
669 2457 955 2522 Xanthippe
974 2455 1238 2522 predicare
1263 2458 1404 2506 solita
1427 2458 1479 2505 in

460 2535 569 2582 viro
613 2551 705 2583 suo
744 2537 970 2597 Socrate,
1016 2537 1188 2587 eodem
1215 2554 1404 2602 semper
1428 2554 1479 2585 se

462 2612 639 2661 vidisse
662 2626 917 2663 exeuntem
943 2617 1081 2665 illum
1109 2617 1258 2666 domo
1280 2652 1295 2676 ,
1336 2628 1381 2664 et
1403 2634 1477 2664 re-

459 2692 689 2740 deuntem
710 2716 752 2740 n.
773 2697 835 2742 G.

538 2772 617 2820 15.
648 2774 902 2820 Fortemne
935 2808 948 2820 .
967 2807 1009 2822 ..
1050 2774 1211 2823 dicere
1363 2777 1478 2823 Tor·

459 2856 699 2913 quaeum?
721 2852 907 2915 Nempe
941 2868 1040 2900 non
1077 2869 1332 2917 possumus
1367 2872 1476 2902 eum

460 2929 622 2978 «licere
650 2930 822 2977 sortem
838 2963 852 2987 ‚
880 2931 919 2977 si
951 2930 1074 2978 nihil
1099 2931 1193 2979 nisi
1214 2933 1478 2998 voluptatis

458 3007 786 3072 adipiscenda
812 3022 952 3055 causa
978 3010 1288 3073 perpetravit.

401 3080 407 3087 ⁸
537 3087 614 3134 16.
647 3089 954 3150 Quamquam
975 3097 1023 3134 te
1048 3103 1145 3135 non
1166 3104 1363 3151 possum

458 3180 781 3231 corrumpere.
800 3165 891 3213 His
911 3181 1111 3229 quoque
1123 3201 1137 3223 ‚
1152 3168 1219 3215 ait
1238 3168 1445 3217 Goereuz
1464 3206 1477 3229 ,

458 3255 639 3308 aperta
683 3244 1025 3309 parentheseos
1075 3244 1211 3308 sigua
1258 3246 1478 3295 addenda

463 3322 605 3371 nobis
627 3324 839 3372 suerunt.
861 3324 1158 3372 Reseruutur
1186 3323 1292 3372 hoec
1319 3334 1478 3374 autem

459 3401 525 3449 ad
541 3402 775 3467 Torquati
801 3401 1151 3468 verba,supra,
1178 3406 1232 3462 1,
1252 3419 1312 3454 to
1333 3439 1347 3464 ,
1375 3406 1478 3461 34:

462 3502 487 3524 ιι
516 3497 607 3529 nec
642 3498 717 3529 me
755 3491 912 3529 tamen
938 3481 1195 3531 laudandis
1217 3484 1480 3545 majoribus

461 3561 582 3610 meis
601 3560 864 3625 corrupisti
883 3583 930 3609 a.
950 3560 1049 3609 Erl.
1070 3578 1326 3625 possumus
1352 3580 1371 3610 .·
1396 3563 1483 3612 sed

461 3658 490 3687 e
537 3640 669 3705 Spir.
716 3639 837 3687 nihil
881 3649 1095 3688 notatur.
1140 3642 1215 3688 Ex
1260 3642 1481 3705 proxime

463 3719 766 3783 precedente
793 3728 954 3766 ortum
996 3718 1092 3767 hoc
1139 3730 1275 3783 puta.
1316 3721 1478 3772 Davis.

462 3800 609 3849 tacite
620 3799 801 3864 possim
817 3797 952 3846 dedit
976 3832 992 3857 ,
1029 3807 1080 3845 ut
1095 3809 1168 3845 est
1194 3798 1246 3846 in
1276 3800 1479 3863 quibus·

465 3876 575 3925 dam
603 3889 720 3926 vett.
751 3876 1011 3942 impressis.
1039 3878 1156 3924 Non
1193 3877 1314 3925 male
1342 3894 1480 3937 sane,

463 3957 530 4004 es.
552 3972 662 4020 quae
684 3956 745 4004 de
765 3956 1081 4016 conjunctivo
1100 3955 1162 4003 ad
1182 3972 1481 4020 quamquam

465 4032 676 4081 diximus
702 4036 763 4082 ad
785 4037 928 4099 Legg.
956 4035 1059 4093 111,
1090 4037 1119 4083 8
1138 4068 1150 4092 ,
1186 4037 1266 4084 18.
1287 4036 1367 4082 Sic
1393 4052 1482 4084 nu-

467 4122 563 4157 tem
590 4112 695 4162 hnc
728 4114 965 4178 particula
1002 4115 1053 4162 in
1090 4115 1249 4163 verbis
1289 4115 1482 4163 alterius

464 4187 718 4240 laudandis
745 4194 1019 4257 frequenter
1044 4195 1263 4258 ponitur.
1292 4194 1479 4245 Aeadd.

1574 1824 1597 1869 I
1613 1856 1627 1881 ,
1649 1824 1678 1871 8
1701 1860 1714 1883 ‚
1740 1825 1805 1871 30
1828 1840 1842 1873 :
1866 1846 1887 1867 ι
1911 1840 2203 1889 quamquam
2217 1825 2427 1875 oriretur
2444 1843 2469 1873 a
2490 1844 2593 1875 seu·

1571 1902 1708 1950 sibus
1726 1904 1991 1963 ·.Tusc.V,
2008 1904 2102 1963 33,
2122 1905 2190 1968 95
2213 1918 2227 1951 ε
2251 1927 2275 1946 α
2301 1921 2591 1969 quamquam

1570 1998 1714 2029 seusu
1735 1983 1957 2046 corporis
1976 1983 2271 2044 judicentur,
2296 1983 2357 2032 ad
2376 1985 2590 2032 animum

1569 2062 1738 2108 referri
1784 2071 1970 2119 tamen,
2011 2073 2107 2110 ete.
2137 2083 2162 2106 a
2211 2062 2309 2111 Sed
2350 2061 2588 2111 infirmam

1567 2140 1693 2188 hanc
1720 2156 1980 2204 paucarum
2000 2140 2115 2190 edd.
2138 2153 2352 2190 veterum
2373 2143 2588 2191 auctori-

1568 2229 1713 2267 tatem
1739 2220 1875 2283 sequi
1900 2220 2164 2270 noluimus.

1646 2314 1725 2359 ¹7·
1770 2298 1994 2347 Hercule.
2043 2300 2192 2349 Mars.
2239 2299 2402 2350 hercle
2439 2302 2560 2349 mihi
2572 2338 2586 2359 ,

1564 2376 1698 2438 Spir.
1722 2387 1770 2424 et
1797 2377 1896 2424 Eri.
1923 2376 2014 2424 soli
2042 2376 2162 2426 »nihi
2177 2397 2198 2436 ,·
2231 2379 2404 2444 reliqui
2431 2383 2585 2429 nostri

1568 2471 1678 2503 cum
1716 2455 1907 2519 vulgata
1943 2466 2053 2503 ante
2109 2459 2253 2506 Grut.
2296 2458 2443 2505 modo
2470 2493 2487 2519 ‚
2527 2476 2589 2508 ex

1568 2533 1862 2597 compendio
1890 2544 2092 2597 peccant
2117 2535 2264 2583 simili
2299 2552 2312 2581 τ
2335 2538 2425 2585 nisi
2452 2538 2589 2601 quod

1568 2613 1699 2661 Gud.
1723 2629 1740 2659 1
1763 2611 1911 2673 ,mihi
1922 2611 2006 2659 νίν·
2022 2613 2166 2661 modo
2190 2614 2356 2673 refert,
2381 2614 2586 2679 glossam

1567 2709 1677 2740 cnm
1697 2693 1908 2757 glossato
1932 2708 2140 2742 servans.
2171 2695 2234 2743 G.

1645 2774 1724 2823 18.
1771 2774 1834 2821 A.
1879 2774 2170 2836 Torquatus.
2200 2774 2316 2823 Em.
2370 2773 2499 2822 bunc
2537 2777 2586 2822 in

1566 2851 1716 2900 Clave
1742 2855 1798 2901 1..
1823 2856 1875 2901 F.
1905 2853 1960 2901 1..
1988 2852 2055 2900 N.
2086 2864 2246 2901 vocat.
2287 2852 2472 2901 Fuisset
2499 2854 2587 2916 igi-

1567 2944 1649 2980 tur
1667 2931 1804 2979 istius
1823 2965 1839 2991 ,
1861 2947 1970 2979 cum
1990 2947 2091 2995 quo
2107 2946 2266 2978 sermo
2287 2931 2559 2978 instituitur
2574 2966 2588 2988 ‚

1568 3012 1715 3059 frater
1734 3012 1746 3057 Ξ
1767 3009 1918 3072 Quod
1933 3010 2016 3057 vix
2037 3024 2201 3056 verum
2222 3017 2314 3065 est;
2335 3018 2440 3054 tum
2458 3007 2585 3056 enim

1566 3090 1618 3137 id
1644 3100 1833 3147 auctor,
1859 3104 1952 3152 pro
1983 3102 2074 3135 suo
2108 3102 2267 3143 more,
2304 3087 2584 3135 monuisset.

1570 3168 1685 3214 Esse
1710 3166 1842 3212 hunc
1870 3175 2029 3212 sutem
2052 3160 2298 3231 eumdem,
2317 3162 2402 3225 qui
2423 3164 2487 3210 A.
2523 3164 2586 3210 U.

1572 3259 1664 3306 701
1708 3253 1890 3307 praetor
1919 3241 2040 3298 fuit,
2072 3251 2122 3289 et
2148 3239 2211 3287 ad
2230 3255 2403 3303 quem,
2445 3256 2588 3290 exsu-

1565 3322 1688 3380 lem,
1702 3320 1854 3368 literae
1870 3320 2122 3369 Ciceronis
2142 3329 2361 3378 exstant,
2384 3323 2477 3378 vl,
2500 3338 2584 3386 ep.

1573 3402 1706 3459 1-4
1723 3435 1737 3459 ,
1784 3400 1996 3450 dubitari
2031 3401 2216 3465 nequit.
2255 3399 2414 3449 Nobis
2457 3413 2587 3450 certe

1567 3480 1649 3528 hic
1676 3486 1739 3530 A.
1762 3481 1999 3545 Torquati
2025 3479 2155 3528 filius
2180 3479 2498 3544 videtui-,qui
2526 3498 2588 3528 ex

1568 3570 1778 3626 pretura
1800 3576 1879 3608 an.
1901 3560 2024 3620 676,
2049 3559 2263 3608 Africam
2287 3560 2588 3623 provinciam

1569 3639 1819 3702 obtinnit;
1860 3655 2003 3703 quem
2048 3652 2160 3686 cum
2203 3637 2299 3685 hoc
2334 3649 2506 3687 nostro
2532 3641 2587 3688 Ρ.

1569 3721 1762 3769 Manut.
1791 3720 1840 3766 in
1863 3728 2123 3767 comment.
2149 3717 2212 3765 ad
2233 3716 2379 3766 Divv.
2395 3720 2465 3766 VI
2480 3754 2494 3777 ‚
2509 3734 2588 3783 ep.

1578 3815 1599 3846 ι
1625 3833 1638 3857 ,
1656 3798 1762 3847 init.
1783 3800 1968 3847 miscet.
1989 3799 2055 3847 G.

1650 3892 1730 3939 19.
1794 3878 1941 3941 Cujus
1995 3884 2234 3941 quantum
2278 3875 2491 3923 studium
2541 3888 2591 3924 et

1558 3973 1720 4021 quam
1774 3956 1965 4023 insigne
1999 3953 2180 4020 fieert't.
2231 3953 2438 4002 Goerenz
2476 3955 2592 4002 scri-

1570 4037 1680 4085 bit:
1719 4034 1854 4101 cujus
1897 4048 2133 4101 quamam
2179 4033 2392 4081 studium
2411 4031 2590 4097 ficet-it,

1571 4127 1623 4164 ee
1641 4132 1791 4180 quum
1812 4115 2018 4181 inst'gne.
2040 4116 2109 4161 Ita
2131 4146 2145 4169 ,
2178 4111 2361 4175 inquit,
2389 4112 2516 4174 Spir.
2545 4122 2592 4158 et

1569 4195 1674 4244 Erl.
1701 4195 1866 4260 ficetis
1909 4206 2024 4261 post
2073 4188 2280 4240 studium
2331 4189 2596 4239 retrahunt.
