3217 4784
780 457 905 524 DE
954 457 1127 524 FIN.
1181 458 1387 525 BoN.
1441 458 1555 524 ET
1606 456 1825 544 MAL.
1879 454 2001 533 1v,
2046 447 2149 517 16.

2395 445 2539 536 489

418 592 490 648 et
533 601 661 673 per
703 601 779 648 se
831 576 1253 649 assumenda
1295 602 1448 648 esse
1486 576 1769 661 dicunt,
1811 597 1958 643 non
2001 568 2402 663 adjungunt
2445 563 2538 635 ad

416 685 633 759 finem
664 684 1023 757 bonorum
1042 741 1061 773 ‚
1090 686 1494 757 desciscunt
1513 709 1553 754 a
1576 698 1855 770 natura,
1876 696 1948 752 et
1975 676 2294 778 quodam
2320 675 2539 746 modo

415 810 582 865 sunt
620 819 771 864 non
810 793 1185 866 dissimiles
1234 796 1608 864 Aristonis,
1654 792 1783 862 Ille
1840 793 2032 862 enim
2086 787 2538 859 occurrentia

415 907 657 976 nescio
704 930 864 1002 quae
924 903 1642 989 comminiscebatur3
1701 901 1778 971 hi
1829 916 2071 971 autem
2116 912 2404 996 ponunt
2444 894 2540 965 illi

378 1010 752 1111 ·quidem⁶
806 1018 1037 1111 prima
1073 1028 1379 1102 naturae,
1422 1013 1547 1086 sed
1590 1038 1674 1085 ea
1709 1012 2102 1106 sejungunt
2139 1034 2179 1080 a
2223 1006 2492 1078 finibus
2521 1060 2539 1091 ‚

415 1140 488 1194 et
514 1150 554 1197 a
581 1148 859 1194 summa
894 1122 1259 1195 bonorum
1294 1152 1309 1194 :
1342 1150 1502 1222 quae
1529 1150 1759 1222 quum
1794 1127 2290 1220 proponunt7‚
2329 1132 2413 1187 ut
2450 1117 2542 1189 sit

413 1233 649 1330 aliqua
681 1259 923 1306 rerum
958 1233 1280 1319 selecti0‚
1307 1250 1636 1306 naturam
1669 1232 2003 1304 videntur
2030 1229 2271 1323 sequi3
2309 1234 2540 1323 quuni

416 1360 653 1417 autem
691 1359 990 1443 negant,
1037 1370 1120 1416 ea
1153 1345 1548 1447 quidquam
1586 1344 1678 1414 ad
1729 1341 2012 1413 beatam
2049 1338 2267 1407 vitam
2318 1336 2538 1433 perti-

413 1477 623 1540 nere,
657 1477 908 1525 rursus
944 1470 1274 1526 naturam
1311 1454 1761 1551 relinquunt.

510 1570 745 1660 Atque
767 1562 1004 1635 adhuc
1030 1588 1112 1634 ea
1134 1562 1319 1650 dixi,
1345 1588 1475 1634 cur
1497 1587 1708 1635 causa
1731 1560 2010 1632 Zenoni
2040 1548 2226 1628 non⁸
2258 1554 2529 1642 fuisset,
2570 1568 2636 1624 44·

414 1672 892 1769 quamobrem
905 1697 945 1743 a
963 1674 1420 1770 superiorum
1436 1674 1861 1745 auctoritate
1887 1667 2305 1741 discederet.
2331 1669 2541 1736 Nunc

413 1780 690 1877 reliqua
716 1780 1121 1852 videamus:
1152 1784 1289 1853 nisi
1304 1799 1429 1853 aut
1445 1782 1535 1853 ad
1563 1782 1941 1868 haec,Cato
1961 1834 1979 1867 ,
2003 1779 2241 1850 dicere
2266 1775 2541 1872 aliquid

414 1892 551 1977 viS‚
585 1906 710 1962 aut
736 1903 914 1963 nos9
938 1894 1083 1988 jam
1115 1894 1470 1990 longiores
1492 1918 1764 1966 sumus.
1803 1897 2160 1965 Neutrum
2188 1912 2356 1960 vero
2384 1942 2403 1974 ‚
2436 1889 2540 1957 in-

485 2031 535 2079 6.
586 2032 651 2079 Ha·
687 2043 847 2080 autem
878 2046 1075 2098 ponunt
1109 2035 1184 2083 illi
1216 2035 1427 2099 quidem.

414 2111 579 2158 Das-is.
609 2111 779 2161 suadet
800 2110 889 2161 illa
907 2132 927 2171 ‚·
975 2125 1120 2178 atque
1144 2117 1208 2161 ita
1234 2114 1432 2179 quidem

418 2189 545 2236 oud.
579 2205 597 2237 1
644 2191 696 2236 in
733 2192 877 2238 textis
918 2193 987 2239 sic
1008 2227 1023 2252 ‚
1058 2205 1112 2240 ut
1154 2193 1229 2241 illa·
1261 2210 1433 2257 super-

414 2269 647 2333 scriptum
674 2269 773 2330 sit;
804 2287 894 2319 nee
921 2272 1096 2331 aliter,
1119 2273 1169 2319 ni
1194 2273 1431 2330 fallimur,

414 2350 521 2395 Bas.
540 2364 649 2395 nam
670 2349 813 2395 variae
828 2348 1028 2398 lectioni
1044 2351 1229 2399 codicis
1241 2352 1431 2415 signum

415 2441 515 2473 nou
539 2425 756 2474 additum
782 2441 855 2476 est
887 2442 901 2477 :
929 2427 1015 2476 sed
1042 2430 1141 2476 Eri.
1168 2428 1242 2478 illi
1267 2430 1428 2479 refert.

414 2508 480 2551 At
514 2504 707 2569 vulgata
743 2523 855 2554 vera
884 2519 986 2569 est,
1023 2509 1370 2572 DavisIumque
1403 2526 1430 2556 a

413 2584 704 2647 corrigendo
723 2589 909 2647 positus
931 2588 1029 2647 jam
1055 2588 1317 2636 verborum
1344 2588 1430 2636 de-

416 2674 591 2710 terrere
634 2662 856 2712 debebat.
903 2667 980 2714 Cf.
1011 2667 1074 2715 ad
1112 2668 1301 2715 Acadd.
1346 2671 1428 2730 11,

422 2743 508 2798 15,
548 2749 632 2802 47.
655 2743 879 2791 Ceterum
906 2744 961 2792 Ιιί
972 2779 987 2804 ,
1011 2746 1161 2794 Stoici
1182 2783 1196 2806 ,
1234 2760 1283 2795 et
1308 2747 1390 2795 ille
1413 2784 1431 2808 ,

414 2821 607 2877 Aristo,
638 2835 987 2885 opponuntur,
1021 2825 1134 2874 licet
1169 2826 1316 2885 hujus
1342 2843 1432 2873 no-

414 2915 523 2945 men
545 2916 704 2963 presse
722 2902 1021 2962 praemissum
1035 2904 1097 2950 sit
1120 2917 1133 2950 :
1160 2903 1296 2967 quod
1318 2905 1432 2952 inde

415 2977 661 3025 ostendere
680 2992 782 3025 non
806 2979 973 3038 debet,
988 2997 1138 3044 quum
1166 2982 1227 3029 de
1254 2984 1432 3031 Stoicis

414 3058 611 3120 proprie
636 3066 825 3119 agatur,
851 3059 1096 3106 Aristonis
1115 3071 1276 3107 autem
1301 3076 1430 3121 nou,

416 3136 506 3182 nisi
527 3135 638 3183 loco
659 3136 772 3182 dato
790 3171 804 3193 ,
826 3137 1009 3185 mentio
1027 3138 1285 3198 injiciatur.
1311 3142 1376 3189 G.

488 3231 535 3274 7.
562 3217 865 3277 Proponunt.
897 3217 1030 3264 Goer.
1054 3217 1203 3265 scrib.
1237 3235 1433 3282 [πετρο-

412 3306 551 3342 umet.
585 3296 767 3355 Hujus,
796 3296 983 3359 inquit,
1012 3295 1127 3345 loco
1155 3298 1321 3346 Davis.
1336 3315 1433 3364 po.-

413 3385 542 3421 ment
565 3374 734 3421 suadet
750 3411 764 3436 ,
786 3376 1027 3440 probante
1052 3377 1167 3423 Ern.
1205 3378 1271 3424 At
1303 3388 1433 3425 uter·

416 3470 512 3517 que
530 3464 652 3500 errat
669 3470 684 3509 ς
704 3470 812 3500 nam
835 3455 1096 3519 saepissime
1122 3467 1293 3503 auctor
1311 3473 1433 3521 pm·

405 3548 591 3595 ponere
635 3532 870 3597 simplicis
905 3551 1092 3597 ponere
1128 3536 1205 3595 vi,
1238 3545 1293 3583 ut
1329 3536 1432 3584 vice

413 3628 577 3670 versa,
615 3612 752 3660 dicit.
801 3613 864 3659 Et
906 3624 1063 3661 tamen
1107 3613 1279 3662 vitium
1318 3614 1432 3662 loco

412 3693 542 3738 inest
557 3725 572 3749 ,
607 3692 765 3755 ipsum
785 3703 959 3754 sponte
982 3709 1064 3740 sua
1090 3693 1207 3740 huic
1235 3710 1285 3740 se
1309 3694 1435 3743 offe·

410 3784 551 3829 rens,
576 3770 663 3832 qui
686 3770 760 3817 vel
788 3771 957 3833 primis
981 3770 1128 3819 labris
1156 3773 1431 3822 Stoicorum

413 3846 720 3913 disciplinam
738 3851 950 3913 attigerit
969 3865 981 3897 ε
1006 3865 1306 3916 proepnment
1324 3870 1433 3901 cor-

414 3926 665 3988 rigendum
685 3940 779 3988 est,
804 3940 856 3976 ut
873 3925 1095 3979 fecimus.
1110 3930 1287 3979 Valent
1305 3933 1433 3979 enim

415 4002 545 4060 haec,
564 4028 587 4048 u
610 4023 717 4084 nsum
731 4024 880 4070 quum
909 4008 1009 4056 haec
1032 4008 1202 4071 (prima
1225 4008 1433 4074 uaturae)

418 4081 469 4127 iu
513 4088 806 4148 praepositis,
849 4088 882 4135 i.
920 4106 964 4136 e.
1005 4087 1337 4156 προηγμένῦῑς,
1377 4099 1431 4135 1¹¹

420 4159 660 4225 seligenda
719 4177 766 4212 et
832 4167 1057 4215 sumenda
1084 4202 1097 4225 ‚
1146 4178 1394 4215 numerant
1416 4204 1430 4229 ,

1520 2046 1705 2084 uaturae
1758 2033 1957 2098 quidem
1998 2031 2343 2079 convenienter
2388 2029 2544 2078 secere

1519 2115 1747 2163 videntur
1769 2130 1783 2163 z
1815 2114 1901 2162 sed
1926 2114 2055 2161 idem
2081 2122 2250 2159 contra
2277 2109 2402 2157 male
2431 2126 2543 2156 cum

1518 2205 1688 2243 natura
1718 2192 1973 2250 convenit,
2008 2190 2146 2255 quod
2176 2188 2281 2237 haec
2303 2189 2406 2253 ipsa
2433 2189 2538 2253 pri-

1516 2289 1594 2320 ma
1622 2282 1806 2320 naturae
1824 2272 1887 2319 ad
1906 2271 2091 2318 beatam
2110 2269 2258 2317 vitam
2281 2267 2404 2315 nihil
2421 2284 2541 2316 con-

1517 2353 1643 2400 serte
1660 2361 1935 2399 statuuntur
1952 2372 1993 2398 n.
2014 2350 2091 2397 Cf.
2127 2364 2273 2414 supra
2298 2346 2330 2412 S
2357 2356 2440 2404 4ο.
2460 2348 2541 2394 Sic

1519 2432 1705 2480 dudum
1726 2429 2106 2487 emendaremus,
2126 2445 2277 2493 quum
2300 2428 2429 2476 oud.
2444 2443 2471 2475 s
2492 2437 2540 2474 et

1517 2512 1629 2559 Bas.
1659 2510 1995 2557 auctoritatem
2024 2524 2158 2555 suam
2183 2506 2465 2568 adjicerent.

1589 2593 1639 2639 8.
1667 2593 1832 2652 Aeque
1855 2587 2019 2635 adhue
2035 2604 2097 2635 ea
2115 2585 2251 2643 disi,
2275 2602 2363 2633 cur
2385 2601 2542 2633 causa

1518 2672 1578 2718 Z.
1605 2667 1918 2731 nonsm'sset.
1942 2668 2075 2715 Goer.
2097 2664 2369 2729 transponit
2386 2680 2543 2711 causa

1517 2764 1609 2795 cm·
1625 2751 1689 2796 Z.
1717 2756 1952 2810 notatque
1980 2760 1994 2794 ε
2027 2745 2192 2792 Primo
2232 2745 2347 2791 Ern.
2368 2759 2429 2790 ea
2455 2741 2544 2789 de-

1516 2826 1605 2875 leri
1621 2826 1763 2887 jubet
1787 2842 1799 2873 :
1828 2824 1912 2872 sed
1930 2840 2029 2872 non
2043 2823 2169 2871 vidit
2189 2856 2204 2882 ,
2229 2820 2411 2880 adhue,
2426 2821 2542 2869 Ιιασ·

1518 2917 1656 2953 tenus
1706 2905 1889 2961 valere,
1927 2914 1984 2951 ut
2019 2905 2126 2964 111,
2167 2908 2230 2961 4,
2262 2916 2353 2958 n,
2382 2911 2453 2958 et,
2479 2917 2540 2947 ea

1497 2983 1635 3035 ,dia-1·
1651 3001 1765 3042 cur,
1793 2999 1909 3048 pro,
1949 2997 2037 3029 «ea
2057 2991 2335 3043 argumenta
2356 2994 2540 3042 propo-

1518 3067 1619 3122 sui,
1659 3065 1788 3112 unde
1819 3063 2192 3124 intelligeretur,
2214 3058 2396 3105 Zenoni
2422 3073 2537 3104 cau-

1517 3159 1619 3190 sam
1663 3144 1847 3191 nullam
1897 3142 2041 3188 fuisse
2073 3162 2119 3187 n.
2169 3137 2347 3184 Eadem
2385 3138 2539 3184 form

1517 3222 1745 3284 frequens
1785 3232 1858 3269 est
1898 3221 1950 3267 in
1969 3253 1984 3277 ,
2026 3240 2050 3261 ι
2073 3216 2194 3281 quid
2223 3215 2377 3275 dicis,
2416 3232 2542 3274 cur;

1517 3299 1642 3346 nihil
1681 3300 1833 3359 dicis,
1880 3313 2002 3357 cur;
2046 3312 2243 3345 scensas
2287 3311 2389 3353 me,
2426 3311 2542 3354 cur,

1516 3388 1613 3425 etc.
1628 3400 1651 3419 n
1670 3378 1863 3425 Deinde
1886 3378 2094 3440 vulgate
2111 3374 2256 3423 verba
2281 3389 2372 3420 cur
2386 3390 2540 3421 causa

1519 3457 1910 3520 transposuimus
1942 3473 1955 3503 ε
1992 3456 2062 3505 ita
2097 3456 2225 3502 enim
2252 3469 2353 3501 non
2380 3452 2540 3501 solum

1519 3536 1799 3584 Gruteriani
1817 3572 1831 3596 ,
1852 3537 1982 3585 Gud.
2011 3553 2026 3583 ι
2055 3546 2105 3583 et
2129 3536 2238 3582 Bas.
2261 3532 2345 3581 sed
2367 3533 2541 3597 reliqui

1519 3625 1617 3663 tres
1642 3618 1797 3663 nostri
1827 3624 2056 3680 corrupte
2076 3650 2090 3674 ,
2127 3629 2278 3660 causa
2320 3628 2428 3660 cum
2464 3629 2543 3660 re-

1519 3694 1697 3743 ferunt.
1721 3698 1941 3759 Recepto
1963 3711 1991 3741 a
2018 3693 2164 3740 nobis
2191 3691 2352 3739 ordini
2377 3693 2541 3741 favent

1519 3789 1720 3837 quoque
1748 3773 1967 3838 impressi
1992 3782 2110 3820 vett.
2131 3787 2242 3819 cum
2258 3774 2382 3820 ‘Ven-
2407 3780 2539 3838 1494

1519 3863 1567 3900 et
1601 3854 1767 3900 Marso
1811 3853 1993 3917 plures.
2051 3853 2212 3900 Causa
2250 3861 2443 3908 nutem,
2486 3861 2540 3897 ut

1518 3933 1662 3980 notio
1681 3934 1933 3997 primaria,
1963 3949 2075 3981 cum
2100 3932 2151 3978 vi
2176 3930 2420 3994 premissa
2451 3939 2537 3975 est.

1592 4032 1645 4075 9.
1680 4012 1794 4059 Nisi
1810 4024 1898 4060 aue
1925 4011 1997 4059 ad
2017 4010 2121 4057 lta-c
2141 4044 2155 4065 ‚
2189 4009 2308 4056 caeo
2329 4044 2343 4067 ‚
2378 4006 2541 4053 dicere

1521 4089 1716 4154 aliquid
1735 4090 1806 4137 vis
1828 4125 1844 4149 ‚
1872 4101 1960 4137 aue
1976 4106 2082 4136 nos.
2119 4086 2300 4134 Prioris
2317 4096 2404 4131 auc
2426 4084 2540 4131 loco

1522 4171 1735 4218 referunt
1763 4170 1963 4218 Oxonu.
2004 4169 2063 4217 E.
2099 4177 2148 4213 et
2185 4160 2225 4221 ξ.
2260 4175 2341 4221 eu,
2379 4180 2426 4226 χ.
2470 4175 2537 4215 ne.
