3217 4784
188 4164 203 4176 ο

183 4184 189 4192 -
228 4186 236 4191 .

132 4211 231 4249 -..2⁸5

200 4238 204 4245 ι

186 4250 223 4265 'Q-

150 4272 186 4283 ‚-

163 4290 171 4299 ⁵
200 4296 205 4303 V

1179 412 1758 511 PRAE'FATm.
2415 437 2534 528 xiij

408 581 686 679 priores
712 577 975 665 libroS,
1011 601 1191 674 quas
1235 576 1419 650 God.
1455 577 1757 650 Rathius
1799 600 2018 675 supra
2052 574 2353 646 laudatae
2394 572 2540 643 edi-

364 720 371 725 ’
409 706 628 776 tionis
682 707 760 774 in
814 702 1005 775 calce
1055 700 1361 786 addidit,
1416 716 1787 799 tamquam
1841 700 2207 799 amplioris
2271 696 2538 769 laboris

400 826 689 922 jamdiu*
708 826 1060 924 propositi
1098 839 1172 895 et
1209 823 1531 896 inchoati
1559 824 1992 923 specimina3
2032 822 2158 894 sed
2201 820 2349 893 fere
2386 823 2541 892 sine

409 1078 563 1135 cium
608 1095 835 1134 acuere.
894 1075 1147 1133 Primum
1201 1074 1380 1153 igitur
1435 1084 1562 1132 erat
1615 1071 1967 1144 videndum,
2011 1070 2152 1149 quid
2193 1071 2545 1149 ,interpretes

411 1195 587 1260 atque
626 1181 880 1241 editores
922 1184 1224 1258 hucusque
1265 1180 1672 1260 praetiterint3
1730 1178 1908 1258 idque
1953 1175 2328 1257 experiebar,
2383 1173 2541 1254 quod

410 1288 700 1346 neminem
739 1307 860 1345 non
904 1286 1245 1346 Ernestiana
1293 1298 1516 1344 tantum
1559 1282 1820 1342 editione
1863 1295 2120 1342 utentem
2170 1290 2548 1360 experturum

413 1415 538 1453 esse
569 1407 731 1453 certo
766 1392 1031 1466 confid0‚
1063 1394 1276 1465 multa,
1309 1412 1440 1470 quae
1476 1391 1699 1470 primus
1735 1410 1845 1468 ego
1881 1388 2354 1448 animadvertisse
2380 1386 2546 1446 vide-

413 1499 543 1572 bar,
577 1499 699 1577 jam
736 1499 958 1559 dudum
991 1519 1114 1558 esse
1159 1511 1477 1577 occupata,
1523 1499 1614 1556 vel
1644 1497 1719 1556 ab
1754 1494 2209 1573 antiquioribus,
2247 1495 2551 1566 Manutio,

411 1607 707 1678 victorio,
737 1605 1055 1680 Lambin0‚
1093 1606 1186 1664 vel
1218 1604 1293 1663 ab
1320 1605 1422 1663 illo
1442 1646 1459 1674 ,
1502 1603 1605 1679 qui
1638 1602 1904 1681 proxime
1932 1601 2084 1658 hanc
2119 1612 2347 1659 aetatem
2384 1613 2551 1659 ante-

412 1713 607 1785 cessit,
634 1712 872 1773 Davisio
898 1735 912 1769 ε
953 1713 1014 1770 in
1043 1709 1257 1790 quibus
1285 1709 1368 1767 ita
1394 1706 1710 1767 Lambinus
1737 1706 1984 1778 eminet,
2022 1718 2088 1763 ut
2123 1705 2554 1764 emendationes

413 1817 737 1878 difficillimi
764 1817 1046 1895 cujusque
1068 1815 1184 1874 loci
1208 1834 1326 1873 non
1350 1813 1423 1873 ab
1441 1813 1706 1891 ingenio,
1730 1812 1990 1890 quamvis
2016 1830 2225 1890 magno
2247 1811 2553 1889 profectas,

414 1923 517 1982 sed
562 1923 636 1983 ab
683 1925 814 2004 ipso
865 1922 1147 1982 Cicerone
1193 1919 1434 1980 traditas
1480 1919 1754 1999 opineris.
1798 1920 2004 1996 Neque
2045 1930 2238 1976 tamen
2286 1917 2367 1975 ita
2411 1917 2558 1976 mihi

416 2042 626 2087 cuncta
658 2050 692 2088 e
725 2028 991 2088 manibus
1022 2039 1222 2107 erepta
1256 2027 1480 2099 inveni,
1515 2037 1580 2083 ut
1618 2023 1921 2083 consilium
1959 2023 2350 2102 abjiciendum
2392 2037 2559 2100 puta·

416 2154 572 2206 rem3
596 2137 772 2192 immo
795 2154 902 2211 per
929 2133 1081 2212 ipsas
1107 2133 1370 2192 virorum
1402 2131 1710 2191 doctorum
1734 2131 2138 2190 annotationes
2164 2144 2265 2189 aut
2285 2130 2360 2189 ad
2391 2149 2525 2188 vera
2544 2172 2560 2199 ,

418 2250 524 2298 aut
560 2237 634 2296 ad
675 2238 1011 2295 verisimilia
1049 2238 1250 2295 saltem
1262 2221 1277 2261 .·
1298 2237 1579 2296 deductus
1624 2257 1785 2309 sum,
1820 2237 2141 2295 attentione
2177 2236 2234 2294 in
2272 2236 2559 2314 ejusmodi

418 2363 514 2403 res
544 2361 853 2415 conversa,
881 2361 1025 2420 quas
1053 2355 1188 2400 ante
1215 2341 1309 2401 vel
1343 2342 1766 2421 praeterieram,
1797 2343 1891 2401 vel
1920 2342 2132 2402 leviter
2159 2343 2391 2401 nonnisi
2418 2362 2559 2422 per-

417 2449 781 2509 strinxeram.
814 2447 1091 2528 Inprimis
1126 2467 1266 2507 vero
1301 2468 1375 2507 ex
1412 2447 1619 2506 intima
1660 2449 1955 2508 Ciceronis
2001 2448 2292 2508 scribendi
2334 2449 2560 2508 ratione

418 2558 602 2616 multa
629 2555 951 2616 haurienda
988 2568 1178 2629 erant,
1207 2576 1415 2634 quam,
1460 2556 1509 2615 si
1544 2554 1897 2615 Lambinum
1927 2556 2227 2634 exceperis
2245 2600 2261 2628 ,
2300 2557 2560 2635 reliquo-

419 2681 552 2720 rum
574 2663 958 2742 interpretum
984 2662 1085 2721 vix
1114 2682 1263 2721 unus
1299 2662 1722 2739 aliquantulum
1757 2662 1938 2720 novit.
1985 2662 2283 2721 Davisium
2324 2661 2556 2739 quidem

419 2785 685 2845 magnam
731 2766 1017 2825 librorum
1078 2765 1618 2845 philosophicorum
1672 2778 1897 2843 partem
1947 2785 2088 2825 non¹
2116 2765 2240 2825 sine
2296 2766 2565 2826 doctrina

422 2874 806 2932 illustrantem
839 2873 1067 2932 mireris
1103 2892 1255 2951 saepe
1295 2891 1526 2930 omnem
1567 2872 1959 2931 Ciceronianae
1991 2871 2298 2931 latinitatis
2329 2892 2561 2931 sensum

423 2980 503 3038 ita
535 2979 761 3038 exuisse
777 3021 793 3048 ‚
835 2989 901 3035 ut
924 2979 1024 3036 vix
1047 2979 1221 3037 ullam
1245 2997 1377 3036 cnm
1400 2978 1720 3036 attentione
1744 2978 2018 3056 paginam
2044 2977 2251 3056 legisse
2278 2994 2409 3036 eum
2428 2998 2562 3035 cre-

422 3088 543 3145 das.
583 3085 817 3163 Aliquot
839 3084 1005 3142 annis
1032 3096 1164 3142 ante
1192 3102 1324 3142 eum
1355 3084 1494 3142 item
1519 3083 1741 3159 Anglus
1767 3082 1877 3141 hos
1905 3079 2090 3140 libros
2120 3080 2383 3140 ediderat
2407 3081 2564 3141 Tho-

425 3211 548 3251 mas
570 3190 894 3261 Bentleius;
920 3200 981 3246 at
1005 3208 1180 3265 quam
1213 3188 1503 3247 dissimilis
1538 3188 1695 3246 illius
1721 3185 2031 3247 Richardi!
2061 3187 2164 3264 qui
2191 3194 2562 3267 quocumque

423 3298 485 3355 in
513 3297 799 3375 scriptore
818 3307 1183 3366 versaretur,
1209 3294 1288 3352 nil
1320 3293 1432 3352 nisi
1458 3294 1720 3372 perfecta
1745 3293 1992 3370 protulit
2010 3337 2027 3366 ,
2071 3293 2367 3353 scribendi
2391 3295 2565 3355 taedio

426 3403 624 3482 potius
663 3421 838 3481 quam
877 3398 1375 3460 emendationibus
1414 3420 1487 3458 ex
1528 3399 1881 3459 feracissimo
1923 3400 2155 3480 ingenio
2200 3402 2568 3480 proferendis

426 3509 789 3587 defatigatus.
819 3506 934 3569 Sed
965 3510 1216 3567 Thomas
1240 3508 1323 3567 nil
1358 3506 1465 3566 nisi
1500 3506 1773 3565 avunculi
1805 3497 2105 3566 audaciam
2130 3523 2408 3586 sequutus
2444 3523 2504 3568 et
2534 3531 2566 3569 a

428 3614 697 3674 felicitate
726 3626 786 3672 et
824 3612 899 3672 ab
942 3614 1206 3672 acumine
1246 3611 1661 3689 dissimillimus
1697 3626 1840 3672 erat.
1883 3612 2057 3686 Quod
2089 3613 2139 3673 si
2165 3614 2417 3693 singulas
2441 3615 2568 3692 ejus

427 3720 791 3799 conjecturas
826 3732 1098 3779 excutere
1140 3719 1485 3791 voluissem,
1517 3719 1628 3779 ista
1670 3719 1838 3778 facile
1870 3740 1963 3779 res
1991 3721 2054 3778 in
2079 3720 2385 3780 voluminis
2409 3721 2567 3782 hand

160 3902 167 3909 ο
252 3876 257 3881 .
300 3884 303 3891 ,
426 3826 594 3905 parvi
619 3828 829 3886 molem
851 3826 1218 3885 excrevisset.
1238 3826 1427 3905 Tetigi
1453 3845 1595 3904 ergo
1619 3845 1717 3883 eas
1741 3826 2001 3898 nonnisi,
2028 3846 2157 3903 quae
2186 3826 2278 3885 vel
2305 3829 2570 3888 veritatis

429 3934 680 4013 quadam
706 3934 898 4012 specie
924 3954 1046 3992 sese
1080 3932 1579 4004 commendarent,
1608 3933 1701 3991 vel
1730 3954 1764 3991 a
1791 3952 1935 3992 vero
1971 3953 2147 4011 quam
2171 3935 2435 4023 proxime
2458 3936 2568 3994 ab-

433 4054 645 4113 essent,
693 4040 781 4099 vel
820 4040 1019 4105 utilem
1057 4038 1389 4118 disputandi
1437 4040 1733 4098 materiam
1781 4038 2141 4119 praeberent,
2184 4042 2275 4100 vel
2317 4042 2566 4120 denique

434 4146 690 4206 virm-mn
750 4145 1055 4205 doctorum
1105 4146 1369 4224 quamvis
1422 4146 1765 4212 immeritam
1817 4144 2302 4225 approbationem
2360 4169 2564 4208 consc-
