3217 4784
675 351 806 423 158
878 440 887 447 Β

1337 360 1433 426 Μ.
1487 362 1566 426 Τ.
1621 361 2108 431 CICERONIS

664 470 878 541 nimis
906 467 1212 540 obscure
1256 473 1716 559 memoravit3
1754 487 1879 545 aut
1910 498 2142 572 quum
2183 500 2428 547 rerum
2471 478 2800 551 obscuri·

666 592 807 665 tas»,
843 603 989 649 non
1033 575 1460 665 verborum,
1496 577 1698 669 facit,
1744 597 1826 652 ut
1871 608 2023 655 non
2063 584 2503 683 intelligatur
2532 593 2800 677 oratio;

669 687 902 786 qualis
959 702 1065 758 est
1124 690 1198 757 in
1251 689 1519 760 Timaeo
1582 691 1922 763 Platonis,
1986 697 2341 791 Epicurus
2393 710 2674 786 autem,
2719 712 2800 769 ut

668 803 955 896 opinor,
983 821 1119 868 nec
1144 823 1294 869 non
1321 797 1547 887 vult³‚
1575 802 1634 872 si
1667 804 1916 899 possit,
1947 802 2160 901 plane
2189 819 2261 876 et
2288 820 2534 902 aperte
2561 807 2799 905 loqui;

668 932 802 977 nec
839 906 930 977 de
964 931 1045 977 re
1072 906 1413 996 obscura,
1453 926 1535 980 ut
1571 911 1894 1008 physici,
1934 929 2060 985 aut
2092 914 2508 1004 artificiosa,
2539 931 2622 988 ut
2650 941 2798 988 ma·

669 1017 1068 1104 thematici‚
1118 1017 1244 1089 sed
1294 1004 1386 1091 dc
1440 1020 1697 1092 illustri
1748 1038 1823 1094 et
1870 1021 2089 1110 facili,
2138 1027 2354 1097 etiam
2409 1029 2484 1097 in
2543 1027 2800 1127 vulgus

669 1141 1044 1225 pervagata
1059 1133 1115 1209 4,
1149 1128 1496 1226 loquitur.
1541 1134 1999 1229 Quamquam
2030 1160 2180 1205 non
2215 1138 2486 1234 negatis
2523 1162 2658 1209 nos
2693 1140 2798 1211 in·

664 1237 1021 1336 stelligero,
1049 1238 1225 1336 quid
1253 1241 1343 1311 sit
1384 1241 1718 1340 voluptas
1740 1296 1760 1330 ,
1797 1242 1923 1314 sed
1963 1245 2142 1341 quid
2177 1244 2298 1317 ille
2324 1245 2532 1319 dicat.
2563 1252 2620 1319 E
2647 1273 2797 1347 quo

665 1346 996 1437 efficitur,
1038 1375 1188 1420 non
1242 1364 1323 1421 ut
1376 1375 1511 1422 nos
1552 1376 1702 1423 non
1751 1352 2236 1452 intelligamus
2254 1351 2308 1443 ⁵,
2358 1380 2520 1453 quae
2561 1363 2669 1429 vis
2706 1362 2799 1429 sit

673 1579 763 1611 121
794 1562 919 1611 :Ille
957 1565 1187 1621 ποτανὸς
1227 1576 1556 1629 cognomento
1601 1566 1688 1630 qui

660 1643 945 1707 perhibetur
962 1658 976 1692 ε
995 1644 1123 1705 Quia
1146 1644 1207 1693 de
1233 1656 1405 1693 natura
1432 1644 1576 1692 nimia
1592 1645 1688 1693 ob-

663 1743 803 1776 acnre
828 1726 1115 1775 memoravit
1132 1748 1178 1775 ιι.
1202 1724 1559 1773 —Heraclitna
1585 1736 1690 1774 erat

663 1809 899 1873 Ephesius
915 1844 931 1867 ,
954 1806 1218 1869 floruitque
1241 1820 1343 1853 non
1367 1804 1548 1852 multoe
1574 1815 1690 1869 poet

665 1888 985 1953 Pythagoram
1025 1900 1197 1933 annos.
1242 1883 1487 1946 Diogene·
1514 1885 1688 1932 *laet-t.

666 1968 810 2015 refert
833 1964 1085 2030 epistolam
1110 1978 1203 2026 qua
1233 1961 1411 2010 Darius
1429 1976 1540 2007 enm
1560 1962 1688 2008 invi·

666 2047 812 2104 tavit,
839 2056 894 2093 nt
919 2045 971 2092 in
1008 2040 1253 2090 Persidem
1277 2040 1465 2087 veniret
1483 2073 1500 2098 ,
1528 2041 1687 2087 Hera·

664 2125 864 2187 clitique
886 2136 1187 2186 reaponaum.
1214 2120 1266 2168 J.
1284 2120 1349 2167 V.
1376 2121 1690 2183 L.—Qumn

664 2219 760 2253 rer.
787 2199 1128 2250 obscuritas...
1128 2197 1291 2264 facie,
1334 2209 1390 2245 ue
1407 2214 1508 2244 non
1536 2198 1687 2247 intell.

666 2281 825 2329 oran'o
843 2315 858 2340 ‚
888 2280 1050 2345 qualis
1067 2291 1137 2327 est
1157 2279 1208 2327 in
1234 2277 1420 2325 Timoeo
1443 2278 1679 2326 Platonis.

664 2361 745 2409 Cf.
765 2360 909 2408 simil.
931 2360 1027 2408 loc.
1049 2356 1487 2416 deTimaeo‚Acad.
1508 2361 1573 2414 11,
1591 2359 1686 2421 39,

663 2438 696 2503 S
721 2441 838 2499 123,
861 2449 911 2487 et
934 2438 1033 2486 vid.
1060 2452 1170 2501 que
1196 2436 1258 2484 de
1283 2435 1471 2483 Timaeo
1496 2438 1686 2500 praefati

664 2536 834 2567 sumus
855 2519 906 2566 in
928 2517 1169 2583 superiori
1192 2515 1378 2564 volum.

737 2600 784 2647 3.
816 2599 919 2646 Nec
944 2614 1045 2647 non
1070 2596 1197 2645 vule-
1222 2595 1299 2644 Ne
1316 2595 1370 2643 h.
1394 2593 1431 2642 l.
1456 2594 1517 2642 de
1536 2595 1681 2643 veria·

663 2678 781 2726 aima
803 2675 1084 2725 Ruhnkenii
1111 2673 1449 2724 observatione
1468 2673 1533 2721 ad
1567 2674 1683 2721 Vel-

661 2755 743 2803 lei.
770 2756 821 2802 11
835 2789 851 2815 ,
871 2753 938 2818 95
961 2752 1054 2818 (cf.
1074 2753 1404 2818 nuperrimam
1422 2751 1684 2799 Turaellini

663 2833 725 2883 de
748 2837 902 2883 Partt.
929 2832 1165 2881 editorem
1182 2868 1197 2893 ,
1214 2849 1267 2896 p.
1290 2831 1389 2888 452
1406 2828 1450 2893 ).
1470 2828 1684 2888 dubitet,

661 2913 889 2962 Ciceroni
902 2928 1140 2976 nusquam
1148 2927 1237 2958 nec
1249 2924 1350 2957 aon
1362 2923 1454 2972 pro
1470 2907 1683 2973 simplici

660 3003 711 3041 ee
723 2993 823 3040 dici
837 3005 852 3041 :
864 3007 977 3040 nam
988 2991 1095 3041 haec
1108 2989 1285 3037 nostris
1296 2986 1459 3035 verbia
1471 2997 1682 3049 aquant,

661 3071 853 3135 Epicur.
875 3069 1068 3120 mo‘clnee
1086 3067 1218 3117 wohl
1229 3083 1359 3133 gem
1374 3083 1395 3123 ‚·
1426 3077 1472 3113 et
1492 3081 1588 3113 non
1617 3065 1681 3113 ad

662 3151 887 3210 verbnm,
918 3148 1052 3198 haud
1076 3147 1140 3196 ad
1165 3163 1281 3201 nec.
1305 3145 1386 3193 cui
1410 3144 1558 3193 altera
1591 3159 1682 3192 nec

663 3229 927 3295 respondet
938 3265 952 3288 ,
967 3225 1255 3293 applicanda
1275 3237 1365 3274 eat.
1375 3226 1680 3289 Quamquam

660 3308 737 3358 vel
761 3309 832 3355 aie
855 3323 966 3355 raro
991 3306 1182 3355 Cicero.
1207 3306 1272 3354 G.

734 3396 782 3443 4.
809 3385 974 3433 Etiam
994 3384 1043 3431 in
1067 3384 1211 3449 vulg.
1228 3395 1527 3447 pervagata.
1566 3384 1682 3432 Goe-

660 3483 790 3516 rena.
816 3464 899 3512 dat
916 3462 1088 3528 etjam
1111 3462 1162 3510 in
1187 3463 1330 3526 vulg.
1344 3478 1545 3529 ρει-νας.
1566 3464 1648 3511 Sic
1662 3500 1678 3525 ,

660 3543 820 3609 inquit
838 3578 854 3603 ‚
898 3541 1203 3590 distraximua
1249 3541 1410 3607 primo
1453 3553 1501 3590 ee
1527 3543 1637 3607 jam
1660 3576 1676 3602 ,

659 3639 811 3688 quum
842 3619 993 3684 vulgo
1030 3635 1121 3667 una
1162 3635 1284 3668 voce
1321 3618 1469 3668 eciam
1493 3621 1677 3669 acriba-

660 3716 768 3761 tur‚
794 3716 939 3749 aenan
965 3699 1036 3746 aic
1071 3709 1276 3762 cogente
1293 3730 1310 3757 ,
1348 3699 1435 3762 qui
1457 3698 1540 3747 hic
1566 3711 1672 3748 eati

656 3805 681 3824 α
695 3781 937 3846 Epicuron
954 3777 1015 3825 de
1030 3776 1249 3825 moribus
1268 3792 1417 3841 quum
1443 3776 1677 3841 disputat,

656 3875 756 3908 rem
775 3857 877 3922 agit
904 3858 956 3905 in
978 3856 1105 3903 clara
1129 3854 1237 3903 luce
1265 3855 1474 3919 positam
1491 3888 1507 3913 ,
1526 3855 1675 3903 intel-

653 3939 785 3987 lectu
810 3935 1000 3984 facilem
1018 3968 1034 3991 ‚
1057 3945 1106 3982 et
1131 3949 1275 3997 quam
1298 3937 1397 3994 jam
1419 3949 1481 3980 ne
1502 3932 1678 3997 vulgus

653 4015 851 4083 quidem
891 4014 1083 4078 ignoret
1104 4026 1117 4061 ε
1154 4028 1327 4077 nempe
1374 4028 1463 4077 per
1490 4011 1677 4059 Amafi-

650 4096 760 4146 nioa
774 4131 789 4159 ,
809 4092 1038 4144 Rabirio·
1054 4126 1072 4157 ‚
1085 4090 1253 4142 Catioe
1271 4089 1679 4157 (scriptoreaeoe,

1772 1582 1898 1631 quoa
1924 1584 2057 1617 nunc
2093 1569 2361 1633 populares
2404 1569 2665 1636 vocamus)
2679 1607 2695 1631 ,
2733 1572 2796 1621 ad

1770 1646 1906 1710 vulgi
1926 1658 2123 1711 captum
2151 1646 2337 1696 dudum
2356 1660 2569 1715 aptatam
2584 1672 2627 1699 ιι.
2669 1651 2797 1700 Vide

1773 1740 1864 1773 noa
1888 1726 1952 1774 ad
1975 1726 2165 1775 Acadd.
2186 1730 2239 1786 1,
2264 1743 2322 1787 2,
2344 1729 2394 1778 ⁵.
2418 1729 2609 1778 Deinde
2625 1748 2795 1793 penva-

1767 1816 1896 1869 gata
1917 1804 2160 1853 edendum
2188 1806 2298 1856 fuit.
2338 1808 2418 1854 Sic
2443 1808 2571 1856 enim
2608 1810 2711 1858 Erl.
2744 1822 2795 1860 et

1773 1884 1901 1947 spir.
1923 1896 1981 1932 ut
2006 1884 2093 1932 vix
2115 1884 2338 1934 dubitare
2375 1886 2545 1950 liceat,
2574 1888 2643 1936 ita
2666 1904 2793 1952 quo-

1774 1977 1871 2024 que
1890 1962 1993 2010 Pal.
2020 1979 2040 2010 1
2074 1963 2323 2014 exhibere.
2351 1966 2482 2014 Ante
2501 1983 2591 2015 noa
2611 1968 2681 2015 aic
2693 1969 2793 2029 jam

1775 2040 1941 2088 Davia.
1961 2043 2248 2091 auctoritate
2261 2045 2318 2093 P.
2337 2045 2547 2094 Manutii
2564 2058 2611 2094 et
2633 2047 2795 2094 Elien-

1773 2120 1840 2167 ais
1867 2121 1965 2179 aui,
2003 2137 2097 2185 pro
2122 2125 2368 2172 communi
2401 2125 2617 2191 vulgata
2643 2125 2793 2175 dede-

1772 2209 1882 2248 rat:
1905 2215 1996 2248 nec
2022 2200 2164 2249 aliter
2196 2203 2381 2267 praebet
2410 2205 2463 2252 in
2487 2221 2636 2270 marg.
2657 2206 2791 2255 Crat.

1772 2278 2093 2328 Notiaaimum
2111 2292 2272 2330 autem
2298 2298 2400 2330 ene
2421 2284 2595 2348 cuique
2617 2283 2759 2332 debet
2776 2318 2793 2343 ,

1771 2373 1941 2407 vocem
1964 2359 2091 2406 hanc
2117 2359 2300 2424 ubique
2321 2362 2419 2409 fere
2432 2378 2459 2409 a
2481 2362 2654 2410 acribia
2671 2362 2792 2411 obli-

1770 2437 1933 2485 terari.
1954 2437 2081 2484 Vide
2100 2438 2224 2484 infra
2243 2441 2341 2497 111,
2364 2454 2414 2495 a,
2441 2436 2490 2487 5.
2510 2437 2612 2488 Cur
2631 2451 2789 2488 autem

1768 2513 1818 2562 h.
1842 2514 1876 2561 l.
1899 2515 2060 2562 Bremi
2083 2515 2245 2565 turbet
2263 2551 2279 2575 ,
2295 2529 2350 2566 ut
2360 2531 2629 2583 pervagata
2644 2521 2790 2568 libra-

1768 2593 1845 2640 rio
1871 2592 2037 2641 nescio
2057 2595 2137 2640 cni
2165 2593 2316 2642 docto
2340 2595 2547 2654 tribuat,
2569 2607 2620 2644 et
2642 2613 2791 2645 voce·

1767 2670 1817 2717 in
1855 2670 2029 2735 vulgus
2071 2672 2304 2736 glossema
2325 2673 2395 2721 'ad
2432 2673 2627 2725 illustris
2652 2675 2791 2723 addi-

1768 2761 1872 2798 tum
1899 2758 2068 2812 putet,
2089 2767 2151 2799 eo
2170 2754 2323 2816 magia
2353 2753 2669 2815 admiramur,
2685 2771 2788 2820 quo

1762 2829 1976 2890 jejunior
1995 2845 2136 2878 cauaa
2163 2842 2266 2892 eat,
2295 2848 2440 2896 quam
2464 2835 2636 2885 affert:
2657 2835 2789 2889 acili-

1767 2916 1847 2955 cet
1871 2905 2114 2956 «illum-i·
2134 2914 2375 2961 conatanti
2414 2914 2663 2963 Ciceronia
2698 2931 2787 2965 nau

1767 2984 1830 3033 de
1854 2984 1930 3033 hia
1956 2986 2102 3034 rebus
2142 2987 2265 3054 dici,
2294 3008 2404 3055 qua
2430 2994 2564 3057 apud
2591 2994 2786 3058 vulgum

1766 3063 1819 3110 in
1854 3080 2032 3129 magno
2057 3065 2248 3116 honore
2263 3080 2312 3117 et
2339 3072 2487 3120 multa
2509 3072 2787 3123 celebritate

1766 3143 1925 3192 aiut».
1965 3144 2116 3208 Quod
2154 3145 2197 3194 ai
2226 3165 2393 3198 verum
2434 3162 2582 3208 esset,
2621 3168 2684 3199 ex
2725 3168 2786 3200 eo

1764 3237 1901 3270 more
1916 3233 2088 3271 auctor
2107 3227 2355 3292 scripsisse
2374 3228 2621 3293 putandus
2640 3229 2784 3289 soret,
2839 3276 2854 3289 „
2867 3250 2878 3262 τ

1766 3317 1909 3365 quem
1936 3303 2097 3351 Bremi
2125 3306 2268 3355 totiea
2288 3308 2397 3372 ipae
2425 3307 2603 3357 docet:
2624 3309 2784 3373 expli·

1765 3382 1972 3429 cationi·
1994 3399 2167 3448 nempe
2184 3401 2323 3434 cansa
2341 3386 2448 3435 hoec
2468 3386 2634 3436 addita
2655 3387 2787 3436 dixe·
2843 3428 2850 3435 .
2893 3390 2902 3395 ’

1764 3461 1851 3508 ria.
1875 3463 1944 3509 At
1977 3461 2163 3509 illusere
2188 3474 2260 3510 eat
2295 3479 2439 3514 omne
2464 3466 2547 3524 id,
2571 3466 2708 3530 quod
2733 3467 2786 3514 iu

1765 3538 1892 3587 clara
1920 3538 2029 3588 luce
2055 3541 2272 3604 positum
2309 3546 2550 3604 cernitur,
2577 3548 2641 3592 ita
2680 3546 2786 3609 qui-

1765 3618 1875 3667 dem
1892 3654 1907 3678 ,
1935 3629 1991 3667 ut
2013 3637 2042 3667 a
2070 3636 2406 3686 quocumque,
2445 3640 2545 3672 non
2580 3641 2609 3672 a
2637 3625 2786 3690 vulgo

1762 3698 1920 3747 aolum
1935 3733 1951 3758 ‚
1969 3701 2123 3748 virtue
2142 3702 2246 3762 eiua
2258 3703 2615 3766 compiciatur;
2636 3705 2786 3768 idque

1761 3779 1815 3825 in
1841 3789 2099 3844 utramque
2123 3790 2326 3845 partem.
2349 3781 2574 3829 Ceterum
2602 3783 2735 3832 Gud.
2750 3800 2779 3831 α

1754 3858 2066 3923 pervulgata
2082 3891 2100 3918 ,
2117 3857 2231 3906 inde
2249 3860 2497 3908 Victorius
2506 3861 2785 3926 promukqa-

1765 3945 1821 3984 ta
1840 3956 1860 3994 ‚·
1899 3937 2038 4001 quod
2067 3937 2192 3987 nihil
2213 3947 2300 3986 eet.

1838 4016 1885 4063 5.
1916 4017 1959 4062 Ε
1984 4032 2081 4080 quo
2108 4014 2337 4085 ffcimr,
2366 4033 2467 4067 non
2493 4029 2547 4065 ut
2569 4034 2658 4067 nos
2685 4036 2782 4067 non

1767 4093 2112 4160 indligumus.
2157 4096 2253 4145 Hic
2285 4094 2429 4146 locua
2456 4098 2600 4148 varii·
2623 4099 2785 4149 modia
