3217 4784
800 364 1140 467 DE'FIN.
1200 362 1400 429 BON.
1459 362 1572 428 ET
1623 359 1840 428 MAL.
1893 362 2037 447 ΙΙΙ,
2092 359 2154 432 3.

2397 363 2537 436 335

403 510 619 580 qnam
653 512 668 553 :
712 485 832 555 sod
869 500 1109 557 tamen
1142 485 1287 578 jam
1319 480 1511 551 infici
1528 476 1595 540 39
1627 479 1846 551 debet
1889 482 1971 551 iis
2011 483 2323 572 artibus,
2351 511 2533 584 quas

404 598 491 677 si,
526 594 699 664 dum
759 610 866 666 est
908 610 1138 679 tener,
1183 591 1650 677 combiberit,
1696 592 1784 662 ad
1828 592 2100 686 majora
2136 597 2374 667 veniet
2407 622 2530 695 pa-

406 706 640 775 ratior.
695 708 846 793 Sic,
885 720 957 777 et
1007 703 1301 801 quidem
1327 702 1392 756 ⁴⁰
1440 700 1890 797 diligentiu5‚
1939 705 2346 800 saepiusque
2399 707 2529 777 ista

406 816 789 912 loquemur
841 818 1028 886 inter
1088 838 1251 897 ηοε,
1306 834 1745 907 agemusque
1817 815 2317 885 communiter.
2389 815 2526 887 Sed

404 925 839 996 resideamus
857 927 945 1009 ⁴¹,
972 923 1209 1019 inquit
1232 977 1252 1010 ‚
1287 922 1346 989 si
1375 921 1630 1018 placet.
1670 924 1924 1015 Itaque
1959 918 2283 995 fecimus.

504 1036 625 1103 III.
672 1036 857 1103 Tum
899 1031 1014 1103 ille
1043 1059 1058 1101 :
1098 1034 1206 1101 Tu
1244 1044 1483 1101 autem
1508 1086 1526 1117 ,
1554 1054 1781 1126 quum
1815 1031 1968 1126 ipse
2002 1045 2286 1103 tantum
2313 1031 2531 1106 libro·
2574 1082 2635 1115 ,ο

406 1167 565 1212 rum
594 1140 894 1229 habeaS‚
928 1166 1116 1238 quos
1134 1141 1251 1211 hic
1271 1138 1566 1211 tandem
1589 1140 1941 1236 requiris?
1963 1142 2532 1215 Commentarios

407 1251 798 1346 quosdam,
847 1254 1181 1348 inquam,
1242 1250 1754 1335 Aristotelios¹‚
1800 1272 1986 1344 quos
2041 1248 2158 1320 hic
2217 1252 2530 1324 sciebam

408 1385 605 1448 esse,
652 1364 813 1433 veni
861 1377 940 1432 ut
991 1359 1345 1433 auferrem
1372 1415 1391 1445 ‚
1443 1384 1630 1455 quos
1668 1359 1978 1454 legerem
2006 1413 2027 1443 ,
2075 1359 2248 1429 dum
2303 1387 2531 1435 essem

408 1473 682 1542 otiosus
724 1501 740 1543 :
779 1472 981 1571 quod
1007 1473 1306 1570 quidem
1340 1469 1553 1540 nobis
1574 1522 1593 1555 ‚
1627 1484 1711 1538 ut
1746 1470 1880 1538 scis
1904 1522 1922 1551 ‚
1966 1491 2116 1538 non
2147 1493 2332 1567 saepe
2363 1497 2535 1543 con-

412 1583 692 1678 tingit².
732 1585 965 1672 Quam
1007 1581 1265 1653 vellem
1291 1635 1310 1667 ‚
1365 1582 1603 1674 inquit
1629 1634 1648 1665 ‚
1695 1593 1765 1648 te
1801 1577 1888 1648 ad
1929 1579 2195 1649 stoicos
2239 1580 2542 1652 inclina-

410 1690 668 1763 visses!
710 1698 880 1763 Erat
933 1694 1160 1778 enim,
1196 1693 1254 1760 si
1301 1691 1767 1784 cujusquam,
1815 1702 2009 1759 certe
2061 1703 2309 1776 tuum,
2360 1690 2538 1761 nihil

410 1816 667 1896 praeter
730 1805 1069 1872 virtutem
1129 1803 1201 1870 iu
1264 1800 1480 1869 bonis
1529 1796 1820 1870 ducere.
1874 1797 2095 1885 Vide,
2139 1824 2232 1870 ne
2285 1805 2541 1898 magis,

411 1964 506 1998 nem
521 1977 564 2000 ».
578 1952 993 2018 G.—Eepudoris
1008 1965 1057 2001 ee
1067 1952 1166 2019 ing.
1181 1953 1350 2000 Pudor
1366 1953 1429 2000 ad

410 2048 568 2080 mores
585 2043 748 2080 castos
768 2035 982 2098 pertinet
1011 2045 1061 2082 et
1090 2033 1329 2097 egregiam
1352 2033 1428 2081 in-

410 2112 573 2158 dolem
598 2126 612 2161 :
636 2111 881 2176 Ingenium
913 2121 1048 2160 notat
1072 2112 1323 2160 facultates
1349 2126 1429 2158 eas

411 2190 588 2253 quibus
606 2189 884 2239 liberalibus
902 2190 1085 2239 artibus
1107 2191 1308 2239 feliciter
1326 2201 1429 2238 stu-

413 2270 602 2320 demus.

482 2350 567 2413 39.
605 2349 768 2417 Infici.
800 2347 1055 2413 Eleganter
1080 2365 1193 2396 nne
1221 2348 1430 2411 Scaliger

408 2427 597 2496 sufficis
635 2430 998 2479 accommodate
1044 2428 1109 2476 ad
1154 2429 1316 2477 locum
1368 2444 1429 2476 ex

414 2509 679 2557 Hortensio
710 2508 843 2574 apud
864 2509 1081 2557 Nouium
1107 2525 1156 2555 v.
1192 2505 1430 2555 combibe·

412 2603 465 2634 re
493 2602 508 2636 ε
531 2610 557 2628 κ
582 2587 666 2650 qui
693 2587 908 2636 combibi
934 2603 1197 2652 purpuram
1222 2585 1399 2634 volunt
1413 2620 1428 2644 ,

413 2664 660 2713 sufficiunt
694 2667 832 2731 prius
866 2666 1026 2714 lanam
1067 2665 1430 2715 medicamentis

413 2745 700 2807 quibusdam
723 2767 766 2792 ιο.
790 2745 887 2795 Sed
922 2746 1027 2794 sine
1061 2746 1196 2793 omni
1224 2750 1430 2793 necessi·-

414 2834 509 2870 tate
538 2840 551 2872 ε
588 2840 678 2870 uec
710 2823 976 2886 quidquam
1001 2825 1171 2889 scripti
1210 2826 1364 2872 nostri
1401 2840 1428 2871 a

416 2903 606 2967 vulgate
627 2901 901 2950 discedunt.
930 2905 993 2950 G.

484 2990 569 3037 40.
605 2980 683 3028 Sic
693 3016 709 3038 ,
738 2991 785 3027 ee
802 2980 1015 3043 quidem.
1033 2984 1258 3029 Goerenz.
1278 2982 1431 3030 iuter-

415 3062 588 3125 pungit
618 3060 687 3108 sie
712 3076 732 3108 .·
765 3070 814 3107 ee
847 3058 1063 3122 quidem.
1100 3062 1200 3119 Ita,
1245 3061 1430 3125 inquit,

416 3142 561 3203 plane
610 3141 737 3207 Spir.
790 3148 839 3186 et
888 3138 985 3186 Erl.
1035 3139 1231 3202 Reliqui
1249 3171 1265 3197 ,
1310 3155 1431 3203 pre-

418 3231 491 3266 ter
525 3218 625 3267 Pal.
673 3235 696 3265 1
743 3217 915 3282 scripti
952 3216 1174 3280 equidem
1207 3229 1429 3281 peccent.

418 3301 583 3348 Daris.
612 3297 824 3360 conjecit
854 3312 945 3361 pro
965 3295 1045 3343 Sic
1062 3329 1078 3355 ,
1103 3294 1306 3344 Scilicet.
1332 3296 1430 3344 Sed

416 3380 537 3427 nihil
556 3378 871 3435 mutandum,
898 3388 955 3424 ut
980 3377 1138 3424 Brem.
1161 3375 1311 3438 vidit,
1343 3378 1429 3440 qui

415 3461 486 3508 sie
511 3475 623 3507 eum
647 3474 806 3523 graeco
835 3456 980 3512 οὕτως
997 3466 1268 3519 comparet,
1295 3456 1430 3519 quod

418 3542 533 3588 item
552 3536 824 3586 affirmandi
843 3537 939 3582 vim
956 3533 1118 3582 habet.
1137 3534 1199 3581 Et
1212 3536 1324 3598 quis
1341 3545 1431 3593 eet,

419 3620 516 3676 cui,
531 3635 680 3683 quum
695 3618 923 3669 Comicus
931 3617 1108 3664 latinos
1121 3616 1308 3681 legerit,
1328 3634 1433 3666 uon

416 3699 559 3761 plura
587 3698 807 3762 exempla
834 3705 1142 3754 succurrant,
1183 3695 1270 3744 ubi
1294 3713 1432 3760 teque

416 3778 522 3826 htec
548 3779 721 3843 partic.
751 3778 801 3824 iu
827 3775 1064 3825 affirm-te
1089 3776 1433 3839 respondendo

419 3855 655 3919 ponitur?
670 3859 749 3907 ef.
761 3859 956 3906 Terent.
980 3856 1316 3904 Heautontim.
1333 3858 1406 3903 111
1417 3892 1430 3915 ‚

424 3952 474 3994 2,
500 3937 801 3994 123Pb0rm.
830 3939 925 3996 111,
951 3950 996 3993 1,
1023 3951 1078 3984 a.

496 4026 578 4071 ει.
615 4018 933 4066 Resideamus.
962 4016 1131 4064 hmb.
1163 4014 1286 4061 dicit
1312 4015 1436 4062 ecri-

423 4108 538 4162 ptoe
569 4112 683 4145 suos
719 4099 983 4149 residamus
1025 4098 1217 4147 referre.
1259 4097 1389 4145 Bene
1416 4111 1428 4142 :

1516 1952 1686 2000 eadem
1707 1952 1833 2000 ratio
1857 1962 1928 2000 est
1950 1952 2002 2000 in
2021 1951 2275 2000 considere
2297 1955 2443 2017 Legg.
2465 1956 2536 2012 11,

1518 2034 1574 2090 3,
1597 2048 1646 2091 7,
1664 2042 1713 2079 et
1738 2032 1951 2082 assidere
1974 2030 2163 2079 Acadd.
2189 2034 2230 2089 1,
2253 2034 2302 2091 4,
2326 2041 2407 2093 14,
2426 2050 2541 2098 pec·

1518 2122 1752 2175 caturque
1763 2112 1947 2177 ubique
1965 2111 2016 2157 iu
2029 2111 2128 2158 hoc
2150 2110 2321 2160 verbo.
2336 2113 2416 2160 Sic
2430 2127 2537 2160 cor-

1518 2192 1644 2254 riges
1674 2192 1848 2240 exErl.
1862 2192 2027 2240 Pieon.
2045 2192 2128 2250 34,
2163 2192 2227 2238 82
2245 2224 2261 2251 ,
2286 2191 2342 2238 Si
2355 2202 2540 2240 montes

1516 2270 1814 2319 residissem.
1868 2274 1932 2321 G.
1985 2295 2056 2306 —-
2113 2270 2348 2331 Quamvis
2413 2270 2539 2319 hauc

1519 2350 1871 2398 correctionem
1905 2347 2084 2412 probet
2118 2351 2256 2399 Goer.
2296 2349 2540 2413 vulgatam

1518 2428 1740 2477 retinuit.

1588 2511 1681 2556 111.
1703 2506 2080 2554 1.Ariseoee1ios.
2101 2504 2229 2567 Spir.
2244 2516 2292 2553 et
2305 2508 2408 2556 Erl.
2426 2509 2540 2557 An·-

1517 2586 1698 2635 stocelis
1713 2621 1728 2643 ,
1743 2585 1918 2649 reliqui
1946 2582 2297 2634 Aristotelicas.
2322 2587 2387 2635 G.

1589 2684 1643 2714 α.
1685 2665 1832 2727 Quod
1844 2663 2039 2727 quidem
2059 2663 2218 2722 nobis,
2235 2675 2293 2713 ue
2305 2664 2417 2723 seis,
2441 2683 2538 2715 non

1517 2761 1647 2809 saepe
1678 2742 1929 2808 contingit.
1964 2742 2133 2808 Vulgo
2170 2743 2374 2809 configit
2405 2762 2425 2793 .·
2454 2747 2540 2794 sed

1518 2841 1686 2873 verum
1708 2823 1847 2871 verbi
1873 2834 2063 2887 tempus
2087 2839 2149 2870 ex
2173 2824 2355 2872 nostrie
2378 2826 2536 2873 omni·

1518 2905 1613 2951 bus
1653 2902 1972 2952 reddidimus.
2002 2905 2266 2964 Quumque
2309 2902 2428 2950 editi
2474 2903 2536 2950 ed

1518 2982 1685 3031 Davio.
1708 2998 1863 3046 usque
1884 2995 2054 3027 omnes
2078 2981 2150 3025 uic
2177 2980 2408 3039 referant,
2433 2996 2538 3026 cer-

1519 3075 1625 3110 tum
1644 3073 1715 3110 est
1733 3098 1749 3123 ,
1768 3074 2025 3124 operarum
2044 3067 2296 3121 peccatum
2315 3073 2405 3120 per
2421 3058 2536 3107 edd.

1517 3141 1826 3188 Emestienu
1850 3146 2170 3202 propagatum
2187 3168 2203 3192 ,
2234 3135 2536 3184 Boemhnam

1517 3234 1716 3282 quoque
1746 3229 2024 3278 occupasse.
2054 3214 2279 3262 Ceterum
2312 3214 2538 3277 ignorant

1516 3297 1644 3360 Spir.
1684 3305 1733 3343 et
1770 3293 1870 3341 Erl.
1906 3303 1961 3340 ut
1994 3291 2088 3339 scis
2117 3308 2137 3338 .·
2166 3291 2345 3356 reliqui
2379 3294 2537 3342 nostri

1517 3375 1643 3423 sicae
1659 3371 1753 3421 scis
1766 3407 1784 3431 ,
1812 3387 1924 3419 cum
1953 3380 2076 3419 vett.
2104 3369 2246 3419 editis
2265 3370 2532 3436 plerisque.

1519 3456 1826 3516 Quemquam
1864 3449 1980 3498 inde
2009 3448 2154 3497 verb·
2187 3450 2292 3497 haee
2315 3463 2536 3515 suspecta

1516 3531 1762 3589 videntur,
1797 3539 1957 3577 tamen
1984 3528 2090 3592 ipen
2126 3526 2441 3579 defenderim.
2477 3533 2540 3578 Ue

1519 3615 1648 3661 enim
1679 3626 1807 3674 saepe
1845 3626 1874 3656 a
1906 3606 2079 3655 scribla
2112 3605 2163 3654 iu
2199 3606 2327 3655 sieut
2360 3610 2535 3657 mutari

1518 3692 1859 3741 notissimum:
1894 3686 2100 3736 formula
2124 3696 2307 3746 autem,
2333 3698 2390 3735 ut
2413 3689 2533 3745 scis,

1520 3773 1590 3821 sic
1616 3768 1837 3819 adhiberi
1855 3767 2008 3825 solet,
2028 3777 2083 3814 ut
2102 3765 2163 3813 ad
2183 3765 2382 3814 alteriue
2396 3783 2535 3833 expe-

1519 3850 1742 3899 rientiam
1761 3883 1777 3909 ,
1807 3863 2004 3912 prorsus
2028 3857 2085 3894 ut
2112 3855 2281 3893 nostro
2299 3878 2316 3904 ‚
2353 3846 2446 3894 wie
2468 3848 2534 3894 du

1523 3929 1688 3987 mise.
1696 3937 2009 3993 provocetur.
2026 3929 2151 3988 Quae
2168 3924 2363 3988 quidem
2385 3942 2537 3990 quum

1523 4010 1680 4059 scn‘ha
1704 4007 1879 4071 aliquit
1904 4004 2144 4071 superflua
2172 4004 2431 4066 judicaret,
2448 4003 2535 4051 ab·

1519 4093 1652 4152 iecit.
1676 4090 1742 4137 G.
