3217 4784
396 378 2135 407 mmmmm-mmmmm
2141 378 2316 398 mm
2323 379 2502 399 mm

626 604 832 708 JO.
920 601 1292 708 AUG.
1380 598 2273 706 GOERENZII

1098 822 1804 911 PRAEFATIO.

1322 1068 1584 1088 *-

396 1259 774 1359 Pnonam
827 1286 955 1349 hoc
996 1283 1329 1348 volumine
1376 1282 1522 1347 libri
1588 1282 1918 1347 ciceronis
1965 1282 2047 1347 de
2093 1282 2398 1365 Finibus,
2456 1285 2520 1348 in

397 1394 635 1484 quibus
697 1391 886 1455 nobis
944 1388 1191 1478 magnis
1248 1406 1401 1452 cum
1470 1385 1958 1452 difficultatibus
2017 1387 2520 1453 conflictandum

398 1502 545 1565 fuit.
596 1498 853 1563 Etenim
906 1517 1161 1576 rerum,
1209 1517 1368 1582 quas
1399 1510 1712 1574 tractant,
1751 1493 2067 1557 subtilitas
2089 1542 2107 1573 ,
2142 1511 2335 1582 atque
2373 1496 2525 1559 inde

398 1621 586 1670 enata
613 1603 1005 1683 obscuritas,
1038 1616 1383 1686 textusque
1415 1598 1835 1678 creberrima,
1859 1596 1974 1663 sed
2008 1598 2390 1686 plerumque
2422 1625 2528 1665 re-

401 1710 726 1778 conditior
743 1708 1096 1795 corruptio,
1115 1705 1183 1769 in
1213 1706 1356 1769 luce
1383 1704 1622 1794 pariter
1647 1719 1841 1792 atque
1869 1703 2115 1768 medela
2142 1726 2262 1768 suo
2296 1706 2530 1793 cuique

403 1818 549 1882 loco
599 1809 1038 1892 admovenda,
1081 1810 1496 1874 vehementer
1548 1832 1667 1873 nos
1731 1826 2177 1874 exercuerunt.
2233 1810 2530 1881 Dubitari

405 1923 579 1987 enim
612 1920 874 2010 nequit,
913 1940 1117 2007 quum
1164 1939 1265 1982 res
1302 1916 1438 2006 ipsa
1474 1915 1808 2002 loquatur,
1855 1916 1976 1979 hos
2006 1916 2205 1980 libros
2235 1918 2531 1981 omnium

409 2029 741 2094 Ciceronis
793 2025 1392 2116 philosophicorum
1441 2039 1715 2089 tractatu
1767 2045 1906 2088 esse
1940 2021 2369 2090 difficillimos.

497 2136 636 2199 Nos
690 2132 954 2220 quidem
1003 2132 1086 2195 ab
1133 2147 1408 2219 utraque
1449 2146 1665 2218 parte,
1710 2145 2029 2219 quantum
2076 2132 2144 2194 in
2192 2131 2321 2194 hoc
2372 2131 2535 2195 male

408 2240 653 2315 lacero,
685 2234 863 2323 quod
912 2235 1232 2298 tantillum
1280 2235 1382 2298 his
1432 2235 1626 2298 rebus
1677 2251 2043 2323 supererat,
2092 2236 2229 2300 otio
2268 2214 2536 2315 licebat,

412 2366 533 2433 pro
583 2342 885 2407 facultate
934 2339 1252 2405 fecimus:
1298 2338 1411 2404 sed
1454 2342 1567 2430 qui
1617 2341 1684 2405 in
1736 2342 1836 2406 his
1891 2341 2268 2429 perfectiora
2322 2343 2543 2429 requi-

415 2449 624 2532 sierit,
664 2451 785 2513 iste
823 2468 1217 2535 quamquam
1265 2469 1381 2536 per
1430 2468 1499 2511 se
1548 2446 1723 2526 justa
1779 2448 2098 2534 requiret,
2145 2447 2268 2512 hac
2323 2464 2537 2511 tamen

416 2555 702 2619 muneris
766 2552 1193 2640 occupatione
1256 2554 1461 2617 nostri
1484 2601 1504 2635 ,
1569 2552 1673 2616 vel
1731 2551 2026 2617 benivole
2087 2552 2276 2617 nobis
2334 2553 2540 2617 otium

416 2662 761 2751 benignius
796 2659 1047 2747 optabit
1067 2708 1085 2740 ,
1139 2660 1237 2724 vel
1274 2659 1355 2723 ab
1396 2675 1538 2724 toto
1587 2660 1718 2724 hoc
1763 2659 2090 2725 scribendi
2134 2660 2405 2725 consilio
2449 2683 2546 2724 se-

418 2789 566 2831 vere
608 2787 728 2828 nos
773 2763 1140 2828 deterrebit.
1195 2764 1348 2829 Non
1399 2764 1572 2828 enim
1623 2766 1713 2828 sic
1768 2763 1942 2829 laudi
1986 2764 2263 2830 scribere
2311 2780 2545 2828 nosnae

419 2872 596 2953 licet,
628 2868 741 2933 sed
774 2868 1035 2933 utilitati
1066 2869 1374 2949 aliorum3
1400 2892 1521 2933 nec
1541 2870 1798 2957 plenam
1822 2869 1990 2934 hanc
2022 2871 2410 2949 consectari,
2433 2867 2548 2932 sed

423 2977 987 3064 qualemcumque.
1040 2976 1254 3062 Atque
1292 2975 1389 3038 ita
1437 2974 1699 3062 quidem
1751 2976 1918 3039 hanc
1958 2996 2222 3063 quoque
2254 2995 2548 3062 operam,
2579 2994 2592 3009 ’

423 3080 837 3170 quantumvis
875 3079 1067 3142 etiam
1100 3079 1181 3142 ab
1212 3078 1322 3144 illo
1354 3081 1653 3167 perfectae
1686 3078 1986 3143 editionis
2020 3080 2314 3167 exemplo
2345 3079 2510 3143 absit
2531 3127 2548 3159 ‚

424 3189 491 3250 in
524 3208 657 3275 quo
701 3184 945 3271 ubique
989 3183 1372 3273 applicando
1407 3183 1654 3247 nemini
1695 3185 1911 3247 minus
1956 3183 2313 3273 placemus,
2351 3208 2548 3274 quam

427 3289 942 3376 nobismetipsis3
991 3305 1208 3353 tamen
1269 3310 1404 3351 non
1468 3287 1609 3351 sine
1671 3288 1888 3351 fructu
1947 3289 2088 3353 fore
2143 3289 2549 3355 confidimus.

427 3396 651 3462 Multis
706 3412 879 3459 certe
919 3395 1079 3459 locis
1123 3393 1194 3458 hi
1249 3393 1394 3458 libri
1445 3392 1913 3458 emendatiores
1966 3417 2145 3459 nunc
2188 3397 2551 3483 prodeunt,

429 3501 626 3589 idque
658 3502 933 3565 maxime
961 3523 1071 3565 sex
1107 3499 1437 3582 codicum,
1474 3500 1711 3588 quibus
1743 3501 1843 3563 usi
1879 3522 2139 3583 sumus»,
2172 3503 2408 3567 auxilio
2434 3527 2451 3566 ε
2484 3504 2550 3567 in

429 3607 531 3671 his
566 3629 723 3670 vero
766 3628 896 3695 prae
936 3606 1162 3669 ceteris
1211 3604 1515 3669 binorum
1535 3653 1553 3686 ,
1603 3606 1919 3693 Spirensis
1966 3605 2258 3688 alterius,
2294 3608 2554 3673 alterius

432 3711 860 3800 ErlangensiS.
910 3712 1087 3776 Illius
1138 3711 1543 3776 collationem
1599 3711 1805 3776 eidem
1858 3712 2149 3801 Wegelio
2204 3712 2515 3779 debemus
2535 3764 2553 3795 ‚

80 3792 205 3915 (ιζ
248 3887 253 3891 ,
433 3819 618 3900 cujus
649 3818 716 3881 in
750 3818 1099 3907 superioris
1118 3818 1463 3882 voluminis
1483 3817 1856 3907 proefatione
1876 3817 1971 3906 (1)
1995 3818 2429 3903 meminimus,
2446 3821 2558 3885 ad·

516 4066 589 4129 (1)
628 4065 755 4114 Vide
778 4065 998 4130 superins
1026 4065 1249 4113 volumen
1270 4075 1450 4113 nostrae
1469 4039 1588 4113 edit.
1601 4080 1710 4129 pag.
1731 4080 1821 4113 xv1
1837 4101 1852 4127 ,
1879 4064 1964 4112 lin.
1990 4072 2018 4121 4
2039 4081 2175 4129 seqq.

594 4163 677 4229 ῙῙ.
734 4175 829 4225 Cic.
847 4192 966 4242 pars
999 4174 1146 4225 tertia.
1332 4202 1337 4213 ·
1965 4152 1974 4159 ⁵
2292 4185 2311 4228 1
