3217 4784
662 411 754 457 20
1349 386 2104 457 INTRODUCTIO.

656 509 780 591 sim
817 522 1042 572 monet
1063 504 1407 594 (1)‚stnem
1441 527 1564 595 pro
1591 528 1889 589 summo,
1922 508 2026 571 vel
2059 506 2326 590 ultime,
2360 508 2461 573 vel
2496 522 2783 573 extremo

653 613 869 703 ponit,
901 627 966 677 et
997 609 1157 674 nihil
1187 611 1458 698 impedit
1483 634 1618 699 quo
1643 612 1859 676 minus
1876 659 1895 693 ,
1931 628 2009 676 ut
2040 629 2138 677 est
2166 636 2477 679 summum
2503 637 2592 678 ex
2610 613 2786 678 rebus

655 719 1021 808 expetendis
1039 764 1058 798 ,
1114 715 1201 779 ita
1252 718 1337 780 sit
1385 730 1731 782 extremum
1777 716 2107 784 malorum.
2155 720 2371 784 Immo
2422 742 2525 784 res
2579 719 2671 784 sic
2716 742 2785 784 se

654 844 924 914 prorsus
960 820 1186 904 habet3
1234 843 1385 884 nam
1422 827 1826 911 perspicuum
1865 836 1960 886 est
1990 823 2288 887 bonorum
2303 825 2551 911 finibus
2581 823 2786 887 malo-

653 929 970 1016 rumfines
1013 950 1144 991 esse
1172 931 1528 993 contrarios
1558 927 1673 1016 (2).
1720 912 1939 1010 Quare
1973 929 2029 993 si
2053 931 2351 1018 voluptas
2383 953 2536 994 cum
2577 930 2785 994 hone·

654 1050 848 1117 state,
891 1031 1070 1123 quod
1105 1034 1398 1122 Callipho
1425 1035 1667 1115 voluit,
1700 1035 1782 1100 sit
1812 1036 2142 1100 bonorum
2170 1035 2317 1101 finis
2339 1085 2358 1119 ,
2413 1036 2604 1101 dolor
2629 1058 2782 1099 cum

651 1140 1000 1205 vitiositate
1039 1137 1184 1202 finis
1235 1154 1332 1204 est
1383 1140 1704 1204 malorum
1736 1162 1753 1205 ε
1789 1141 1887 1205 sin
1920 1140 2004 1205 ad
2033 1140 2456 1205 indolentiam
2488 1157 2554 1206 et
2578 1141 2790 1204 hone-

655 1260 885 1310 statem
919 1268 1072 1309 cum
1103 1243 1393 1309 Diodoro
1430 1246 1763 1310 bonorum
1797 1269 2053 1311 summa
2087 1249 2440 1330 referatur,
2481 1246 2791 1312 molestiae

654 1351 858 1416 dubio
889 1351 1119 1440 procul
1153 1366 1218 1417 et
1247 1351 1579 1417 vitiositati
1614 1366 1712 1417 est
1740 1352 2119 1442 assignanda
2144 1356 2465 1418 malorum
2488 1362 2743 1418 summa
2769 1373 2787 1417 ε

649 1457 954 1546 idemque
978 1455 1295 1539 judicium
1322 1456 1404 1522 de
1429 1459 1695 1548 reliquis
1728 1458 1852 1523 hac
1875 1460 1945 1525 in
1970 1483 2041 1537 re
2062 1459 2609 1549 philosophorum
2642 1481 2794 1524 sen·

572 1618 577 1623 ,
654 1564 872 1628 tentiis
907 1563 1268 1630 ferendum.
1319 1563 1458 1629 Nec
1495 1565 1673 1630 solus
1709 1564 1958 1630 Tullius
2009 1565 2120 1630 tali
2149 1578 2484 1654 potestate
2517 1563 2792 1629 verbum

631 1671 797 1758 finis
835 1668 1137 1752 donavit,
1183 1669 1298 1734 sed
1354 1686 1437 1736 et·
1469 1671 1574 1734 alii
1628 1672 1868 1761 plures.
1917 1671 2139 1737 Senec.
2181 1671 2366 1760 epist.
2404 1669 2534 1758 78:
2583 1669 2795 1733 ‘Tan-

654 1792 798 1840 tum
853 1790 1133 1843 mortem
1191 1766 1562 1841 desinamus
1614 1776 1903 1841 horrere.
1965 1777 2354 1842 Desinemus
2411 1791 2663 1854 autem,
2731 1773 2787 1836 si

656 1879 819 1946 fines
848 1881 1180 1946 bonorum
1217 1901 1291 1943 ac
1323 1860 1645 1943 malorum
1686 1882 2203 1968 cognoverimus.
2247 1885 2340 1946 Ita
2373 1880 2640 1945 demum
2675 1899 2800 1942 nec

655 1989 786 2052 vita
818 1984 1010 2049 taedio
1037 1984 1190 2065 erit,
1219 2006 1341 2049 nec
1378 2006 1552 2048 mors
1580 1985 1861 2049 timori».
1882 1985 2215 2073 ApuleiuS,
2241 1987 2427 2074 Apol.
2454 2008 2597 2075 pag.
2628 1983 2794 2063 426:

658 2122 685 2148 «ι
704 2093 942 2155 Utrum
967 2088 1166 2178 igitur
1186 2107 1376 2180 putas
1399 2091 1712 2171 majorem
1735 2113 1958 2156 curam
1979 2089 2228 2157 decoris
2252 2090 2797 2181 suscipiendam...

662 2196 746 2262 de
800 2194 1044 2261 'finibus
1101 2218 1406 2286 agrorum
1449 2194 1759 2288 litiganti,
1808 2221 1892 2263 an
1946 2197 2027 2263 de
2082 2197 2323 2264 finibus
2364 2200 2699 2265 bonorum
2736 2212 2803 2261 et

665 2304 987 2369 malorum
1016 2301 1353 2367 docentii‘·
1381 2304 1560 2386 Quin
1582 2305 1775 2369 etiam
1805 2306 2004 2371 Stoici
2034 2304 2124 2393 (3)
2157 2321 2355 2368 τιλικῶν
2379 2320 2541 2367 κακῶν
2574 2301 2805 2366 memi-

669 2424 940 2490 nerunt,
985 2394 1187 2496 &aque
1219 2420 1321 2480 τοῖς
1352 2423 1620 2481 ποιητικοῖς
1659 2410 1964 2490 adjuncta
1993 2420 2082 2476 τὴν
2113 2413 2499 2487 κακοδαιμονίαν
2549 2415 2805 2468 &aarum

671 2526 968 2578 statuere.
1004 2512 1283 2602 Scaliger
1316 2513 1536 2601 itaque
1573 2529 1756 2601 pater
1786 2513 1911 2577 sibi
1944 2512 2093 2601 plus
2125 2533 2321 2599 quam
2360 2532 2476 2599 par
2523 2524 2658 2573 erat
2687 2507 2808 2573 tri·

673 2620 852 2702 buit,
879 2642 1089 2709 quum
1133 2619 1366 2685 latinos
1412 2620 1758 2710 scriptores
1789 2620 1988 2685 latine
2035 2620 2217 2707 loqui
2261 2616 2592 2683 docendos
2629 2634 2813 2706 puta-

674 2728 855 2791 verit.
875 2727 953 2791 In
981 2723 1213 2790 eodem
1240 2741 1456 2790 tamen
1480 2748 1699 2790 errore
1722 2741 2009 2791 versatus
2035 2740 2133 2790 est
2160 2723 2252 2790 Μ.
2272 2726 2351 2790 Α.
2377 2723 2676 2790 Muretus
2693 2719 2806 2809 (4).

752 2943 828 3007 (ι)
864 2942 992 2991 vide
1012 2943 1117 2991 Fin.
1135 2944 1184 3002 1,
1211 2949 1272 3001 4,
1298 2943 1478 3003 93111,
1503 2958 1553 3003 7,
1576 2950 1658 2999 14.

753 3032 829 3093 (ο)
868 3030 1023 3080 And.
1043 3033 1093 3080 11
1108 3065 1123 3091 ,
1144 3038 1208 3087 4²
1226 3067 1243 3093 ,
1266 3030 1351 3085 43.

757 3119 832 3181 (3)
866 3118 994 3166 Vide
1009 3118 1280 3183 Diogenem
1304 3116 1570 3175 laertium,
1588 3118 1708 3177 vn,
1736 3132 1827 3180 97,
1852 3126 1903 3166 et
1923 3115 2311 3183 &menagium

762 3207 837 3269 (ι.)
870 3208 987 3254 vu.
1006 3209 1137 3255 tect.
1156 3209 1337 3269 xva,
1360 3222 1407 3257 ι.
