3217 4784
1150 475 1429 543 ARGU
1451 476 1926 547 MENTUM.
2465 475 2597 546 133

551 599 624 656 sit
651 597 900 655 hominis
918 639 935 669 ,
957 596 1320 674 voluptatem
1348 595 1597 673 relinqui
1623 594 1838 655 debere
1859 595 2077 656 bestiis.
2111 598 2225 657 Sed
2251 617 2324 654 ne
2353 597 2454 655 has
2477 600 2602 675 qui·

548 696 681 753 dem
713 694 909 753 omnia
939 691 1254 770 voluptatis
1285 712 1455 751 causa
1488 694 1677 753 facere
1701 716 1715 751 :
1739 695 1917 753 immo
1945 707 2004 753 et
2036 695 2159 753 istis
2191 694 2485 772 quaedam,
2527 696 2601 754 ab

552 791 661 850 hac
683 792 970 870 sejuncta,
992 809 1115 848 esse
1133 788 1438 848 simulacra
1461 789 1742 848 virtutum
1759 834 1776 864 ,
1793 810 1923 868 quae
1946 791 2007 850 in
2028 790 2253 870 agendo
2270 804 2604 869 sequantur,

550 895 582 960 ς
613 907 745 965 109,
776 909 798 945 1
816 906 903 945 10.
936 884 1127 960 Quid?
1148 886 1320 963 longe
1339 905 1750 963 superaremur
1772 885 1846 944 ab
1872 886 1963 945 his
1980 929 1999 960 ‚
2023 889 2323 966 voluptate
2348 899 2413 946 ut
2439 908 2604 946 sum-

554 1004 713 1043 mum
742 983 964 1042 bonum
994 980 1306 1060 sequenda.
1349 986 1553 1061 Neque
1589 982 1743 1042 idem
1787 1004 2072 1043 summum
2098 984 2318 1044 bonum
2363 983 2606 1065 pecudis

554 1099 678 1139 esse
694 1099 882 1158 posse,
906 1091 964 1138 et
986 1078 1268 1152 hominis3
1291 1077 1404 1138 hoc
1416 1078 1572 1137 illam
1594 1091 1898 1160 tantopere
1916 1094 2242 1159 praestante,
2265 1089 2297 1155 ς
2326 1104 2350 1138 ι
2367 1103 2389 1140 ι
2405 1103 2456 1156 1,
2471 1103 2493 1139 ι
2510 1102 2603 1142 η.

554 1171 649 1231 Ad
667 1173 876 1231 altiora
903 1191 1010 1230 nos
1037 1190 1160 1231 esse
1180 1184 1347 1230 natos
1361 1215 1379 1245 ‚
1401 1190 1582 1250 quum
1605 1193 1724 1231 non
1743 1174 1916 1232 animi
1936 1173 2123 1232 solum
2153 1175 2448 1233 facultates
2467 1219 2483 1247 ,
2507 1175 2607 1233 sed

556 1267 818 1327 membra
857 1289 1090 1346 quoque
1146 1282 1205 1327 et
1241 1269 1532 1347 reliquum
1568 1289 1782 1348 corpus
1826 1269 1900 1329 ad
1945 1270 2172 1328 virtutis
2224 1272 2605 1329 ministerium

555 1365 701 1426 datae
723 1386 845 1425 esse
872 1365 1179 1426 videantur
1199 1410 1215 1438 ‚
1264 1373 1296 1438 ς
1323 1367 1451 1437 113,
1491 1388 1515 1422 1
1532 1375 1625 1437 14.
1663 1371 1751 1426 Ne
1782 1379 1933 1425 artes
1968 1367 2203 1445 quidem
2226 1412 2242 1440 ,
2274 1381 2340 1426 ut
2364 1368 2568 1446 poesin
2587 1411 2604 1436 ,

556 1466 887 1523 statuariam
910 1509 926 1537 ,
954 1464 1253 1543 pictoriam
1270 1509 1287 1536 ,
1322 1462 1395 1522 ad
1418 1464 1779 1543 voluptatem
1806 1464 1987 1523 solam
2014 1464 2201 1543 dirigi.
2233 1466 2448 1544 Opifici
2477 1467 2604 1524 for-

555 1582 806 1633 marum,
847 1564 1058 1622 eximio
1105 1562 1218 1621 civi
1264 1562 1548 1620 factorum
1569 1604 1585 1629 ‚
1631 1563 1991 1641 propositam
2041 1582 2164 1621 esse
2216 1561 2431 1621 debere
2475 1563 2610 1641 pul-

557 1659 964 1737 chritudinem.
1006 1657 1236 1716 Erroris
1269 1675 1499 1714 causam
1534 1656 1594 1713 in
1630 1658 1934 1735 voluptate
1963 1669 2029 1716 ut
2068 1677 2357 1716 summum
2384 1656 2606 1716 bonum

557 1754 828 1835 ponenda
858 1754 1007 1813 hanc
1031 1772 1155 1812 esse
1177 1795 1194 1824 ,
1227 1749 1389 1829 quod
1423 1772 1540 1810 non
1571 1752 1719 1811 ratio
1739 1796 1757 1825 ,
1785 1753 1887 1812 sed
1915 1753 2200 1832 cupiditas
2236 1753 2299 1811 in
2328 1751 2612 1812 delibera·

559 1854 778 1911 tionem
812 1850 1173 1909 adhibeatur.
1203 1854 1361 1907 Deos
1390 1847 1590 1908 beatos
1626 1869 1750 1908 esse
1779 1870 1897 1909 non
1927 1870 2174 1930 corpore
2196 1893 2212 1924 ,
2234 1849 2336 1908 sed
2376 1850 2570 1908 animo
2590 1894 2607 1922 ,

560 1948 807 2008 debere:
838 1946 1042 2006 eodem
1070 1945 1247 2005 modo
1279 1946 1594 2026 sapientem
1620 1968 1871 2025 quoque.
1910 1952 2116 2026 Neque
2151 1946 2374 2006 laudari
2403 1966 2613 2025 quem-

560 2064 735 2122 quam
758 2064 792 2102 a
820 2045 1115 2123 voluptate
1133 2086 1150 2115 ‚
1185 2042 1284 2102 sed
1317 2063 1350 2102 a
1382 2044 1629 2115 virtute,
1659 2050 1691 2116 S
1729 2046 2011 2118 115-117.
2059 2043 2353 2104 Confundi
2385 2055 2611 2122 pertur-

561 2142 806 2222 barique
830 2145 1050 2218 omnia,
1084 2145 1439 2222 virtutesque
1463 2146 1742 2205 maximas
1762 2146 1957 2224 jacere
1985 2166 2245 2226 quasque
2263 2190 2280 2219 ‚
2310 2145 2612 2222 voluptate

563 2238 912 2303 dominante.
