3217 4784
653 373 790 445 360

1329 377 1425 442 M.
1474 360 1563 442 T.
1607 374 2089 443 chERoNIS

649 496 932 567 clusum
947 504 1034 565 ¹².
1076 499 1405 565 Duorum
1422 508 1671 589 ‚autem
1690 547 1709 577 ‚

1744 516 1784 562 e
1812 489 2079 591 quibus
2116 489 2372 565 effecta
2400 486 2774 565 conclusio

650 620 793 695 est,
830 618 1082 677 contra
1113 605 1444 699 su'perius
1470 602 1611 674 dici
1647 601 1856 685 solet,
1886 626 2038 673 non
2062 626 2280 675 omne
2304 599 2583 673 bonum
2615 627 2771 675 esse

646 713 1025 787 laudabile.
1084 698 1289 783 Nam·
1329 712 1533 808 quod
1584 710 1941 782 laudabile
1993 713 2125 800 sit,
2176 709 2565 782 honestum
2614 736 2770 782 esse

650 818 1175 895 concedam-¹³.
1200 820 1390 892 Illud
1424 837 1668 894 autem
1701 819 2229 919 perabsurdum
2253 875 2273 908 ‚
2302 819 2583 892 bonum
2615 846 2770 893 esse
2821 892 2832 909 ,

649 931 918 1031 aliquid
942 987 962 1020 ‚
996 931 1197 1030 quod
1230 956 1382 1002 non
1408 931 1896 1029 expetendum
1922 932 2056 1032 βίη
2096 945 2223 1002 aut
2257 930 2770 1029 expetendum,

645 1042 848 1140 quod
883 1068 1035 1114 non
1068 1041 1391 1140 placens;
1418 1056 1582 1129 aut,
1616 1044 1677 1112 si
1707 1040 1784 1111 id
1809 1096 1829 1125 ‚
1867 1066 2014 1112 nou
2048 1043 2263 1112 etiam
2298 1040 2766 1137 diligendum.

645 1159 833 1251 Ergo
876 1167 951 1225 et
999 1150 1492 1252 probandum.
1553 1157 1664 1223 Ita
1709 1153 1923 1222 etiam
1975 1149 2360 1222 laudabile.
2398 1149 2482 1221 Id
2527 1166 2772 1221 autem

644 1264 1060 1337 honestum.
1091 1268 1198 1335 Ita
1233 1260 1351 1347 fit,
1392 1277 1474 1333 ut
1496 1317 1515 1347 ‚
1546 1261 1748 1358 quod
1796 1259 2080 1333 bonum
2110 1263 2240 1347 sit,
2275 1260 2348 1331 id
2387 1260 2603 1331 etiam
2640 1260 2773 1332 ho-

546 1384 611 1438 28
647 1390 935 1447 nestum
981 1379 1091 1446 sit.
1138 1372 1420 1447 Deinde
1475 1397 1754 1470 quaero,
1797 1372 1960 1468 quis
1999 1384 2125 1441 aut
2172 1370 2262 1442 de
2312 1370 2572 1441 misera
2626 1373 2772 1442 vita

644 1486 874 1587 possit
915 1484 1240 1582 gloriari,
1280 1496 1408 1554 aut
1456 1507 1608 1553 uon
1666 1481 1756 1554 de
1805 1479 2014 1552 beata
2037 1484 2100 1534 ¹4
2129 1482 2157 1552 ?
2190 1482 2302 1551 De
2350 1480 2501 1551 sola
2553 1482 2772 1577 igitur

642 1593 876 1667 beata.
918 1598 1017 1665 Ex
1065 1617 1216 1690 quo
1260 1590 1595 1681 efficitur,
1635 1592 2099 1690 gloriatione,
2141 1605 2226 1662 ut
2260 1592 2359 1662 ita
2384 1588 2443 1634 ¹⁵
2494 1590 2762 1677 dicam,

642 1704 932 1803 dignam
989 1727 1144 1774 esse
1180 1700 1457 1772 beatam
1499 1705 1765 1772 vitam:
1809 1700 2012 1798 quod
2062 1726 2213 1772 non
2248 1698 2561 1800 possit¹⁶
2605 1704 2766 1800 qui·

640 1901 695 1949 in
739 1900 923 1949 Graecia
968 1900 1085 1947 insit
1111 1933 1126 1957 ‚
1177 1908 1226 1944 et
1267 1913 1331 1944 ex
1385 1897 1619 1959 proximi·
1640 1933 1657 1958 ,

643 1995 825 2028 «omne
848 1979 1035 2026 bonum
1056 1993 1158 2024 eaae
1177 1974 1456 2023 laudabile·
1474 2006 1489 2032 ,
1522 1974 1663 2023 addi-

642 2067 749 2105 tum
769 2054 921 2103 videri
947 2054 1117 2119 poenit.

722 2149 803 2182 ια.
844 2136 905 2180 In
944 2149 1000 2180 eo
1036 2130 1177 2181 vides
1223 2147 1323 2179 esse
1364 2131 1661 2181 conclusum.

644 2211 797 2259 Recte
813 2211 931 2259 Em.
954 2209 1168 2274 explicat
1179 2244 1197 2270 ‚
1220 2207 1275 2256 id
1289 2225 1389 2257 esse
1405 2208 1456 2258 in
1472 2209 1664 2259 conclu-

646 2287 816 2347 sione,
840 2288 878 2338 i.
915 2306 958 2337 e.
985 2288 1120 2337 haud
1163 2288 1273 2354 plna
1311 2288 1569 2353 minaeque
1611 2290 1667 2338 in

647 2367 962 2418 concluaione
987 2385 1090 2417 eeae
1105 2383 1273 2432 ,quam
1300 2369 1435 2432 quod
1453 2385 1515 2417 ex
1537 2368 1668 2417 binis

646 2448 854 2511 sumptis
897 2448 1036 2512 aequi
1088 2447 1317 2495 diximus.
1372 2446 1669 2496 Concludere

648 2537 810 2575 autem
851 2526 1110 2583 Ciceroni,
1134 2535 1191 2573 nt
1226 2526 1478 2573 includere
1493 2561 1510 2586 ,
1535 2543 1667 2592 aaepe

650 2621 762 2655 omn
783 2603 834 2654 in
853 2615 905 2653 et
922 2604 1139 2652 ablativo
1161 2603 1377 2666 ponitur.
1409 2606 1471 2651 G.

726 2686 807 2735 ¹3.
836 2684 984 2749 Quod
1022 2679 1274 2731 laudabile
1293 2681 1384 2741 sit,
1419 2681 1672 2733 honestum

650 2780 750 2814 ease
794 2762 1089 2813 conceditur.
1142 2762 1218 2808 Ita
1268 2759 1453 2824 primm
1500 2762 1668 2812 lamb.

653 2843 1004 2909 comprobante
1024 2838 1203 2889 deinde
1222 2838 1440 2886 Palatino
1466 2855 1510 2887 1.
1530 2840 1666 2890 Idem

651 2922 847 2972 firmant
880 2924 1008 2988 Spir.
1055 2919 1160 2970 Eri.
1189 2930 1240 2967 et
1271 2917 1400 2966 Gnd.
1448 2933 1493 2967 1.
1536 2919 1669 2968 Olim

651 3002 951 3052 «honestum
975 3003 1062 3061 ait,
1083 2997 1327 3048 laudabile
1342 3020 1369 3040 a·
1388 3031 1403 3058 ‚
1440 3013 1552 3045 cum
1586 3015 1668 3047 re-

652 3081 802 3146 liqui·
827 3081 975 3132 codd.
1009 3092 1060 3128 ct
1102 3079 1221 3128 edd.
1262 3088 1383 3126 vett.
1426 3074 1669 3129 omnibua'.

652 3162 749 3210 Sed
775 3177 940 3226 prave.
971 3156 1111 3209 Talea
1142 3158 1406 3207 acribarum
1430 3159 1671 3224 ‘transpo-

651 3240 855 3289 aitionea
880 3249 994 3287 eunt
1018 3238 1335 3286 creberrima.
1359 3238 1424 3286 G.
1444 3263 1515 3275 ·—·
1538 3238 1676 3287 Illud

663 3352 676 3364 .
691 3354 728 3366 ..
746 3315 1097 3380 perabsurdum
1117 3317 1295 3364 bonum
1321 3333 1422 3365 esse
1444 3314 1665 3381 aliquid,

653 3397 790 3460 quod
821 3412 917 3443 non
950 3395 1273 3457 expetendum
1288 3429 1304 3455 ‚
1328 3408 1426 3445 etc.
1457 3397 1539 3446 Ad
1564 3398 1669 3446 haec

652 3475 870 3522 conferas
895 3473 1044 3521 Tuae.
1074 3476 1153 3531 V,
1186 3470 1286 3532 ¹5,
1311 3476 1376 3528 4⁵
1402 3489 1416 3522 ε
1444 3476 1670 3523 «etenim

651 3550 898 3616 quidquid
932 3561 1036 3609 eat,
1075 3551 1213 3614 quod
1261 3552 1446 3600 bonum
1482 3554 1576 3612 ait,
1615 3553 1669 3600 id

650 3630 978 3695 expetendum
1003 3641 1076 3678 eat
1106 3645 1119 3679 :
1148 3631 1282 3694 quod
1322 3641 1483 3679 autem
1521 3647 1670 3697 expe·

650 3709 851 3758 tendum
865 3742 881 3767 ,
896 3708 950 3756 id
969 3720 1098 3757 certe
1116 3709 1511 3775 approbandum:
1530 3711 1670 3774 quod

649 3804 767 3837 vero
790 3787 1098 3852 approbat-ia,
1119 3788 1172 3836 id
1190 3800 1377 3853 gratum
1393 3801 1670 3854 acceptum·

647 3883 744 3932 que
764 3865 1077 3916 babendum:
1098 3883 1212 3931 ergo
1232 3870 1373 3916 etiam
1392 3868 1602 3932 dignitas
1624 3870 1670 3917 ei

649 3948 719 3995 rei
742 3945 997 3996 m'buenda
1017 3957 1088 3993 aet
1108 3961 1120 3995 ε
1140 3947 1275 4010 quod
1300 3947 1341 3994 ei
1368 3959 1478 3996 eat:
1502 3947 1669 3996 lauda-

647 4025 747 4075 bile
790 4026 852 4074 eit
905 4042 1098 4074 neeeaae
1139 4037 1231 4074 est.
1274 4027 1461 4074 Bonum
1519 4027 1669 4090 igitur

647 4120 793 4161 omne
815 4103 1057 4161 laudabile
1072 4139 1087 4164 ‚
1112 4121 1171 4152 ex
1191 4120 1292 4167 quo
1319 4102 1557 4162 efficitur,
1586 4115 1639 4153 ut
1654 4141 1669 4166 ‚

1748 1897 1887 1961 quod
1915 1897 2175 1948 honestum
2201 1901 2265 1949 ait
2285 1937 2301 1963 ‚
2327 1901 2381 1949 id
2417 1902 2480 1949 ait
2500 1901 2658 1950 solum
2676 1901 2766 1949 bo·

1747 1993 1868 2026 num
1888 1998 1933 2026 ι.
1955 1978 2113 2027 Audi·
2133 1981 2396 2046 Chrysippi
2409 1981 2591 2030 aetiten
2605 2013 2620 2036 ,
2640 1980 2766 2028 bunc

1748 2058 1875 2104 enim
1918 2057 2064 2118 huius
2102 2059 2408 2108 inventorem
2443 2076 2546 2108 caae
2592 2059 2786 2108 docent'

1747 2137 1865 2185 intt.
1881 2136 1945 2184 ad
1969 2138 2101 2187 Pera.
2126 2138 2224 2187 Sat.
2249 2138 2319 2186 vl
2337 2172 2352 2195 ‚
2379 2155 2504 2189 vere.
2531 2139 2622 2188 ult.
2643 2161 2670 2181 ιι
2688 2140 2767 2186 In-

1751 2225 1940 2275 ventua,
1953 2216 2252 2283 Chrysippo,
2267 2218 2343 2265 tui
2368 2217 2539 2267 finitor
2550 2218 2710 2267 acervi
2722 2238 2767 2266 υ.

1751 2293 1896 2343 Adde
1918 2298 2062 2360 chg.
2087 2298 2112 2343 1
2133 2328 2149 2354 ,
2183 2296 2273 2354 18,
2301 2296 2382 2352 45.
2409 2299 2474 2345 G.
2495 2324 2565 2334 —
2591 2296 2771 2345 Deillo

1754 2372 2028 2421 Stoicorum
2066 2371 2321 2437 dogmate,
2357 2394 2382 2415 ι
2406 2375 2598 2423 Bonum
2625 2391 2771 2423 omne

1754 2467 1856 2499 eane
1871 2450 2113 2499 laudabile
2124 2470 2150 2491 ι·
2162 2486 2176 2511 ,
2190 2448 2290 2496 vid.
2308 2450 2439 2499 Plut.
2462 2451 2524 2499 de
2542 2457 2766 2516 Repugn.

1754 2529 1963 2577 Stoicor.
1986 2544 2034 2591 p.
2061 2528 2207 2588 1039,
2228 2527 2287 2587 C,
2313 2536 2362 2575 ct
2380 2528 2587 2591 Diogen.
2611 2531 2766 2578 Laett.

1754 2607 1878 2665 vn,
1903 2620 2017 2652 :ou
2039 2605 2172 2656 Dav.

1829 2699 1852 2731 1
1863 2692 1908 2738 A.
1929 2687 2027 2732 Aut
2041 2700 2141 2733 non
2151 2684 2215 2733 de
2228 2684 2378 2733 beata
2390 2690 2417 2733 ι’
2437 2685 2643 2735 Addunt
2658 2688 2765 2735 Bae.

1755 2774 1804 2812 ct
1827 2761 1961 2812 Gud.
2001 2780 2021 2811 ι
2039 2798 2054 2821 ,
2100 2762 2264 2812 denuo
2295 2765 2466 2829 pouit.
2517 2764 2665 2830 Quod
2703 2782 2770 2815 ne

1755 2858 1856 2891 eane
1881 2842 2066 2906 aliquid
2088 2853 2256 2907 putea,
2271 2860 2425 2908 quum
2447 2845 2586 2893 totie-
2599 2855 2770 2893 auctor

1753 2923 1956 2972 verbum
1989 2923 2087 2972 hoc
2116 2924 2172 2970 iu
2214 2926 2529 2989 oppoaitioue
2569 2923 2771 2989 repetite

1752 3013 1905 3068 ponat
1920 3039 1935 3063 ,
1957 3001 2205 3067 reputabi·
2228 3013 2330 3051 tum
2349 3038 2364 3062 ‚
2398 3024 2424 3047 ι
2440 3015 2523 3052 aut
2545 3002 2607 3051 dc
2632 3003 2768 3052 beata

1753 3098 1858 3131 uon
1895 3084 2095 3149 poetit-
2117 3118 2133 3144 ,
2161 3081 2467 3132 scribendum
2505 3083 2667 3133 fuiaac.
2707 3086 2771 3133 Et

1754 3178 1923 3226 vagam
1938 3163 2138 3228 quidem
2156 3162 2318 3212 aedem
2331 3177 2429 3209 non
2443 3161 2606 3223 babet,
2620 3180 2770 3229 quum

1752 3241 1807 3289 iu
1826 3241 1983 3290 tribue
2000 3244 2181 3292 nostrie
2196 3242 2262 3290 de
2278 3258 2375 3290 non
2397 3241 2541 3289 beuta
2560 3241 2768 3306 legatur:

1753 3321 1838 3369 aed
1883 3321 2106 3370 similiter
2135 3321 2279 3370 iidem
2316 3320 2479 3385 paullo
2512 3321 2730 3385 superine
2751 3354 2767 3379 ,

1753 3398 1900 3447 eciam
1918 3414 2016 3447 non
2035 3399 2350 3465 dilzkendum.
2376 3401 2439 3448 G.

1833 3481 1913 3527 1⁵.
1940 3478 2245 3528 Gloriaeionc
2257 3514 2275 3538 ,
2296 3491 2352 3528 ue
2370 3477 2442 3526 ita
2456 3476 2632 3526 dimon.
2659 3477 2768 3526 No·

1754 3554 1880 3604 tabia
1893 3557 2265 3622 gIoriaeionem,
2278 3558 2415 3621 qnod
2434 3557 2531 3605 fere
2554 3558 2607 3604 in
2632 3556 2768 3605 dete-

1755 3634 1931 3683 riorem
1959 3646 2141 3700 partem
2169 3638 2435 3701 accipitur,
2461 3636 2557 3683 hoc
2580 3635 2694 3684 loco
2717 3637 2769 3683 in

1753 3712 2002 3763 meliorem
2013 3715 2131 3775 dici,
2152 3725 2295 3779 atque
2313 3713 2429 3762 inde
2447 3714 2772 3763 excuaationia

1756 3791 2012 3842 formulam
2033 3794 2246 3842 additam
2265 3808 2381 3841 ease.
2402 3794 2470 3841 G.

1832 3872 1912 3920 16.
1938 3870 2084 3935 Quod
2104 3888 2206 3920 non
2221 3871 2374 3935 possit
2385 3870 2596 3933 quidem.
2620 3872 2771 3920 Recte

1754 3953 1914 4000 Brem.
1939 3963 2065 4017 part.
2090 3949 2282 4014 quidem
2300 3961 2470 3998 eontra
2495 3951 2658 3999 Davie.
2685 3954 2772 4016 qui

1754 4046 1858 4076 eam
1883 4028 2120 4094 expunxit
2137 4061 2155 4088 ‚
2177 4029 2248 4076 aie
2275 4027 2516 4087 vindieat,
2542 4040 2596 4077 ut
2617 4031 2770 4094 ipsam

1756 4122 1819 4156 cx
1843 4108 2193 4157 aaeeveratione
2215 4107 2450 4171 adjectam
2465 4109 2598 4159 dicat
2620 4126 2632 4159 ε
2658 4109 2770 4163 licet
