3217 4784
668 446 808 521 250
1347 455 1445 521 M.
1496 453 1576 520 T.
1629 453 2113 524 CICERONIS

665 574 1088 644 concionem
1132 570 1585 643 a‘dscenderis
1637 573 1791 669 (est
1838 573 2032 643 enim
2082 568 2298 642 tibi‘30
2334 569 2796 656 edicendum,

664 705 826 778 quae
891 683 988 752 sis
1045 679 1558 754 observaturus
1601 684 1675 755 in
1725 684 1890 779 jure
1952 680 2262 753 dicendo
2297 707 2317 768 ;
2386 695 2458 752 et
2494 678 2793 752 fortasse

662 792 912 881 etiam,
947 795 1007 863 si
1042 790 1176 862 tibi
1210 796 1348 864 erit
1371 794 1640 883 visum,
1679 792 1948 890 aliquid
1981 792 2073 863 de
2103 789 2494 887 majoribus
2523 794 2688 877 tui5‚
2719 806 2793 861 et

663 899 755 971 de
790 913 862 970 te
908 901 1066 998 ipso
1106 899 1336 990 diceS,
1375 927 1580 974 more
1627 902 2055 999 majorum),
2092 901 2269 999 quid
2297 903 2636 973 merearis
2659 902 2790 998 igi-

663 1024 808 1096 tur,
847 1027 928 1083 ut
962 1026 1034 1083 tc
1068 1009 1337 1084 dicas-³¹
1396 1014 1472 1083 in
1511 1037 1601 1085 eo
1655 1017 2072 1113 magistratu
2109 1012 2352 1083 omnia
2404 1010 2793 1109 voluptatis

664 1143 877 1193 causa
920 1118 1273 1193 facturum
1326 1125 1523 1195 esse?
1576 1139 1796 1221 teque
1846 1122 2028 1194 nihil
2072 1120 2322 1194 fecisse
2358 1123 2432 1191 in
2476 1124 2620 1192 vita
2656 1122 2792 1192 nisi

664 1229 1054 1331 voluptatis
1078 1232 1341 1304 causa?
1377 1237 1489 1305 An
1524 1258 1678 1322 me,
1717 1225 2064 1333 inquis32,
2096 1247 2241 1303 tam
2271 1245 2632 1329 amentem
2663 1254 2794 1329 pu·

664 1344 809 1430 tas,
836 1357 919 1414 ut
948 1342 1141 1440 apud
1166 1346 1538 1444 imperitos
1565 1348 1705 1417 isto
1735 1345 1956 1417 modo
1984 1344 2287 1442 loquar?
2324 1349 2410 1415 At
2437 1358 2519 1414 tu
2543 1342 2792 1414 eadem

665 1453 802 1523 ista
843 1451 961 1525 dic
992 1455 1064 1524 in
1086 1454 1399 1549 judici0‚
1435 1471 1599 1543 aut,
1641 1457 1701 1528 si
1736 1478 2079 1528 eoronam
2124 1455 2372 1541 timeS,
2410 1452 2526 1523 dic
2562 1454 2636 1522 in
2679 1477 2790 1523 se-

664 1578 863 1634 natu.
907 1567 1324 1664 Numquam
1357 1564 1590 1639 facieS.
1629 1571 1801 1653 Cur,
1832 1567 1969 1638 nisi
2005 1564 2207 1664 quod
2234 1564 2465 1663 turpis
2502 1576 2609 1634 est
2631 1586 2791 1632 ora-

662 1675 765 1744 tio
787 1670 902 1745 ³³?
947 1680 1161 1747 Mene
1218 1701 1432 1774 ergo,
1492 1693 1566 1749 et
1618 1680 1972 1749 Triarium
1994 1730 2014 1764 ,
2071 1674 2329 1773 dignos
2388 1674 2790 1753 existimem,

663 1783 857 1880 apud
888 1809 1075 1881 quos
1115 1789 1425 1899 turpiter
1461 1786 1804 1883 loquare?

663 1976 895 2024 scriberet
940 1976 1063 2041 qnid
1108 1988 1158 2025 eu
1215 1977 1359 2026 enim.
1413 1976 1690 2025 offendisse

666 2053 843 2102 deinde
875 2056 1090 2103 Marsum
1116 2056 1225 2119 jam
1255 2056 1309 2102 in
1346 2054 1561 2103 clausule
1593 2071 1687 2119 po-

664 2133 811 2181 situm
827 2133 1035 2192 videtui-3
1047 2133 1245 2183 exhibet
1258 2135 1387 2182 enim
1400 2135 1660 2199 quumjam
1670 2151 1690 2183 .-

667 2212 754 2260 sed
774 2212 878 2260 sine
899 2227 1067 2271 ceusu
1110 2213 1176 2261 cf.
1219 2213 1396 2262 Milon.
1435 2216 1531 2274 28,
1576 2216 1642 2275 76
1674 2229 1688 2265 :

669 2313 693 2332 ιι
713 2306 824 2354 quae
844 2306 961 2339 vero
977 2291 1176 2341 aderant
1198 2295 1326 2355 ism,
1351 2304 1403 2342 et
1436 2293 1689 2358 impende·

668 2370 787 2419 bunt
804 2392 854 2420 n.
881 2371 957 2426 De
975 2372 1113 2421 verbi
1130 2373 1309 2422 mereri
1319 2384 1560 2439 potestste
1579 2374 1691 2423 vide

668 2450 786 2496 Ern.
824 2448 1022 2499 Clavem
1047 2452 1101 2501 h.
1132 2468 1181 2503 v.
1207 2453 1567 2515 conjunctivus
1598 2469 1689 2501 sn-

670 2537 767 2574 tem
816 2528 909 2576 hos
944 2540 994 2578 et
1036 2547 1171 2597 seqq.
1207 2547 1475 2597 gracorum
1512 2542 1689 2598 optstt.

670 2605 784 2654 loco
803 2607 959 2671 poni,
977 2625 1122 2658 nemo
1140 2626 1242 2659 non
1268 2611 1421 2661 videt.
1444 2613 1513 2660 G.

740 2687 827 2734 3ο.
867 2688 958 2736 Est
991 2689 1117 2736 enim
1154 2689 1239 2738 eibi
1272 2689 1574 2740 edicendum.
1612 2689 1693 2739 Ad

670 2763 882 2814 edictum
902 2768 1175 2831 respicitur,
1202 2784 1304 2833 qno
1323 2780 1506 2833 pretor
1529 2769 1694 2834 quivis

670 2860 888 2892 normann
903 2878 919 2903 ,
951 2861 1097 2910 qnam
1116 2847 1169 2895 in
1188 2869 1213 2889 α
1231 2847 1397 2896 dando
1415 2883 1430 2909 ,
1449 2847 1661 2896 dicendo
1678 2882 1694 2907 ,

670 2923 947 2973 addicendo
969 2946 992 2968 ι
1010 2960 1025 2986 ,
1052 2937 1344 2991 aequaturus
1380 2938 1504 2976 esset
1522 2961 1538 2986 ‚
1582 2927 1621 2976 i.
1649 2944 1694 2975 e.

662 3002 1015 3071 jun’sdicabmk
1032 3020 1132 3054 ωε
1150 3006 1387 3054 rationem
1406 3041 1423 3067 ,
1445 3022 1695 3071 propone-

674 3084 775 3134 bst.
802 3084 994 3134 Praetor
1014 3095 1179 3134 sutem
1206 3086 1421 3135 urbanus
1447 3086 1541 3135 fnit
1565 3088 1696 3134 Tor-

672 3174 850 3227 qustus
877 3163 958 3213 hic
981 3179 1066 3213 sn.
1093 3167 1212 3226 704.
1231 3166 1294 3215 G.

748 3243 833 3291 31.
857 3245 921 3292 Ue
937 3255 986 3293 ce
1002 3243 1165 3293 dicas.
1197 3247 1381 3295 Omnes
1402 3245 1560 3295 nostri
1581 3262 1694 3295 cum

674 3322 793 3370 Vin.
818 3333 873 3370 ue
894 3322 1037 3372 dicas
1052 3335 1100 3372 ce
1116 3341 1138 3381 ,⁶
1159 3340 1250 3373 nec
1269 3325 1411 3375 aliter
1432 3326 1553 3375 editi
1573 3336 1693 3376 vett.

674 3417 803 3464 qnos
829 3400 1040 3451 vidimus
1082 3419 1270 3453 omnes.
1299 3406 1365 3454 Et
1395 3414 1555 3454 tamen
1585 3404 1695 3454 vul·

675 3489 784 3541 gnte
800 3513 816 3538 ,
841 3481 1182 3547 undecumque
1208 3483 1294 3542 sit,
1339 3485 1583 3534 verissima
1602 3496 1693 3535 est.

676 3558 753 3608 Cf.
780 3559 929 3611 Tuzo.
949 3563 999 3620 1,
1033 3563 1095 3621 8,
1139 3564 1241 3612 16:
1285 3583 1311 3604 α
1331 3564 1428 3612 Sed
1451 3581 1562 3628 qnae
1579 3575 1695 3612 sunt

676 3653 763 3695 es,
798 3653 909 3701 qna
953 3651 1000 3689 te
1045 3643 1170 3691 dicis
1214 3643 1398 3704 majora
1442 3644 1606 3693 moliri
1632 3660 1693 3701 »ς

677 3727 787 3775 Au.
810 3724 884 3772 111
904 3757 920 3782 ‚
960 3738 1042 3786 ep.
1070 3724 1102 3771 5
1126 3735 1140 3770 :
1168 3745 1193 3766 οι
1221 3724 1338 3785 Quo
1363 3722 1513 3777 modo
1547 3722 1698 3786 igitur

678 3803 925 3854 Domitius
959 3818 1011 3850 se
1043 3801 1171 3851 dixit
1204 3802 1466 3851 rehturum
1489 3804 1512 3849 Ρ
1558 3811 1652 3849 ete.
1673 3822 1699 3843 ιο

679 3883 865 3948 Saepius
877 3881 1008 3931 enim
1026 3880 1306 3940 docuimus,
1323 3891 1569 3930 auctorem
1587 3896 1702 3944 pro·

680 3963 876 4013 nomina
890 3997 906 4021 ,
930 3978 1041 4026 qnae
1051 3961 1115 4010 sd
1129 3976 1230 4009 sce.
1251 3977 1297 4010 c.
1320 3960 1411 4009 inf.
1440 3958 1703 4025 pertinent,

681 4042 843 4095 verbis
865 4039 1062 4090 dicendi
1090 4039 1382 4104 praemittere
1410 4038 1595 4098 solere3
1633 4038 1702 4087 cs.

681 4140 728 4170 v.
751 4140 798 4172 c.
821 4119 1010 4172 Acsdd.
1029 4122 1085 4181 1,
1122 4135 1151 4166 α
1169 4152 1184 4176 ,
1213 4136 1238 4181 7
1254 4153 1272 4179 ,
1306 4130 1401 4168 etc.
1427 4120 1507 4167 Sic
1533 4129 1694 4167 sutem

678 4203 849 4252 scriba:
874 4216 1074 4267 peccare
1096 4215 1197 4249 non
1222 4198 1396 4248 solent.
1420 4199 1481 4246 G.

1851 1980 1937 2026 32.
1959 1980 2036 2026 Aa
2049 1995 2126 2026 me
2145 2013 2160 2038 ,
2180 1976 2354 2042 inquis.
2379 1975 2510 2024 Gud.
2531 1971 2792 2038 1,1’nquie,·

1778 2071 1935 2121 neque
1960 2056 2098 2105 aliter
2126 2059 2253 2107 Ven.
2281 2063 2441 2119 1494,
2464 2054 2614 2120 idque
2633 2053 2794 2119 ipsum

1777 2134 1833 2185 h.
1853 2135 1888 2183 l.
1908 2135 2127 2185 Wslker.
2164 2135 2229 2185 sd
2258 2136 2326 2185 N.
2355 2138 2422 2185 D.
2450 2137 2498 2192 1,
2533 2135 2631 2197 39,
2666 2148 2795 2194 109,

1777 2231 1840 2264 ex
1856 2215 1934 2266 ed.
1952 2219 2118 2266 nescio
2136 2233 2231 2281 qus
2241 2215 2438 2280 antiqua
2457 2213 2625 2280 reponi
2635 2211 2799 2273 jubet.

1776 2298 1824 2346 A
1848 2312 1949 2360 quo
1972 2313 2024 2344 se
2048 2311 2150 2344 non
2174 2295 2386 2344 alienum
2409 2295 2567 2342 Brem.
2594 2288 2795 2356 profite-

1778 2387 1876 2435 tur,
1897 2376 1940 2423 si
1965 2374 2162 2440 quidem
2179 2373 2291 2422 libri
2309 2371 2480 2436 scripti
2490 2370 2796 2418 accesserint.

1777 2457 2082 2518 Quamquam
2155 2451 2355 2516 quidem
2425 2448 2796 2496 concedendum

1778 2545 1852 2582 est
1866 2567 1880 2591 ,
1902 2531 2037 2596 quod
2057 2530 2136 2577 hic
2155 2527 2380 2594 pluribus
2400 2526 2498 2589 agit
2518 2561 2535 2587 ,
2554 2548 2580 2569 α
2601 2541 2704 2573 esse
2719 2524 2799 2572 in·

1778 2612 1883 2677 quic
1907 2623 2220 2674 pensan-rum
2252 2605 2508 2655 omnium»
2533 2603 2685 2667 (vide
2704 2620 2799 2651 nos

1777 2689 1843 2739 sd
1865 2691 2009 2753 Legg.
2029 2688 2109 2747 11,
2128 2687 2228 2746 23,
2253 2686 2316 2736 58
2338 2686 2384 2749 ),
2401 2694 2452 2732 et
2479 2683 2657 2748 sepius
2680 2681 2800 2731 alibi

1777 2766 2105 2817 reducendum
2129 2780 2145 2827 ;
2181 2766 2253 2815 sic
2278 2783 2326 2813 v.
2354 2781 2401 2814 c.
2432 2764 2498 2813 N.
2521 2765 2590 2811 D.
2612 2764 2665 2826 1,
2700 2763 2802 2822 36,

1785 2864 1910 2908 ιοο,
1937 2846 2101 2913 plnres
2122 2846 2292 2911 scripti
2312 2842 2470 2893 nostri
2480 2841 2680 2904 jubent,
2703 2853 2797 2891 etc.

1782 2939 1940 2976 tamen
1960 2925 2014 2975 id
2034 2942 2137 2974 non
2156 2925 2444 2992 simpliciter
2466 2924 2537 2974 sic
2558 2921 2802 2987 accipien-

1782 3006 1898 3056 dum
1925 3016 1998 3055 est
2013 3041 2029 3066 ,
2068 3004 2155 3055 sed
2190 3021 2254 3055 ex
2283 3005 2443 3065 subin
2483 3002 2801 3053 conversione

1781 3088 1845 3137 sd
1869 3087 2039 3147 sliam,
2063 3101 2175 3151 quo
2201 3101 2413 3152 presens
2436 3082 2592 3140 sdsit,
2634 3095 2802 3145 perso-

1782 3183 1894 3215 nsm
1911 3201 1927 3226 ,
1950 3177 2046 3215 etc.
2089 3166 2262 3215 misere
2284 3166 2413 3213 enim
2435 3160 2659 3212 ststueris
2673 3194 2689 3219 ‚
2729 3158 2803 3217 si,

1782 3245 1942 3312 inquit
1964 3261 2074 3295 vere
2100 3243 2421 3309 impersonsle
2441 3257 2545 3291 esse
2561 3274 2577 3301 ,
2603 3238 2801 3288 dixeris.

1781 3326 1936 3376 Caute
1963 3325 2082 3373 sliss
2106 3325 2198 3372 hsc
2225 3323 2276 3371 in
2301 3338 2353 3370 re
2374 3322 2489 3370 ideo
2514 3316 2800 3367 versandum

1779 3415 1853 3454 est
1872 3437 1888 3465 ,
1904 3402 2043 3467 quod
2059 3419 2087 3450 s
2113 3400 2324 3450 librariis
2339 3434 2354 3459 ‚
2374 3398 2523 3462 idque
2539 3394 2802 3444 innumeris

1780 3480 1934 3544 loeis,
1976 3498 2038 3530 ex
2055 3478 2350 3545 compendio
2386 3477 2530 3541 inqu.
2556 3471 2803 3534 scribitur,

1780 3577 2101 3629 quaecumque
2156 3560 2348 3608 demum
2407 3553 2545 3603 verbi
2593 3565 2802 3617 persons

1780 3640 1946 3690 fuerit.
1968 3639 2033 3687 G.

1855 3716 1943 3769 33.
1960 3718 2072 3778 Cur,
2088 3713 2187 3764 niu*
2201 3712 2340 3778 quod
2353 3710 2502 3775 carpis
2521 3719 2596 3759 est
2608 3706 2770 3755 oratio
2783 3711 2810 3755 e*

1785 3801 1994 3848 Goerenz
2016 3793 2186 3844 scribit
2208 3806 2222 3842 ε
2260 3806 2364 3847 cur,
2405 3787 2501 3836 nisi
2522 3784 2673 3851 turpis
2696 3802 2809 3832 ora·

1784 3878 1855 3927 εἰο
1890 3879 1997 3924 ese?
2025 3875 2095 3922 Ut
2142 3887 2235 3920 nos
2291 3866 2567 3926 edidimus,
2618 3863 2810 3927 inquit,

1784 3957 1931 4023 plene
1953 3954 2168 4004 referunt
2201 3949 2329 4014 spir.
2369 3957 2421 3995 et
2457 3947 2557 3997 Erl.
2591 3956 2642 3994 et
2677 3944 2808 3992 hand

1789 4036 1939 4085 dubie
1961 4035 2104 4083 etism
2123 4029 2222 4078 Pal.
2252 4044 2270 4075 ι
2284 4063 2298 4077 .
2325 4027 2474 4091 Quod
2487 4027 2690 4088 ejecerat
2707 4026 2807 4087 jam

1785 4118 1955 4166 Davis.
1984 4129 2047 4161 ex
2071 4109 2226 4160 tribus
2249 4108 2352 4157 suis
2372 4106 2601 4155 Parisinis
2622 4120 2636 4154 :
2664 4116 2713 4154 et
2740 4116 2812 4153 est

1786 4200 2109 4259 transponunt
2150 4189 2295 4240 etism
2342 4187 2478 4238 Gud,
2533 4202 2554 4237 1
2604 4197 2655 4236 et
2700 4187 2808 4235 Bas.
