3217 4784
889 399 1015 465 DE
1048 366 1222 465 ’[«ῚΝ.
1276 398 1479 465 ΒΟΝ.

1496 397 1648 498 ,ΕΤ
1689 399 1902 464 MAL.
1956 398 2092 482 111,
2130 421 2233 465 10.

2391 363 2562 492 '371

460 518 676 604 vaiet,
709 542 857 587 non
896 500 1477 614 magnitudiness'.
1508 496 1691 586 Nam
1716 540 1946 613 quum
1987 518 2381 604 aestimatiO,
2414 542 2576 614 quae

457 620 595 703 ἀξία
623 624 920 709 dicitur,
962 646 1203 719 neque
1256 624 1330 690 in
1384 619 1598 690 bonis
1659 637 2032 693 nume-rata
2093 619 2290 710 sithi,
2340 648 2580 721 neque

454 757 706 804 rursus
756 736 829 802 in
876 731 1123 816 malis·;
1176 744 1849 833 quantumcumque
1901 729 2018 837 eos
2050 729 2449 821 addideris,
2505 735 2583 803 in

458 869 592 914 suo
639 867 901 940 genere
946 839 1281 910 manebit.
1334 839 1490 910 Alia
1542 854 1650 910 est
1700 841 1917 936 igitur
1971 838 2346 938 propria¹⁵
2402 844 2582 913 aesti-

458 954 682 1023 matio
734 952 1053 1036 virtutis;
1111 973 1272 1045 quae
1315 973 1622 1046 genere,
1673 974 1823 1019 non
1880 949 2268 1021 crescendo
2298 1007 2318 1039 ,
2367 954 2580 1024 valet.

459 1064 609 1131 Nec
647 1083 821 1130 vero
863 1056 1442 1157 perturbationes
1478 1062 1887 1141 animorum
1913 1113 1932 1145 ,
1963 1084 2130 1156 quae
2166 1063 2385 1133 vitam
2418 1066 2586 1134 insi·
2621 1081 2686 1133 35

462 1171 811 1266 pientium
857 1169 1188 1239 miseram
1227 1167 1706 1265 acerbamque
1745 1167 2061 1239 reddunt
2079 1160 2325 1267 {quas
2362 1177 2591 1245 Graeci

460 1278 621 1351 πάθη
648 1273 1013 1372 appeliant
1038 1274 1407 1372 (poteram
1442 1298 1578 1372 ego
1615 1273 1915 1344 verbum
1962 1276 2203 1372 ipsum
2233 1279 2591 1378 interpre—

463 1402 664 1467 tam,
706 1382 1001 1455 morbos
1040 1384 1445 1482 appellare;
1490 1382 1619 1454 sed
1653 1408 1801 1454 non
1844 1390 2265 1456 conveniret
2304 1387 2394 1459 ad
2432 1414 2589 1460 om-

464 1491 707 1567 niaffi:
748 1497 911 1593 quis
954 1499 1146 1566 enim
1199 1490 1806 1578 misericordiam,
1855 1508 2014 1564 aut
2032 1496 2263 1592 ipsam
2309 1498 2589 1576 iracun-

463 1601 747 1685 diam¹7‚
782 1599 1113 1670 morbum
1161 1596 1343 1668 solet
1387 1597 1677 1668 dicere?
1713 1599 1930 1669 Atini
1965 1599 2216 1670 dicunt
2241 1605 2453 1685 πάθος.
2486 1608 2591 1676 Sit

462 1716 680 1810 igitur
710 1708 1159 1808 perturbatio
1186 1704 1275 1799 ¹⁸,
1314 1731 1473 1804 quae
1509 1709 1803 1778 nomine
1845 1709 2005 1807 ipso
2051 1713 2311 1782 vitiosa
2348 1710 2587 1784 decla-

463 1823 605 1891 rari
642 1820 924 1891 videtur
953 1815 979 1909 )
1008 1845 1023 1886 :
1059 1841 1193 1887 nec
1231 1816 1341 1885 hae
1375 1814 1964 1914 perturbationes
2000 1822 2066 1888 vi
2106 1820 2347 1916 aliqua
2388 1837 2595 1894 natu-

466 2088 682 2125 metuant
697 2098 740 2123 ιι.
768 2078 824 2123 In
845 2091 947 2140 qno
973 2085 1183 2139 utroque
1206 2075 1318 2124 loco
1337 2059 1483 2122 codd.

469 2156 682 2203 turbent.
711 2156 779 2203 G.
814 2190 819 2195 -

545 2231 627 2284 13.
670 2235 860 2282 Genere
895 2232 1067 2289 valet,
1106 2248 1203 2278 non
1244 2231 1487 2295 magnicu-

468 2313 601 2363 de'ne.
632 2314 691 2362 Id
717 2324 819 2373 eat,
852 2312 914 2360 ad
949 2326 1101 2375 genna
1135 2311 1207 2356 rei
1237 2311 1445 2373 pertinet
1470 2326 1486 2371 ;

468 2392 602 2440 velut
624 2393 677 2439 in
698 2391 1022 2449 circulo,vere
1042 2387 1250 2436 circulus
1271 2389 1351 2445 sit,
1369 2402 1485 2434 nec·

466 2489 560 2531 ne,
582 2488 684 2519 non
713 2487 773 2518 an
801 2470 883 2517 hic
915 2468 1069 2517 altero
1094 2468 1274 2528 major,
1299 2467 1487 2513 minor·

471 2567 547 2598 ve.
575 2546 639 2598 G‘.

546 2640 624 2687 η.
665 2630 938 2676 Numerata
972 2627 1050 2675 sic.
1091 2624 1250 2673 Graeci
1287 2622 1489 2687 perfecti

470 2708 519 2755 vi
564 2709 791 2771 ponitur,
834 2717 882 2754 et
923 2691 1110 2763 rur-stis,
1152 2702 1289 2766 quod
1329 2702 1489 2749 atatim

423 2788 433 2794 “
469 2797 613 2851 post,
636 2798 690 2834 ut
709 2781 1050 2843 afiotcmomra
1074 2793 1241 2831 notat:
1263 2798 1371 2846 quoe
1393 2796 1492 2829 vox
1536 2785 1543 2791 ”

447 2869 534 2914 'ex
558 2865 809 2923 Bremiana
833 2862 1035 2911 excidit.
1059 2863 1124 2909 G.

549 2964 566 2994 ι
580 2950 626 2996 5.
642 2945 759 2994 Alia
774 2955 890 2991 est...
905 2941 1109 3007 propria
1134 2950 1245 2988 oest.
1268 2939 1486 2996 virtutis,

434 3083 438 3087 .
471 3042 609 3088 qgaoe,
637 3038 734 3075 etc.
770 3021 889 3070 Alia
921 3036 989 3068 ec.
1027 3034 1171 3082 quam
1208 3034 1316 3081 quoe
1342 3018 1495 3083 vulgo,

472 3106 682 3166 dicitur,
736 3094 961 3168 quoeq’ue
992 3099 1062 3146 rei
1111 3098 1496 3161 magnitudinem.

473 3197 679 3250 spectat.
723 3179 923 3246 Propria
958 3189 1058 3235 est,
1085 3191 1195 3239 quae
1229 3175 1288 3222 de
1313 3177 1491 3224 virtute

474 3266 673 3331 proprie
718 3261 911 3310 dicitur.
954 3285 1021 3295 -
1066 3253 1306 3310 Vir-meis5
1353 3268 1486 3318 quae.

471 3349 624 3394 Recte
652 3345 768 3390 Ern.
800 3349 911 3387 ante
947 3351 1085 3401 quae,
1112 3334 1260 3382 colon
1295 3332 1487 3398 posuit,

471 3425 656 3489 quippe
674 3418 809 3485 quod
831 3433 922 3482 pro
945 3432 1061 3462 nam
1079 3413 1186 3462 ltoec
1204 3413 1406 3460 dicatur.
1426 3413 1488 3461 G.

549 3507 633 3551 ιδ.
661 3502 757 3549 Sed
788 3510 883 3547 non
911 3495 1183 3545 conveniret
1209 3494 1282 3541 ad
1303 3491 1486 3540 omnia.

473 3583 642 3632 David.
689 3598 717 3628 e
761 3580 861 3627 auis
900 3591 985 3625 sex
1025 3572 1277 3623 conveniet
1316 3571 1486 3627 dedit,

474 3664 588 3711 Ern-
623 3659 809 3707 mavult
843 3651 1129 3704 convenerit.
1158 3652 1332 3715 Neque
1359 3651 1490 3714 quia·

377 3776 388 3784 -
473 3758 617 3806 quam
652 3748 932 3787 nostrorum
969 3749 1077 3781 cnm
1116 3731 1309 3794 vuigata
1345 3747 1358 3777 ε
1394 3741 1491 3778 tres

474 3822 602 3869 enim
627 3818 801 3883 optimi
826 3812 1105 3869 conveniet,
1130 3810 1306 3873 reliqui
1332 3824 1493 3855 conoe·

424 3904 428 3909 ’
477 3899 568 3948 ηἰε.
598 3898 693 3946 Sed
713 3907 842 3944 recte
863 3890 1079 3942 defendit
1096 3889 1281 3937 editum
1304 3898 1494 3950 tempus

477 3978 637 4024 Brenni
651 4000 681 4039 ,-
698 3977 768 4024 aie
791 3985 846 4023 ut
864 3984 1091 4039 poteram
1112 3985 1205 4035 pro
1232 3965 1496 4032 pocuIssem

480 4055 691 4118 positum
713 4053 992 4102 affirmetur.
1021 4053 1092 4099 lta
1120 4048 1302 4096 centies
1328 4056 1497 4094 auctor

474 4149 670 4198 possum
689 4168 701 4189 ‚
729 4148 819 4196 pro
833 4143 1055 4195 poteram
1074 4167 1090 4191 ,
1116 4145 1163 4177 v,
1189 4145 1234 4176 c.
1263 4148 1286 4169 α
1300 4136 1496 4203 possum

1574 2070 1746 2123 afferre
1761 2111 1776 2134 ,
1802 2091 2001 2141 possum
2022 2078 2273 2141 persequi,
2304 2088 2398 2127 etc.
2417 2100 2442 2120 ι-
2465 2081 2594 2129 Hine

1573 2169 1679 2201 non
1704 2155 1965 2219 probamus
1991 2172 2147 2220 nuper
2172 2173 2199 2204 a
2222 2155 2478 2218 Schiitzio,
2502 2160 2593 2207 Er-

1573 2235 1715 2279 nestii
1741 2236 1910 2295 jussu,
1928 2236 2095 2298 potuit
2115 2247 2406 2297 correctum,
2437 2238 2593 2287 Attic-

1575 2312 1651 2359 111
1666 2346 1681 2369 ‚
1701 2328 1779 2376 ep,
1811 2314 1842 2360 5
1855 2349 1869 2371 ,
1900 2322 1929 2369 4
1952 2328 1966 2361 :
1991 2336 2016 2355 e-
2034 2315 2103 2361 At
2122 2325 2286 2378 potest
2304 2316 2387 2365 ille
2406 2316 2594 2381 aliquid

1573 2392 1939 2455 praetermittere
1963 2407 1976 2440 :
2020 2403 2073 2440 tn
2091 2426 2106 2449 ,
2145 2394 2240 2442 nisi
2280 2395 2418 2458 quod
2454 2407 2555 2445 erat
2576 2430 2593 2452 ,

1574 2470 1799 2534 profecto
1821 2486 1923 2517 non
1940 2471 2225 2535 scripsisti».
2249 2469 2458 2522 Ernestii
2475 2492 2595 2522 con·

1575 2549 1758 2595 venerit
1774 2565 1863 2613 per
1881 2566 1932 2596 se
1950 2549 2143 2613 quidem
2164 2550 2372 2615 probum
2390 2565 2487 2615 est,
2511 2556 2596 2603 sed

1575 2625 1701 2673 nihil
1733 2630 2070 2676 necessarium.
2101 2629 2362 2679 Conveniet
2389 2632 2451 2680 ad
2490 2632 2595 2681 haec

1576 2716 1804 2754 contexta
1831 2706 2069 2755 absonum
2089 2717 2188 2757 eet.
2212 2710 2275 2758 G.

1655 2802 1676 2833 ι
1690 2802 1736 2848 7.
1756 2788 1861 2833 Aue
1882 2786 2037 2849 ipsam
2058 2786 2387 2838 iracmediam.
2412 2789 2468 2837 Id
2492 2801 2564 2838 est
2577 2825 2592 2848 ‚

1580 2885 1602 2908 ι
1627 2875 1712 2927 aut
1730 2863 2029 2913 iracundiam
2045 2898 2059 2923 ‚
2083 2866 2195 2914 licet
2212 2868 2282 2915 ira
2306 2883 2416 2915 vere
2434 2867 2594 2915 brevis
2665 2905 2671 2915 .

1580 2944 1717 2991 furor
1740 2944 1802 2989 ait
1819 2964 1861 2992 a.
1890 2943 2007 2991 Tale
2041 2943 2163 3006 quid
2187 2943 2304 2991 latet
2331 2946 2384 2991 in
2411 2961 2593 3008 prono-

1576 3023 1724 3068 mine.
1735 3021 1959 3069 Ceterum
1973 3021 2304 3083 parenthesin,
2322 3038 2431 3084 quae
2445 3022 2593 3085 vulgo

1575 3109 1693 3163 post
1706 3098 1956 3162 appellant
1971 3096 2148 3160 incipit
2162 3131 2177 3155 ,
2197 3110 2309 3145 ante
2329 3114 2454 3162 quas
2473 3103 2596 3164 poni

1571 3176 1799 3236 jussimus
1822 3188 1836 3224 τ
1865 3174 2014 3238 idque
2044 3190 2106 3222 ex
2139 3191 2248 3223 vera
2273 3181 2483 3228 auctoris
2510 3197 2590 3228 ra-

1576 3257 1729 3301 tione.
1767 3259 1897 3301 Ante
1926 3257 2183 3317 ‘poter-am,
2218 3242 2443 3321 exemplo
2480 3275 2594 3308 sane

1576 3331 1965 3395 frequentissimo
1983 3364 1999 3392 ,
2025 3347 2109 3379 eas
2134 3333 2383 3396 cogitabis.
2409 3338 2473 3385 G.

1655 3413 1733 3461 18.
1758 3412 1832 3458 Sir
1854 3410 2004 3476 igitur
2024 3414 2320 3476 perturbatio
2334 3450 2350 3478 ,
2378 3419 2512 3481 q'teae.
2531 3420 2549 3467 ’.
2570 3452 2586 3466 .

1576 3489 1760 3538 vitiosa
1785 3490 2038 3539 declarari
2079 3491 2295 3540 videtur.
2325 3494 2364 3543 1.
2392 3490 2436 3545 e.
2465 3519 2490 3547 v
2516 3497 2596 3545 lo-

1577 3586 1689 3621 cum
1730 3569 1878 3635 igitur
1914 3568 2088 3617 habeat
2126 3586 2228 3619 vox
2249 3572 2594 3643 perturbatio,

1545 3660 1688 3714 ’quae
1713 3659 1884 3697 natura
1921 3664 2006 3695 sua
2034 3648 2159 3697 clare
2192 3666 2243 3698 se
2281 3663 2338 3700 ut
2371 3654 2594 3703 vitiosam

1568 3728 1786 3798 ‘prodere
1821 3724 2015 3775 videtur
2040 3748 2086 3776 ι.

2127 3728 2207 3776 Sic
2243 3731 2435 3796 vulgata
2469 3746 2598 3783 recte

1577 3822 1703 3856 stare
1740 3807 1955 3870 poterit,
1941 3822 1953 3834 ·
1986 3805 2102 3855 alias
2138 3808 2392 3858 declarare
2420 3814 2596 3871 scribi,

1578 3897 1627 3934 et
1657 3885 1836 3934 vitiosa
1869 3896 2044 3933 neutro
2067 3900 2239 3951 genere
2265 3891 2421 3955 accipi
2450 3891 2597 3940 debe-

1579 3965 1674 4014 bit.
1699 3965 1769 4012 Sit
1795 3974 1866 4011 est
1895 3959 1982 4015 εἴη.
2013 3966 2087 4013 Ita
2113 3964 2217 4014 haec
2244 3983 2346 4016 uon
2378 3983 2597 4034 suspecta

1582 4043 1752 4093 reddet
1774 4044 1994 4099 Marsus,
2014 4046 2128 4107 qui,
2151 4044 2214 4092 sie
2235 4047 2285 4093 in
2305 4045 2373 4093 sic
2389 4059 2601 4109 mutato,

1586 4138 1700 4186 quoe
1726 4121 1925 4171 omittit.
1954 4123 2015 4170 G.
2429 4132 2436 4140 ‘

2208 4222 2316 4304 24.
