3217 4784
881 462 1004 528 DE
1053 462 1224 530 FIN.
1279 464 1482 532 BoN.
1535 464 1652 530 ET
1702 464 2156 548 MAL.11‚4.

2460 462 2576 533 151

468 578 653 648 idem
701 580 1031 678 voluptas
1076 598 1221 669 est,
1260 582 1495 679 quod,
1544 598 1627 653 ut
1667 585 1762 653 ita
1800 584 2033 654 dicam
2055 587 2109 668 ⁴,
2146 584 2592 658 indolentia?

467 688 679 760 Plane
740 690 966 777 idem,
1027 683 1332 789 inquit-5,
1393 707 1464 763 et
1509 696 1813 764 maxima
1858 692 2191 790 quidem,
2244 722 2388 792 qua
2432 696 2589 769 fieri

465 798 661 869 nulla
725 801 956 894 major
1016 817 1275 898 potest.
1315 802 1537 892 'Quid
1602 802 1890 874 dubitas
1948 805 2192 899 igitur,
2255 807 2587 902 inquam,

464 933 747 980 summo
786 910 988 981 bono
1024 937 1064 982 a
1101 926 1172 982 te
1208 913 1305 982 ita
1346 914 1781 998 constituto,
1829 927 1911 983 ut
1940 913 2012 983 id
2059 929 2291 984 totum
2334 918 2408 985 in
2439 942 2589 988 non

463 1018 783 1090 dolendo
810 1022 934 1110 sit,
977 1021 1050 1092 id
1094 1035 1338 1092 tenere
1380 1047 1648 1111 unum,
1682 1022 1753 1091 id
1791 1024 2011 1109 tueri,
2049 1023 2121 1092 id
2159 1022 2593 1095 defendere?

462 1129 655 1217 Quid
691 1132 878 1199 enim
912 1156 1202 1203 necesse
1236 1146 1340 1204 est
1356 1131 1412 1214 ⁶,
1450 1147 1818 1229 tamquam
1853 1133 2303 1203 meretricem
2338 1137 2410 1204 in
2444 1160 2591 1205 ma·
2631 1169 2690 1201 η

464 1255 837 1310 tronarum
874 1257 1141 1312 coetum
1165 1296 1183 1328 ‚
1230 1247 1331 1313 sic
1362 1242 1806 1340 voluptatem
1847 1245 1919 1312 in
1961 1244 2308 1313 virtutum
2345 1247 2591 1315 conci-

465 1350 641 1420 lium
671 1349 1062 1421 adducere?
1085 1352 1525 1423 Invidiosum
1553 1378 1823 1424 nomen
1854 1367 1988 1437 est,
2022 1350 2317 1440 infame,
2347 1377 2592 1452 suspe-

462 1474 656 1529 ctum
678 1472 727 1529 ⁷.
766 1464 1017 1557 Itaque
1052 1461 1191 1533 hoc
1228 1459 1648 1559 frequenter
1689 1462 1833 1533 dici
1877 1462 2056 1532 solet
2094 1485 2132 1531 a
2168 1461 2408 1543 vobis,
2440 1489 2587 1535 non

460 1620 653 1683 legitur.
675 1623 749 1669 Ex
767 1623 1013 1670 communi
1028 1637 1169 1686 pene
1188 1621 1483 1685 compendio

461 1712 591 1763 puta.
621 1702 683 1750 G.

532 1790 580 1835 4.
610 1782 760 1844 Quod
770 1815 785 1840 ,
806 1792 858 1827 ut
875 1781 947 1828 ita
965 1779 1151 1834 de'cam,
1178 1777 1446 1826 indolentia
1460 1785 1485 1826 Ρ

458 1859 679 1909 Lambin.
729 1860 779 1907 in
819 1860 930 1907 eod.
976 1859 1144 1922 aliquo
1185 1868 1377 1905 vetusto
1406 1858 1482 1905 in-

458 1940 697 1987 dolor-iam
721 1958 770 1987 se
798 1939 1028 2003 reperisse
1050 1939 1147 1993 ait,
1169 1952 1369 2000 eamque
1392 1953 1481 1984 vo-

458 2035 562 2065 cem
581 2019 804 2066 Ciceroni
824 2018 1040 2065 vindicat
1062 2014 1292 2062 Sidonius
1312 2015 1479 2078 Apoll.

460 2098 510 2143 in
529 2098 677 2160 Epist.
697 2097 895 2143 carmini
908 2099 1027 2142 XIV
1045 2094 1239 2159 praefixa
1253 2130 1267 2153 ,
1290 2095 1368 2142 his
1385 2112 1482 2142 ver-

459 2176 534 2222 bis
560 2193 573 2223 :
616 2198 641 2217 α
659 2177 910 2223 essentiam
929 2209 945 2233 ‚
975 2191 1066 2222 nec
1090 2192 1188 2222 non
1216 2186 1264 2222 et
1287 2174 1479 2222 indolo-

457 2256 574 2301 riam
591 2255 862 2301 nominavit
877 2252 1109 2318 (Cicero),
1132 2254 1346 2301 addens:
1368 2253 1480 2301 licet

457 2334 584 2382 enim
609 2335 753 2381 novis
775 2333 916 2380 rebus
939 2349 1063 2380 nova
1092 2333 1287 2379 nomina
1315 2332 1477 2395 impo-

457 2430 571 2461 nere
590 2436 631 2460 ι».
673 2416 735 2461 Et
783 2413 949 2460 eadem
999 2428 1112 2459 sane
1156 2427 1276 2457 voce
1294 2447 1309 2472 ‚
1361 2421 1479 2457 teste

457 2493 654 2540 Davisio
678 2527 692 2551 ‚
753 2492 949 2539 sedulus
1002 2491 1215 2538 auctoris
1268 2489 1480 2537 imitator

456 2574 718 2636 Augustin.
742 2571 802 2620 de
820 2571 1049 2619 Moribus
1071 2571 1255 2618 Eccles.
1278 2569 1476 2619 Cathol.

454 2656 475 2699 1
493 2688 508 2710 ‚
532 2670 575 2701 c.
598 2654 628 2700 5
640 2687 654 2709 ‚
674 2653 846 2700 utitur.
869 2653 962 2699 Sed
982 2652 1078 2698 hoc
1100 2651 1299 2698 verbum
1321 2651 1479 2710 rejicit

454 2734 674 2778 Muretus
692 2733 802 2777 VV.
826 2733 921 2779 LI...
946 2732 1061 2787 KV,
1081 2746 1128 2777 e.
1157 2745 1222 2777 20
1237 2762 1254 2789 ,
1275 2738 1322 2776 et
1345 2728 1478 2793 apud

452 2811 611 2873 ipsum
645 2810 814 2858 Sidon.
848 2808 1169 2856 indolentiam.
1203 2809 1375 2871 reponi
1397 2809 1476 2869 ju-

454 2890 553 2937 bet.
579 2890 780 2937 Causam
801 2923 816 2947 ,
838 2905 926 2935 cur
947 2888 1027 2935 hic
1049 2889 1100 2935 id
1128 2888 1320 2947 fecerit,
1343 2887 1475 2936 hand

455 2969 590 3015 facile
608 2968 831 3032 augurari
851 2983 993 3030 posse
1009 2967 1168 3014 Bremi
1188 2977 1346 3030 putat.
1370 2969 1476 3016 Nos

452 3048 648 3112 quidem
668 3064 770 3095 eam
786 3046 914 3093 baud
935 3045 1139 3094 obscure
1155 3045 1317 3093 videre
1332 3047 1474 3094 nobis

453 3126 702 3174 videmur:
725 3141 863 3173 aures
880 3125 1007 3170 enim
1027 3123 1364 3189 elegantissimi
1382 3126 1475 3172 viri

453 3222 620 3253 vocem
658 3204 949 3269 respuebant
966 3238 979 3261 ,
1016 3203 1199 3267 quippe
1235 3219 1381 3267 quam
1413 3221 1474 3252 ne

451 3298 630 3334 nostrat
675 3285 871 3349 quidem
915 3283 1086 3331 ferant.
1138 3281 1272 3329 Nihil
1315 3292 1474 3329 tamen

448 3367 604 3414 aecius
625 3365 781 3413 bacin
798 3364 916 3411 mira
935 3357 1187 3430 auga-&lieu
1203 3361 1474 3410 audiendus

451 3444 668 3490 Lambini
698 3444 853 3491 codex
895 3443 1045 3497 foret,
1076 3442 1168 3488 nisi
1204 3441 1296 3487 viri
1333 3441 1471 3504 inge-

451 3524 577 3570 niosi
598 3521 746 3579 fides,
769 3523 911 3582 justis
937 3522 997 3568 de
1022 3520 1177 3567 causis
1193 3555 1207 3579 ,
1235 3529 1284 3566 et
1310 3519 1475 3567 multis

449 3600 601 3662 locis,
633 3601 763 3647 hand
805 3617 971 3664 parum
1009 3598 1291 3646 labefactata
1332 3598 1472 3645 nobis

447 3692 607 3728 esset:
640 3679 776 3743 quod
804 3679 867 3726 ad
903 3678 1022 3725 libb.
1066 3678 1126 3726 de
1154 3680 1300 3739 Legg.
1331 3677 1473 3725 inviti

447 3776 548 3807 non
575 3758 720 3806 semel
746 3756 1136 3821 sIgnificavimus.
1180 3757 1352 3819 Neque
1377 3756 1469 3803 ista

444 3837 666 3884 hocloco
676 3847 974 3894 testaremur,
983 3835 1076 3881 nisi
1091 3834 1170 3881 illa
1184 3833 1317 3881 labes
1327 3834 1469 3881 latius

446 3927 649 3980 pateret,
663 3927 712 3962 et
726 3915 840 3963 satis
859 3915 1007 3961 multa
1028 3915 1133 3963 Cic.
1156 3913 1262 3961 loca
1284 3931 1345 3960 ex
1364 3913 1467 3960 sola

448 3995 667 4043 Lambin.
702 3994 854 4042 codd.
892 3993 1193 4050 diversitate,
1221 4008 1374 4055 eaque
1409 3991 1470 4039 ab

448 4072 529 4120 illa
550 4073 841 4137 reliquorum
866 4074 984 4120 mire
1008 4072 1308 4135 discrepante
1323 4108 1338 4132 ,
1360 4087 1467 4118 cor-

451 4163 581 4199 recta
610 4152 896 4217 legerentur.
934 4154 989 4200 td
1021 4152 1216 4215 quidem
1248 4151 1379 4198 hunc
1407 4149 1469 4197 ad

448 4231 613 4279 locum
659 4243 820 4296 aperte
860 4231 1076 4298 profiteri
1124 4231 1275 4279 nostri
1317 4229 1467 4278 officii

1569 1639 1672 1669 esse
1722 1622 1966 1670 duximus.
2022 1624 2191 1685 Itaque
2243 1638 2345 1669 non
2394 1639 2593 1687 prorsus

1570 1712 1796 1763 negatum
1851 1701 2104 1755 volumus,
2148 1701 2429 1749 Ciceronem
2481 1702 2593 1750 loco

1570 1779 1738 1841 aliquo
1767 1795 1888 1826 voce
1910 1779 2153 1826 indoloria
2177 1795 2316 1826 nsum
2345 1779 2520 1839 fuisse,
2541 1790 2593 1827 ut

1571 1858 1770 1921 Epicuri
1790 1859 1997 1910 ἀπονίαν
2021 1859 2345 1922 exprimeret:
2368 1857 2452 1905 sed
2481 1859 2533 1906 h.
2555 1858 2591 1905 l.

1570 1935 1752 1983 nullam
1782 1935 2113 1983 necessitatem
2141 1935 2390 1994 videmus,
2416 1953 2506 1983 cur
2526 1937 2591 1984 ita

1568 2016 1756 2074 edatur,
1782 2032 1931 2079 quum
1960 2031 2021 2062 ne
2049 2015 2281 2064 Sidonius
2307 2014 2503 2078 quidem
2531 2016 2593 2062 ad

1566 2095 1672 2142 haec
1698 2105 1926 2142 contexta
1949 2096 2213 2158 respexisse
2238 2093 2474 2141 videatur.
2501 2096 2596 2141 Ac-

1566 2175 1720 2229 cedit,
1741 2174 1878 2238 quod
1896 2174 2012 2221 alias
2030 2174 2152 2221 infra
2172 2172 2202 2237 S
2225 2189 2305 2235 19,
2325 2171 2594 2220 indolentia

1565 2269 1668 2299 non
1689 2253 1793 2299 sine
1815 2253 1950 2300 omni
1974 2255 2286 2300 excusatione
2305 2251 2590 2300 introduce-

1566 2342 1701 2378 retur
1723 2345 1737 2380 :
1763 2349 1873 2380 nam
1894 2332 1944 2380 b.
1970 2350 2022 2379 v.
2045 2348 2071 2379 a
2101 2333 2334 2381 Cicerone
2363 2341 2589 2378 novatam

1566 2427 1667 2458 esse
1683 2447 1696 2469 ‚
1724 2412 1916 2459 Bremio
1942 2421 2196 2468 monente,
2228 2411 2370 2458 refert
2397 2411 2595 2457 Nonius

1565 2491 1615 2538 h.
1648 2507 1696 2536 v.
1735 2492 1874 2538 Forte
1901 2490 1977 2538 his
2007 2489 2136 2536 binis
2163 2489 2365 2536 vocibus
2391 2489 2591 2552 Epicuri

1565 2569 1866 2638 ἀναλγησίαν
1905 2580 1957 2621 et
1996 2568 2203 2620 ἀπονίαν
2238 2567 2471 2631 distingui
2497 2584 2592 2615 vo-

1563 2648 1683 2706 luit,
1712 2648 1890 2713 quibus
1919 2649 2001 2697 hic
2038 2649 2252 2711 utrisque
2284 2646 2452 2695 utitur.
2495 2647 2588 2694 Sed

1562 2728 1615 2774 in
1644 2727 1721 2774 bis
1748 2729 2075 2788 conjecturam
2112 2721 2411 2793 κινεμέατιῖν
2446 2741 2589 2773 nemo

1562 2822 1665 2854 non
1694 2807 1847 2857 videt.
1877 2808 1996 2855 Inde
2025 2807 2167 2865 vide,
2194 2817 2428 2870 quantum
2456 2805 2587 2852 Ane-

1561 2904 1742 2935 manno
1769 2886 2020 2934 fidendum
2056 2888 2153 2947 sit,
2187 2888 2299 2948 qui,
2334 2901 2485 2947 quum
2513 2884 2591 2929 in·

1561 2966 1799 3014 dolor-iam
1822 2965 2042 3012 Lambini
2061 2963 2287 3026 exemplo
2303 2962 2560 3024 recepisset
2574 2997 2587 3017 ‚

1562 3042 1880 3092 Indolemiam
1907 3058 2076 3088 vocem
2101 3040 2350 3088 Ciceronis
2369 3054 2475 3084 aevo
2498 3039 2586 3084 tri·

1563 3135 1659 3170 tam
1689 3123 1834 3179 dicit,
1863 3122 1934 3168 sic
1963 3132 2016 3167 ut
2045 3118 2174 3165 nulla
2200 3118 2509 3165 excusatione
2537 3119 2586 3163 in

1561 3220 1615 3250 ea
1639 3200 1865 3266 ponenda
1891 3216 2016 3263 opus
2035 3198 2207 3245 suerit!
2241 3199 2303 3246 G.

1636 3284 1682 3328 5.
1731 3282 1888 3327 Plane
1930 3278 2058 3326 idem
2077 3314 2093 3340 ‚
2135 3276 2308 3341 inquit.
2355 3279 2588 3339 Ignorant

1560 3362 1692 3424 Spir.
1713 3360 1812 3405 Erl.
1840 3368 1886 3403 et
1911 3358 2019 3405 Bas.
2049 3356 2205 3413 idem,
2234 3355 2371 3419 quod
2398 3371 2499 3402 non
2527 3356 2587 3403 de

1562 3437 1718 3485 nihilo
1768 3437 1975 3484 videtur.
2028 3440 2171 3482 Forte
2223 3434 2289 3482 ob
2341 3434 2588 3498 praecedd.

1559 3514 1773 3580 syllabas
1794 3516 1874 3562 Ita
1904 3513 2115 3571 excidit,
2142 3523 2191 3560 et
2224 3523 2326 3560 tum
2357 3528 2383 3559 a
2414 3511 2587 3559 scribis

1561 3595 1689 3642 idem
1722 3593 1960 3641 additum.
1992 3595 2064 3640 Ita
2095 3601 2224 3638 certe
2250 3601 2423 3637 auctor
2448 3591 2586 3654 loqui

1560 3674 1701 3721 solet.
1744 3673 1818 3721 Cf.
1859 3674 2006 3719 Tusc.
2044 3673 2094 3729 1,
2132 3686 2181 3730 7.
2228 3671 2399 3717 Paucis
2444 3679 2587 3734 post,

1557 3754 1705 3802 iidem
1735 3767 1871 3814 aeque
1903 3748 2051 3797 codd.
2079 3765 2191 3797 cum
2222 3748 2446 3813 pluribus
2473 3759 2586 3795 ante

1559 3830 1847 3889 constituto,
1871 3829 1942 3876 ita
1968 3830 2210 3876 nesciunt.
2240 3829 2299 3876 G.

1632 3911 1685 3957 6.
1717 3907 1854 3973 Quid
1870 3907 1997 3955 ent'sn
2026 3924 2219 3954 necesse
2243 3917 2324 3955 est.
2354 3907 2473 3952 Tres
2497 3922 2585 3951 no-

1558 3990 1649 4038 stri
1670 3999 1741 4035 est
1777 3987 2003 4050 ignorant
2024 4023 2039 4048 ‚
2069 3987 2205 4034 Gud.
2243 4002 2262 4033 t
2297 3986 2586 4050 transponit.

1559 4068 1655 4117 Sed
1677 4066 1813 4115 facile
1831 4066 2054 4113 excidere
2075 4066 2236 4129 potuit
2250 4101 2264 4123 ‚
2281 4075 2328 4111 et
2351 4065 2586 4111 rarissime

1559 4148 1623 4195 ad
1639 4161 1830 4195 necesse
1845 4144 2153 4193 subauditur.
2182 4144 2242 4190 G.

1636 4244 1682 4289 7.
1732 4224 2052 4274 Invidiosmn.
2078 4257 2089 4270 .
2114 4258 2124 4270 .
2168 4219 2375 4286 infame,
2422 4234 2584 4287 {uspe-
