3217 4784
852 400 973 469 DE
1024 402 1197 469 ΠΝ.
1254 402 1459 471 BON.
1514 404 1625 470 ET
1675 402 1890 472 MAL.
1947 407 2045 489 11,
2099 408 2202 490 14.

2449 434 2578 481 2¹!

471 539 593 621 pat
630 515 1022 621 iongius¹⁸‚
1061 537 1133 593 et
1174 547 1248 592 se
1286 521 1607 619 implicet
1649 527 1962 620 primum
1996 527 2293 617 civium,
2331 529 2593 604 deinde

469 637 793 705 omnium
837 633 1244 704 mortalium
1281 634 1618 705 societate
1645 640 1742 721 ¹‘93
1776 652 2031 734 atque,
2069 652 2150 708 ut
2191 639 2280 710 ad
2316 642 2590 739 Archy-

467 759 609 815 tam
640 746 922 841 scripsit
952 744 1186 827 Flam,
1232 767 1382 813 non
1422 742 1559 815 sibi
1590 769 1668 814 se
1702 745 1836 816 soli
1871 761 2120 819 natum
2152 752 2591 838 meminerit,

466 855 590 926 sed
636 857 916 952 patriae,
959 852 1085 924 sed
1111 854 1293 932 suis,
1338 867 1421 923 ut
1456 855 1844 951 perexigua
1877 880 2039 951 pars
2068 861 2201 957 ipsi
2230 860 2590 958 relinqua-

468 979 608 1034 tur.
649 970 741 1034 Et
783 965 1125 1062 quoniam
1179 962 1427 1033 eadem
1466 978 1721 1034 natura
1762 965 2230 1063 cupiditatem
2265 971 2590 1068 ingenuit
2627 993 2693 1053 46

467 1074 741 1144 homini
801 1075 951 1144 veri
1022 1073 1541 1159 inveniendiw,
1598 1072 1800 1169 quod
1865 1073 2193 1148 facillime
2249 1099 2589 1179 apparet,

468 1208 699 1279 quum
740 1185 941 1254 vacui
977 1187 1199 1270 curi5‚
1237 1186 1449 1254 etiam
1493 1183 1672 1279 quid
1700 1188 1775 1254 in
1809 1186 1981 1256 caelo
2007 1185 2167 1274 fiat,
2207 1192 2386 1261 scire
2430 1218 2590 1265 ave-

469 1317 674 1362 mus:
715 1293 824 1363 his
860 1295 1077 1364 initiis
1105 1293 1384 1365 inducti
1421 1295 1666 1363 omnia
1701 1319 1867 1365 vera
1909 1294 2310 1393 diligimus,
2345 1301 2419 1371 id
2448 1318 2591 1388 est,

472 1403 739 1484 fidelia,
783 1405 1158 1502 simplicia,
1192 1407 1629 1489 constantia3
1658 1418 1816 1474 tum
1852 1430 2066 1493 vana,
2108 1404 2310 1496 falsa,
2345 1408 2592 1483 fallen·

471 1515 638 1583 tia²¹
682 1513 993 1601 odimus,
1024 1528 1107 1585 ut
1146 1511 1510 1598 fraudem,
1540 1512 1933 1608 perjurium
1954 1567 1973 1599 ‚
2005 1514 2345 1587 malitiam
2363 1532 2453 1607 ²²,
2484 1528 2592 1592 in-

542 1780 563 1810 1
577 1765 624 1810 8.
644 1764 815 1828 Set-pat
839 1762 1046 1826 longius.
1072 1764 1144 1809 Ita
1167 1758 1268 1806 Erl.
1291 1769 1339 1805 et
1362 1757 1491 1821 Spir-

466 1853 519 1889 ut
545 1843 689 1890 Grut.
729 1854 860 1889 recte
891 1856 951 1888 ex
984 1839 1084 1888 Pal.
1120 1854 1141 1885 1
1179 1836 1350 1886 dedit:
1380 1852 1490 1883 nam

469 1920 640 1982 reliqui
659 1922 826 1984 scripti
850 1931 901 1967 et
925 1929 1110 1967 veteres
1134 1918 1299 1964 exenni
1322 1932 1489 1964 omues

468 2010 633 2045 currat
655 2034 669 2058 ,
698 2001 790 2046 nisi
818 1998 954 2062 quod
975 1999 1090 2045 item
1110 1998 1240 2045 Crat.
1264 1995 1316 2043 in
1340 2011 1490 2059 marg.

468 2088 630 2139 serpat
678 2079 839 2125 refert.
902 2080 1175 2139 Perperum.
1228 2077 1363 2138 Saepe
1419 2077 1489 2122 sie

470 2156 643 2203 Cicero
674 2156 822 2202 verbo
848 2171 984 2218 serpo
1019 2157 1203 2213 utitur,
1239 2164 1292 2200 ut
1328 2153 1389 2201 de
1421 2152 1490 2201 le-

470 2234 648 2281 ctionis
683 2234 886 2281 veritate
923 2231 1102 2295 ambigi
1144 2243 1368 2295 nequeat.
1408 2232 1487 2280 Cf.

470 2313 588 2361 Lael.
624 2314 722 2369 23',
772 2314 831 2372 87
874 2312 1111 2375 :caet-pit
1151 2311 1278 2358 enim
1324 2310 1487 2357 nescio

470 2407 571 2455 quo
600 2391 749 2440 modo
784 2408 873 2454 pet·
911 2392 1132 2438 omnium
1174 2391 1294 2437 vitas
1320 2390 1489 2436 amici·

471 2472 534 2517 tia
558 2492 600 2516 a.
617 2471 682 2519 N.
712 2473 774 2518 D.
803 2471 906 2528 111,
930 2485 1022 2527 20,
1055 2470 1113 2516 51
1142 2483 1197 2517 :a
1220 2469 1309 2517 ma
1326 2478 1487 2515 autem

436 2538 451 2563 ‘
575 2566 719 2612 quam
747 2550 891 2612 longe
911 2558 1134 2612 serpant,
1158 2564 1263 2596 uou
1286 2547 1424 2594 vides
1439 2568 1484 2596 n.

470 2630 545 2674 Ex
562 2628 707 2674 altera
735 2629 942 2675 lectione
966 2637 1093 2675 certe
1118 2638 1353 2674 excurrat
1369 2642 1487 2674 con-

464 2706 551 2767 jici
595 2707 852 2755 debuisset.
902 2707 996 2754 Sed
1060 2707 1236 2754 veritas
1280 2705 1487 2769 vulgate

469 2796 601 2849 patet
621 2802 817 2849 quoque
840 2802 901 2833 ex
922 2802 971 2833 v.
992 2784 1199 2849 implicet
1212 2820 1226 2845 ,
1243 2785 1305 2832 ab
1319 2784 1486 2833 eadem

469 2865 785 2912 similitudine
812 2866 983 2928 petito.
1013 2863 1076 2911 G.

548 2959 627 3005 19.
660 2942 945 2990 Mor-talium
991 2941 1204 2988 omnium
1238 2941 1482 2992 societate.

468 3020 750 3070 Abiativum
793 3020 1019 3069 societate
1036 3055 1050 3076 ,
1101 3032 1269 3067 contra
1311 3023 1481 3070 Lami».

470 3101 552 3163 qui
576 3100 797 3149 societati
827 3099 1027 3153 scribit,
1067 3111 1196 3146 recte
1234 3099 1484 3150 vindicant

470 3182 636 3229 Davis.
664 3194 711 3229 et
736 3185 889 3229 Brem.
912 3181 1012 3228 Erl.
1041 3191 1090 3228 et
1117 3181 1246 3243 Spir.
1270 3181 1484 3228 omnium

472 3273 611 3309 mort.
647 3278 746 3308 soc.
784 3263 892 3307 Bas.
928 3258 1159 3306 societate
1207 3259 1485 3307 mortalium

471 3339 701 3387 oninium.
731 3339 953 3402 Vulgatae
981 3354 1129 3385 sonus
1168 3337 1351 3401 probus
1371 3349 1443 3385 est
1466 3354 1479 3387 :

470 3419 555 3467 sed
582 3419 712 3467 unde
752 3418 827 3465 hae
855 3418 1047 3466 turbae?
1082 3417 1319 3481 Equidem
1348 3417 1484 3465 Ciee=

471 3515 663 3559 runem,
687 3498 960 3545 mortalium
984 3496 1215 3544 societate
1237 3497 1446 3543 omnium
1464 3532 1479 3553 ,

470 3579 712 3642 scripsisse
747 3576 942 3638 jud3003
983 3580 1167 3641 quippe
1203 3577 1289 3639 qui
1318 3592 1484 3639 regen·

471 3670 755 3709 tem,casum
785 3658 928 3703 rectis
956 3655 1243 3703 includendi
1276 3672 1413 3715 mos,
1455 3671 1483 3702 ι

469 3737 652 3785 Grecis
669 3737 914 3800 repetitus,
929 3735 1046 3783 aitei
1061 3734 1478 3783 familiarissimus:

468 3816 771 3865 eedaseribis
796 3830 1010 3878 persaepe
1029 3814 1264 3861 turbetur.
1287 3815 1361 3861 Ne
1378 3815 1480 3861 ioca

469 3894 786 3952 cumulemus,
809 3892 920 3940 vide
934 3909 1076 3956 supra
1101 3894 1129 3940 3
1147 3930 1161 3954 ‚
1181 3909 1206 3954 7
1226 3895 1483 3957 :ost-ptem

470 3984 628 4023 eutem
664 3973 762 4032 illi,
788 3988 888 4020 nou
914 3988 1004 4020 suo
1022 4006 1038 4034 ,
1077 3972 1162 4020 sed
1190 3972 1483 4037 populorum

471 4053 705 4116 suffugio
746 4053 991 4109 omnium,
1035 4052 1273 4100 nominati
1307 4061 1421 4100 suut
1438 4073 1484 4099 n.

473 4132 631 4179 laeua
649 4131 860 4181 Platonis
872 4167 885 4192 ,
910 4132 1051 4191 cuju·
1067 4132 1300 4180 sententia
1320 4118 1486 4196 magis»,

1579 1773 1724 1820 quam
1774 1759 1916 1808 verba
1938 1796 1952 1820 ‚
2005 1762 2079 1810 bis
2117 1780 2343 1827 expressa
2391 1780 2462 1817 est
2481 1806 2495 1830 ‚
2541 1772 2594 1820 in

1578 1837 1733 1900 Epist.
1769 1856 1800 1902 9
1841 1841 2037 1903 legitur.
2083 1844 2228 1892 Conf.
2267 1846 2501 1912 Heusing.
2529 1852 2592 1898 ad

1576 1917 1675 1963 Off.
1695 1920 1717 1965 1
1736 1951 1750 1975 ‚
1783 1935 1807 1978 7
1831 1951 1845 1976 ‚
1885 1920 1936 1968 5.
1967 1920 2031 1968 G.

1649 2012 1731 2044 20.
1758 1998 2060 2048 Inveniendi.
2085 2003 2217 2050 Goer.
2244 2003 2466 2055 videndi.
2487 2009 2592 2070 Sic,

1566 2074 1734 2151 ¹inquit
1752 2111 1767 2134 ‚
1796 2077 1921 2141 Spir.
1954 2089 2001 2125 et
2029 2080 2129 2128 Erl.
2164 2082 2411 2144 praebent3
2443 2099 2593 2149 prout

1573 2170 1601 2201 ι
1627 2158 1776 2205 Grut.
1829 2174 1892 2205 ex
1929 2157 2028 2207 Pal.
2083 2175 2104 2208 1
2128 2193 2143 2218 ‚
2199 2171 2439 2226 tamquam
2487 2183 2594 2215 nou

1573 2233 1793 2297 ineptum
1822 2246 2031 2285 notatur.
2054 2241 2209 2285 Immo
2239 2239 2337 2288 hoc
2364 2259 2457 2306 pro
2485 2247 2593 2295 vul-

1573 2321 1681 2375 gata
1727 2312 2006 2362 inveniendi
2053 2318 2196 2364 unice
2254 2323 2592 2383 reponendum

1574 2401 1675 2437 erat
1691 2425 1706 2450 ‚
1728 2402 1783 2439 ut
1803 2393 2024 2440 fecimus:
2050 2396 2112 2441 cf.
2133 2398 2281 2446 Tusc.
2299 2402 2353 2459 1,
2375 2417 2433 2464 ¹9
2449 2439 2463 2463 ‚
2492 2414 2589 2461 44:

1573 2490 1598 2509 α
1617 2469 1741 2516 inest
1755 2472 1804 2516 in
1821 2471 1920 2532 (sic
1938 2472 2095 2520 scribe
2114 2476 2132 2537 )
2153 2477 2405 2527 mentibus·
2415 2486 2592 2532 nostris

1573 2547 1856 2596 insatiabilis
1878 2551 2100 2615 quaednm
2129 2556 2370 2618 cupiditas
2393 2562 2493 2607 veri
2520 2564 2593 2609 vi·

1574 2626 1724 2674 dendi
1741 2650 1787 2677 n.
1803 2630 1909 2677 Bao.
1929 2631 2179 2683 veniendi.
2198 2637 2271 2683 Ex
2298 2641 2593 2702 compendio

1572 2706 1677 2756 scil.
1699 2709 1857 2771 primo
1873 2709 2109 2758 veniendi
2124 2725 2374 2777 peccatum
2389 2717 2592 2777 ,deinde

1571 2785 1622 2832 in
1646 2786 1866 2835 additum
1892 2800 1983 2837 est.

1645 2882 1728 2913 21.
1779 2867 1935 2915 Inieiis
1987 2869 2174 2919 inducti
2230 2906 2242 2918 .
2258 2906 2296 2920 ..
2333 2873 2589 2937 sitIIentia.

1568 2944 1723 2992 Initia
1765 2947 2011 3009 pertinent
2037 2947 2098 2995 ad
2126 2950 2387 3009 rationem,
2416 2963 2462 2998 et
2489 2955 2594 3002 veri

1569 3024 1770 3071 videndi
1813 3025 2128 3088 cupiditatem
2152 3061 2166 3085 ‚
2205 3043 2406 3089 quarum
2436 3028 2590 3079 ductu

1569 3103 1778 3168 profecti
1794 3136 1808 3160 ,
1827 3103 1889 3149 nd
1911 3104 2102 3150 virtutis
2117 3102 2404 3169 honestique
2425 3110 2592 3171 cogni-

1570 3181 1754 3228 tionem
1781 3180 2092 3243 perveuimus
2118 3195 2131 3228 τ
2156 3182 2274 3228 rii-bil
2307 3194 2378 3230 est
2405 3185 2554 3247 igitur
2571 3222 2589 3243 ,

1570 3274 1661 3306 eur
1695 3258 1860 3306 Lamb.
1904 3258 2093 3306 inducti
2133 3261 2182 3307 iu
2212 3260 2413 3326 imbuti,
2450 3266 2590 3328 quod

1569 3335 1695 3384 adeo
1729 3336 1939 3384 deterius
1982 3337 2138 3395 foret,
2177 3350 2413 3388 mutatum
2450 3345 2584 3392 velit.

1569 3415 1756 3462 Eodem
1780 3415 1930 3462 modo
1957 3439 1982 3457 κ
2020 3416 2094 3464 his
2121 3422 2410 3481 argumentis
2437 3422 2588 3471 indu-

1571 3504 1715 3541 ctus»
1744 3494 1938 3553 dieitur,
1966 3507 2058 3544 ete.
2087 3497 2258 3560 Neque
2283 3500 2457 3548 rectius
2482 3515 2552 3550 est
2573 3539 2589 3563 ,

1570 3573 1707 3636 quod
1732 3574 1858 3621 idem
1873 3574 2099 3639 fallacia
2142 3580 2351 3625 correxit
2375 3593 2388 3626 ι
2415 3596 2587 3643 quam-

1569 3669 1713 3718 quam
1744 3653 1874 3699 euim
1919 3653 1995 3700 hae
2038 3669 2184 3700 voces
2220 3659 2478 3718 permutari
2501 3677 2587 3709 ω-

1569 3733 1700 3788 lent;
1736 3729 1833 3777 hoc
1858 3742 2015 3779 tamen
2039 3730 2154 3779 loco
2168 3731 2438 3798 salientia,
2479 3740 2513 3787 i.
2543 3757 2586 3786 e.

1569 3834 1594 3854 ιι
1616 3812 1680 3858 ita
1704 3822 1979 3875 compat-ata
1997 3844 2011 3869 ‚
2045 3823 2104 3861 ut
2139 3813 2308 3862 fallant
2334 3835 2356 3857 ι
2373 3848 2386 3871 ,
2417 3819 2587 3866 meiius

1571 3902 1645 3939 est
1667 3925 1684 3950 ,
1746 3892 2033 3955 scriptisque
2092 3892 2370 3943 defenditur
2428 3901 2588 3947 omni-

1571 3971 1680 4019 bus.
1712 3973 1776 4020 G.

1648 4066 1731 4099 22.
1764 4048 2030 4099 Malitiam.
2062 4050 2374 4101 Desidet-ntur
2399 4055 2450 4101 iu
2486 4056 2590 4105 Erl.

1578 4129 1815 4180 malitiam
1859 4147 1877 4178 .·
1913 4130 1995 4179 sed
2023 4131 2117 4179 boc
2145 4132 2297 4190 ejecto
2321 4132 2594 4200 κακιφωνὶα

2251 4220 2350 4303 14.
