3217 4784
508 1298 568 1333 11

628 474 758 548 150
981 534 1003 559 .
1300 479 1397 546 Μ.
1448 479 1525 546 Τ.
1579 478 2060 550 CICERONIS

615 601 1007 699 perspicio,
1057 595 1256 694 quod
1309 601 1411 670 ais
1427 595 1513 685 ³⁰,
1560 623 1789 695 quum
1846 598 2100 672 dolore
2144 624 2545 688 careamuS,
2585 615 2740 672 tum

613 715 690 782 in
718 733 1000 783 summa
1025 707 1395 806 voluptate
1431 734 1585 780 nos·
1602 734 1756 782 esse
1788 736 1805 780 τ
1846 735 2074 807 quum
2102 727 2341 781 autem
2371 734 2744 781 vescamur

613 819 699 890 iis
726 818 944 891 rebus
962 872 982 906 ,
1022 841 1184 914 quae
1214 816 1503 890 dulcem
1531 833 1818 901 motum
1845 818 2151 891 afferant
2180 820 2508 892 sensibus
2527 875 2546 903 ‚
2584 834 2740 891 tum

613 952 766 1001 esse
804 930 882 998 in
910 942 1115 999 motu
1144 927 1623 1026 voluptatem,
1669 930 1797 1025 qui
1833 928 2042 1001 faciat
2061 927 2121 974 3¹
2159 931 2573 1001 varietatem
2612 954 2739 999 vo-

610 1039 1000 1136 luptatum3
1041 1036 1165 1121 sed
1203 1063 1353 1110 non
1382 1042 1628 1135 augeri
1658 1039 1853 1109 illam
1894 1064 2038 1111 non
2072 1039 2370 1111 dolendi
2407 1040 2739 1136 volupta-

610 1163 778 1220 tem.
820 1152 1055 1241 Quam
1091 1173 1223 1219 cur
1251 1148 1697 1247 voluptatem
1733 1149 2079 1248 appelles,
2118 1152 2362 1222 neseio
2382 1147 2469 1219 ³².

703 1263 823 1330 tv.
862 1263 971 1331 An
1001 1273 1274 1357 potest,
1304 1260 1542 1356 inquit
1572 1258 1693 1330 ille
1713 1270 1765 1345 ¹,
1803 1260 2201 1357 quidquam
2231 1284 2383 1331 esse
2416 1261 2741 1345 suavius,

610 1393 827 1466 quam
881 1369 1061 1440 nihil
1110 1369 1408 1441 dolere?
1443 1373 1677 1440 Immo
1721 1372 1811 1441 sit
1850 1393 2019 1441 sane
2058 1369 2240 1439 nihil
2294 1369 2584 1456 melius,
2628 1371 2739 1439 in-

607 1503 828 1576 quam
874 1477 1254 1576 (nondum
1302 1479 1494 1550 enim
1544 1479 1619 1550 id
1669 1478 2031 1576 quaero²)‚
2081 1502 2259 1549 num
2309 1472 2739 1576 propterea3

605 1708 754 1757 esset,
782 1695 1027 1745 indicente
1044 1698 1219 1756 suasit,
1239 1698 1351 1761 quia
1378 1712 1491 1745 sane
1516 1697 1631 1744 reli·

608 1790 732 1840 quos
761 1775 957 1824 codices
980 1776 1253 1840 negativam
1281 1786 1509 1841 prestare
1542 1792 1629 1823 ne·

607 1854 806 1904 sciebat.
848 1854 978 1902 Vide
1019 1869 1132 1902 eum
1170 1853 1234 1901 sd
1269 1855 1370 1902 Tit.
1410 1853 1631 1913 Livium,

607 1935 784 1994 xxn,
799 1934 1204 2000 39‚2.—0mnes
1226 1933 1385 1979 nostri
1407 1948 1510 1979 non
1533 1948 1634 1979 ser-

608 2023 742 2061 vant.
759 2011 1030 2063 G.-Gud.
1054 2027 1083 2058 2
1098 2044 1115 2070 ‚
1139 2021 1189 2058 et
1204 2011 1312 2057 Bas.
1332 2020 1381 2057 ee
1398 2019 1511 2057 ante
1533 2024 1632 2056 non

610 2091 883 2150 collocant,
911 2091 998 2138 aed
1022 2104 1178 2155 pravo
1201 2088 1383 2153 positu.
1411 2087 1635 2136 Ostendit

610 2170 741 2217 enim
783 2168 966 2217 scribas
1008 2180 1056 2216 te
1095 2167 1455 2232 postpositum,
1497 2166 1635 2232 quod

612 2263 724 2295 cum
744 2247 793 2295 vi
813 2246 1077 2294 clausulam
1095 2256 1335 2311 occupat3
1356 2246 1472 2294 licet
1487 2246 1633 2306 etiam

612 2336 783 2375 auctor
822 2342 959 2390 pares
999 2326 1209 2392 syllabas
1240 2326 1446 2390 jungere
1485 2337 1632 2375 amet.

613 2409 718 2455 Att.
740 2405 803 2466 V,
826 2422 906 2472 ep.
933 2422 1025 2471 19,
1052 2405 1222 2454 libente
1240 2416 1313 2463 te,
1341 2417 1434 2455 etc.
1462 2406 1526 2454 G.

684 2486 768 2534 30.
799 2486 946 2550 Quod
963 2486 1056 2536 aae’s.
1083 2488 1249 2535 Davis.
1279 2485 1418 2550 quod
1441 2485 1602 2534 deleto
1618 2521 1634 2545 ,

614 2566 979 2616 distinctionem
1015 2568 1271 2615 maximam
1304 2566 1425 2631 poni
1456 2565 1632 2627 jubet:

612 2646 702 2694 sed
736 2646 874 2710 qnod
901 2659 1000 2706 est,
1036 2645 1218 2710 «quod
1249 2646 1422 2694 attinet
1454 2644 1518 2692 ad
1551 2644 1633 2700 id,

613 2724 750 2788 quod
768 2747 822 2784 ιι,
836 2735 902 2774 'et
925 2736 1097 2774 suctor
1120 2725 1217 2772 levi
1241 2723 1536 2772 anacolutho
1562 2723 1635 2770 sic

612 2803 833 2868 scripsit,
860 2814 919 2852 nt
946 2804 1085 2852 notio
1111 2801 1338 2868 primaria
1376 2816 1635 2866 praepoue-

614 2893 764 2943 retur‚
781 2897 874 2947 pro
896 2903 919 2926 ι
936 2899 1081 2947 quam
1098 2883 1169 2929 ais
1185 2881 1459 2930 varietatem
1471 2915 1486 2940 ‚
1505 2896 1607 2928 eam
1619 2915 1634 2938 ‚

612 2976 723 3026 qun
748 2963 840 3019 sit,
866 2978 969 3011 non
992 2962 1107 3011 satis
1124 2961 1369 3027 perspicio
1388 2981 1433 3009 ιι.
1458 2961 1524 3009 G.

686 3041 770 3091 31.
817 3039 1105 3107 Qtet'faciat.
1134 3041 1214 3089 Sic
1231 3039 1442 3102 coniecit
1466 3038 1633 3087 Davis-

613 3136 765 3185 qunm
801 3131 915 3169 ante
950 3137 1063 3186 qua
1102 3119 1360 3184 legeretur,
1395 3119 1635 3182 taciteque

612 3215 722 3247 eum
757 3209 990 3264 sequutus
1021 3210 1094 3247 est
1121 3200 1237 3247 Bru.
1264 3199 1432 3247 Recte.
1461 3199 1635 3261 Neque

613 3278 753 3327 aliter
768 3276 873 3324 bini
891 3275 966 3325 illi
982 3279 1162 3335 nostri;
1180 3278 1337 3339 sic‚ut
1348 3275 1446 3325 hoc
1462 3276 1516 3323 iu
1530 3276 1633 3324 Pal.

620 3373 666 3416 x,
687 3356 888 3421 quicum
905 3354 1191 3419 plerumque
1208 3356 1262 3404 hi
1284 3355 1398 3404 libri
1424 3370 1633 3404 consen·

615 3435 744 3484 tiunt
756 3468 773 3494 ‚
800 3434 996 3483 Gruter.
1013 3434 1281 3499 neglexisse
1300 3434 1541 3483 videatur.
1560 3436 1628 3484 G.

684 3513 769 3561 32.
802 3515 963 3577 Quam
978 3529 1068 3560 eur
1082 3514 1379 3577 voluptatem
1397 3513 1632 3578 appelles,

611 3590 790 3639 nescio.
832 3591 985 3638 Recte
1019 3591 1235 3640 coercuit
1277 3592 1437 3639 Brenni
1480 3591 1634 3639 Erne-

611 3670 757 3717 stium
773 3704 786 3728 ,
810 3669 900 3733 qui
916 3669 1022 3718 hec
1044 3670 1241 3718 alterins
1259 3670 1634 3734 interloquentis

611 3764 715 3796 esse
740 3758 912 3812 putet:
938 3749 1154 3813 sedipse
1179 3764 1283 3796 non
1311 3758 1534 3796 accurate
1559 3749 1634 3794 vi-

612 3827 714 3886 dit,
740 3843 851 3891 que
877 3827 1010 3877 huuc
1041 3828 1312 3884 moverint,
1343 3838 1398 3876 ut
1427 3827 1498 3874 sic
1532 3835 1632 3874 sta·

611 3917 785 3956 tueret.
835 3905 954 3954 Non
992 3908 1122 3954 enim
1158 3906 1241 3954 ille
1272 3905 1631 3970 assequebatur,

609 4002 703 4051 qua
732 3986 919 4034 ratione
954 4001 1105 4049 quam
1139 3997 1367 4035 contexte
1387 3987 1630 4050 jungeret.

608 4066 898 4115 Dubitamus
932 4065 1105 4124 etiam,
1137 4081 1199 4112 an
1236 4065 1289 4113 id
1323 4066 1483 4114 Bremi
1513 4064 1631 4112 satis

605 4148 710 4210 ipse
744 4145 1071 4211 perspexerit:
1104 4147 1187 4191 vix
1214 4145 1344 4192 enim
1381 4155 1484 4192 tum
1516 4155 1630 4193 ante

606 4243 755 4291 quam
782 4225 967 4292 virgula
991 4225 1302 4275 distinxisset.
1330 4227 1480 4275 Recte
1505 4229 1623 4275 Ern-

1717 1707 1957 1761 punctum
1981 1695 2144 1744 minus
2169 1706 2430 1761 posuerat:
2453 1711 2566 1744 nam
2591 1712 2741 1761 quam

1715 1791 1810 1841 pro
1841 1774 1930 1824 sed
1958 1792 2068 1823 eam
2104 1774 2284 1823 dicitur
2311 1775 2551 1840 frequenti
2582 1791 2742 1823 exem·

1717 1856 1822 1921 plo.
1848 1856 1924 1905 cf.
1946 1858 2062 1906 Nat.
2084 1858 2234 1904 Deor.
2257 1859 2280 1904 1
2300 1889 2316 1915 ,
2343 1857 2407 1904 23
2429 1890 2444 1916 ,
2465 1856 2567 1904 65:
2592 1878 2617 1898 α
2636 1850 2740 1903 AB·

1718 1936 1869 1982 uteris
1914 1935 1977 1983 ad
2031 1935 2193 1982 omnia
2235 1945 2510 1983 atomorum
2555 1949 2706 1998 regno
2727 1948 2740 1980 :

1717 2010 1863 2072 hinc,
1884 2012 2228 2077 quodcumque
2250 2014 2300 2060 in
2321 2013 2481 2060 solum
2502 2013 2633 2061 venit
2648 2046 2663 2070 ,
2686 2023 2741 2060 ut

1721 2089 1926 2149 dicitur,
1962 2090 2178 2156 effingis,
2213 2103 2361 2157 atque
2400 2090 2571 2141 efficis.
2615 2093 2741 2154 Quae

1718 2169 1930 2233 primum
1973 2171 2138 2220 multo
2181 2182 2319 2230 sunt,
2361 2185 2455 2222 etc.
2484 2195 2510 2216 ιι
2554 2172 2739 2220 Eodem

1718 2247 1869 2297 modo
1892 2248 2088 2300 Cluent.
2123 2267 2184 2298 η
2203 2284 2217 2308 ,
2246 2252 2314 2300 35
2336 2267 2349 2298 ε
2375 2273 2401 2293 ιι
2420 2264 2532 2315 qus!
2559 2251 2742 2316 nuptia

1719 2343 1822 2375 non
1840 2328 2084 2378 diuturnae
2105 2330 2301 2378 suerunt
2310 2352 2351 2379 ιι.
2369 2330 2639 2389 Δοιᾶᾶλῐ,
2657 2331 2742 2390 35,

1727 2422 1747 2453 1
1761 2422 1781 2454 ι
1793 2407 1821 2453 3
1839 2422 1854 2456 :
1874 2430 1899 2450 α
1913 2423 1941 2455 a
1960 2424 2060 2472 qno
2082 2409 2289 2471 primum
2302 2420 2489 2471 quaro,
2503 2417 2633 2457 etc.»
2647 2409 2713 2456 G.

1790 2488 1879 2535 lv.
1922 2503 1968 2535 1.
2009 2487 2176 2550 Inquit
2201 2486 2299 2535 ille.
2329 2488 2467 2534 Goer.
2496 2484 2578 2535 ille
2599 2487 2742 2534 uncis

1719 2563 1947 2613 includit.
2002 2567 2162 2612 Pravo
2183 2597 2199 2620 ‚
2241 2564 2402 2627 inquit
2420 2597 2436 2622 ,
2476 2564 2529 2610 in
2576 2566 2741 2628 positu

1720 2643 1874 2691 nostri
1900 2658 2069 2690 omnes
2090 2658 2203 2690 cum
2221 2652 2338 2691 vett.
2366 2643 2610 2707 impressis
2630 2644 2741 2709 ple-

1720 2723 1881 2785 risque
1903 2723 2183 2786 conspirant
2197 2754 2214 2782 ,
2233 2720 2313 2769 ille
2329 2719 2511 2785 inquit,
2536 2723 2745 2771 referen-

1721 2812 1808 2849 tes.
1841 2802 1967 2851 Nam
1982 2835 1996 2860 ,
2028 2802 2122 2849 nisi
2147 2800 2341 2866 penitus
2367 2801 2597 2863 fallimur,
2621 2818 2741 2851 uus·

1721 2896 1863 2944 quam
1891 2891 2065 2928 auctor
2086 2896 2357 2946 pronomen
2382 2882 2604 2945 proxime
2629 2895 2743 2933 ante

1720 2959 1910 3023 inquit,
1946 2959 2032 3008 sed
2055 2975 2181 3018 uno,
2222 2959 2302 3007 vel
2329 2958 2552 3024 pluribus
2582 2962 2743 3010 verbis

1719 3039 1999 3100 interjectis.
2037 3038 2130 3086 Cui
2164 3038 2235 3086 rei
2264 3037 2389 3086 adeo
2420 3037 2739 3099 confidimus,

1721 3128 1804 3179 ut,
1824 3119 1864 3166 si
1881 3135 1983 3183 quo
2000 3118 2115 3166 loco
2132 3118 2197 3166 ita
2221 3117 2423 3182 legatur,
2444 3134 2556 3165 eum
2576 3118 2742 3166 locum

1721 3208 2007 3265 corruptum
2030 3197 2324 3259 judicemus.
2364 3197 2592 3261 Spurium
2627 3198 2742 3245 inde

1718 3277 1802 3327 ille
1816 3276 2012 3325 videtur
2028 3287 2077 3325 et
2093 3275 2421 3337 abjiciendum
2441 3288 2455 3321 τ
2477 3274 2628 3341 idque
2649 3293 2742 3325 ma-

1719 3358 1825 3421 gis,
1848 3372 1998 3420 quum
2038 3356 2251 3419 ubique,
2286 3366 2337 3403 et
2375 3354 2519 3402 toties
2554 3354 2652 3404 hoc
2687 3358 2740 3404 in

1718 3435 1848 3484 libro
1858 3470 1873 3493 ‚
1891 3434 2053 3499 t‘nqm'e
2066 3434 2289 3483 absolute
2307 3444 2537 3497 ponatur.

1794 3528 1842 3561 s.
1863 3512 2129 3561 Nondum.
2151 3546 2163 3559 .
2186 3526 2396 3576 quaro.
2414 3511 2491 3558 Ibi
2508 3512 2741 3571 Goerenz,

1720 3592 1836 3658 alias
1860 3603 1956 3639 tam
1979 3592 2205 3655 frequens
2225 3591 2278 3638 in
2299 3589 2535 3639 addendis
2560 3608 2741 3656 paren·

1720 3670 1913 3719 theseos
1935 3670 2114 3734 siguis,
2142 3670 2479 3734 parentheseos
2503 3670 2638 3734 signa
2664 3687 2743 3717 su-

1718 3751 1858 3799 stulit
1890 3750 1942 3799 h.
1962 3749 1997 3799 l.
2022 3765 2126 3797 non
2141 3751 2473 3814 inopportuna
2493 3764 2507 3798 :
2533 3764 2669 3811 quat,
2688 3761 2744 3797 ut

1719 3829 1865 3877 nobis
1891 3829 2101 3886 videtur,
2125 3828 2296 3876 melius
2323 3838 2398 3876 tot
2421 3829 2475 3876 iu
2494 3828 2616 3877 locis
2640 3845 2742 3877 non

1717 3907 1999 3957 addidisset.

1792 3988 1839 4037 3.
1884 3991 2160 4049 Propterea.
2199 3987 2379 4034 Praeter
2409 3984 2511 4032 Eri.
2541 3996 2588 4032 et
2615 3987 2741 4050 Spir.

1718 4083 1886 4115 omnes
1909 4067 2004 4113 mei
2025 4101 2040 4126 ‚
2065 4064 2244 4127 aliique
2264 4064 2472 4113 aliorum
2490 4100 2505 4125 ‚
2532 4065 2607 4112 vei
2621 4083 2744 4129 pm-
2791 4076 2798 4081 ·

1707 4145 1845 4207 μνία,
1865 4158 1922 4194 nt
1942 4143 2072 4193 Gnd.
2097 4160 2125 4191 a
2148 4155 2198 4192 et
2220 4144 2328 4191 Bas.
2359 4143 2434 4192 vel
2455 4160 2609 4209 prope
2629 4163 2743 4209 pec-

1716 4236 1846 4285 cant,
1861 4222 1998 4288 quod
2011 4223 2155 4272 etiam
2167 4224 2220 4271 in
2232 4222 2345 4273 edd.
2362 4234 2480 4274 vett.
2499 4224 2744 4288 plerisque

3197 386 3207 487 nh„
