3217 4784
805 491 927 558 DE
974 488 1145 558 FlN.
1200 488 1401 555 BoN.
1454 487 1570 554 ΕΤ
1622 487 1836 556 MAI..
1870 486 2009 568 111,
2047 484 2110 551 8.

2373 479 2500 551 361

400 613 561 684 dem
623 612 757 681 nisi
812 610 1131 681 honestae
1178 607 1337 675 vitae
1367 616 1426 661 ¹⁷
1498 606 1664 700 jure
1721 608 2161 701 contingere.
2239 607 2346 673 Ita
2394 600 2516 687 fit,

399 738 482 793 ut
529 722 832 792 honesta
874 721 1052 804 vita,
1102 715 1312 787 beata
1365 716 1513 786 vita
1567 719 1681 786 sit.
1732 721 1821 786 Et
1872 718 2214 812 quoniam
2251 715 2351 799 is»,
2398 717 2516 784 cui

401 832 795 927 contingit,
830 845 910 900 ut
961 829 1123 922 jure
1172 823 1529 913 laudetur,
1576 824 1797 897 habet
1840 827 2118 922 insigne
2170 821 2512 920 quiddam

399 941 489 1013 ad
538 941 758 1011 decus
806 953 878 1008 et
918 937 1011 1008 ad
1053 934 1390 1033 gloriam,
1432 950 1519 1007 ut
1561 934 1662 1007 ob
1705 960 1822 1023 ea,
1867 961 2030 1032 quae
2087 948 2283 1005 tanta
2333 933 2514 1020 sint,

399 1051 654 1123 beatus
688 1048 828 1119 dici
858 1047 1020 1141 jure
1065 1045 1331 1144 possit:
1375 1042 1569 1116 idem
1615 1044 1705 1116 de
1736 1045 1882 1114 vita
1920 1044 2074 1114 talis
2113 1044 2245 1113 viri
2275 1043 2519 1112 rectis-

398 1164 575 1231 sime
608 1150 973 1229 dicitur¹⁸.
1022 1161 1128 1227 Ita
1151 1209 1172 1241 ,
1213 1158 1272 1225 si
1314 1152 1526 1226 beata
1560 1156 1708 1224 vita
1743 1152 2117 1223 honestate
2155 1151 2517 1235 cernitur-3

399 1266 603 1365 quod
642 1267 1029 1338 honestum
1068 1279 1213 1354 est,
1248 1264 1324 1335 id
1355 1263 1633 1336 bonum
1674 1263 1906 1335 solum
1945 1259 2360 1332 habendum
2390 1273 2517 1331 est.

399 1378 616 1469 Quod
681 1402 853 1448 vero
916 1376 1161 1474 negari
1232 1375 1436 1446 nullo
1496 1372 1719 1445 modo
1788 1372 2051 1470 possit,
2088 1393 2308 1466 quem
2362 1393 2519 1439 um·
2562 1383 2626 1432 ²9

398 1497 710 1585 quam¹9
760 1486 1038 1574 stabili,
1077 1501 1149 1558 et
1203 1483 1417 1556 firmo
1444 1537 1464 1572 ,

397 1689 616 1738 eamdem
658 1705 769 1737 cnm
812 1688 913 1737 Pal.
962 1705 1012 1744 1,
1055 1686 1184 1751 Spir.
1220 1696 1270 1733 et
1315 1685 1414 1732 Erl.

398 1770 638 1833 ignorent.
667 1769 764 1816 Sed
788 1784 887 1815 rem
913 1783 1015 1815 non
1039 1764 1249 1813 confecit
1272 1777 1287 1814 τ
1316 1764 1415 1812 Ds-

399 1848 492 1895 vis.
515 1848 642 1895 enim
678 1848 885 1894 maxime
906 1845 957 1892 in
975 1844 1142 1908 positu
1166 1842 1415 1907 particule

401 1926 706 1985 offendebat,
733 1941 884 1989 quum
905 1922 1247 1984 intellexisset,
1277 1922 1414 1971 Cice-

402 2018 571 2050 ronem
596 2005 696 2051 fere
715 2037 730 2062 ,
752 2023 775 2045 ιι
795 2002 930 2067 qnod
961 2000 1155 2065 quidem
1182 2016 1283 2048 non
1302 2016 1416 2064 pos-

402 2082 466 2129 ,it
489 2103 512 2123 -
530 2116 545 2141 ,
581 2081 965 2130 ‚offerendae
990 2082 1168 2144 igitur,
1194 2068 1414 2144 queam,

400 2162 442 2207 si
489 2176 614 2208 sane
655 2160 784 2208 vslet
800 2193 816 2218 ,
868 2159 1105 2207 enuntiati
1154 2159 1415 2207 clausulam

400 2255 583 2298 amare,
607 2251 753 2303 atque
777 2250 879 2287 tum
908 2239 1008 2286 fere
1033 2238 1415 2297 irritarisolere3

401 2320 467 2367 cf.
490 2318 674 2366 Acsdd.
704 2319 753 2380 1,
786 2333 844 2367 11
866 2354 879 2378 ‚
907 2325 974 2374 4ο
994 2352 1009 2373 ,
1044 2338 1072 2360 ιι
1098 2328 1147 2365 et
1172 2328 1418 2365 teneamus

400 2397 499 2446 hoc
521 2398 720 2447 verbum
745 2397 942 2462 quidem
958 2417 1004 2445 υ.
1034 2398 1233 2461 Semper
1258 2407 1418 2445 tsmen

404 2477 477 2524 vel
514 2478 584 2526 sio
628 2478 702 2526 vis
726 2476 922 2542 propris
951 2476 1096 2523 simul
1139 2475 1185 2522 ei
1216 2476 1379 2523 subest
1398 2510 1413 2533 ‚

399 2556 548 2620 idque
573 2561 626 2605 in
647 2569 795 2622 psrtt.
837 2556 1066 2605 omnibus
1112 2555 1373 2603 tenendum
1398 2572 1413 2617 ;

400 2637 503 2685 vid.
542 2638 652 2686 Ant.
678 2638 750 2683 VI
771 2672 786 2696 ,
821 2653 901 2702 ep.
925 2652 953 2683 α
972 2669 987 2693 ,
1029 2657 1056 2676 α
1095 2635 1182 2684 sed
1207 2644 1282 2682 est
1319 2650 1420 2682 ms-

402 2731 550 2780 guum
594 2716 719 2764 illud
762 2715 957 2779 quidem
983 2749 998 2776 ,
1047 2730 1216 2761 verum
1261 2724 1420 2762 tamen

403 2794 659 2859 multiplex
673 2795 812 2859 pueri
833 2794 1079 2857 ingenium
1095 2816 1138 2841 n.
1161 2795 1223 2843 G.

480 2889 561 2935 17.
600 2871 708 2920 Nisi
741 2871 955 2919 hones'toe
980 2871 1116 2921 vieoe.
1149 2871 1328 2935 Scripti
1370 2884 1418 2919 et

402 2953 514 3001 edd.
525 2962 640 3000 vett.
654 2950 818 3015 plnres
834 2950 1097 2998 inhoneseoe
1108 2968 1170 2999 ex
1180 2967 1344 3017 comp.
1365 2938 1419 3001 n‘e

402 3043 624 3097 peccant.
667 3030 861 3091 Abiecit
899 3029 1030 3077 idem
1069 3032 1226 3078 Brem.
1268 3031 1419 3093 vitm,

404 3110 524 3159 nihil
540 3125 758 3158 monens.
773 3109 941 3155 Nostri
951 3119 1003 3156 et
1015 3123 1183 3156 omnes
1199 3113 1418 3159 omnium

406 3204 573 3236 vocem
586 3190 694 3248 jure
711 3188 934 3236 retinent.
961 3191 1020 3235 In
1043 3186 1421 3237 demonstrando

403 3266 534 3314 enim
582 3267 775 3331 reponit
816 3277 989 3314 auctor
1036 3265 1226 3315 easdem
1276 3283 1421 3315 voces

401 3346 799 3410 frequentissime.
822 3345 917 3393 Sed
935 3346 1102 3409 paucis
1119 3357 1229 3394 ante
1243 3346 1423 3395 omittit

403 3424 537 3473 Gud.
567 3441 596 3472 2
617 3460 632 3485 ,
674 3425 836 3473 vitam
858 3457 873 3482 ,
900 3425 1035 3488 quod
1061 3426 1155 3474 isto
1189 3435 1420 3474 contextu

401 3503 567 3552 abesse
584 3505 762 3553 rectius
787 3503 947 3552 licent.
970 3506 1033 3553 G.

480 3586 562 3633 18.
583 3583 720 3631 Idem
770 3617 783 3631 .
805 3619 818 3632 .
841 3617 853 3631 .
902 3581 1096 3631 dicitur.
1119 3585 1253 3632 Goer.
1274 3584 1420 3634 scrib.

403 3662 619 3723 dicetur,
665 3672 898 3725 notatque
932 3676 946 3710 τ
983 3662 1145 3722 Idem,
1187 3660 1245 3709 id
1264 3662 1422 3726 ipsum

401 3740 530 3789 valet
545 3758 559 3799 3
573 3742 802 3789 cf.Brem.
819 3740 878 3787 de
893 3743 1039 3801 Fato,
1055 3756 1106 3804 p.
1128 3740 1209 3788 15.
1228 3741 1426 3790 Dt'ceem

404 3830 561 3867 sutem
587 3836 680 3885 pro
704 3820 895 3883 vulgato
924 3818 1101 3867 dieitur
1123 3821 1421 3869 correximus

407 3898 533 3959 Spir.
556 3909 604 3947 et
625 3899 729 3947 Erl.
750 3899 1051 3959 jubentibus.
1098 3898 1255 3946 Nimis
1292 3899 1419 3947 enim

409 3992 536 4038 saepe
584 3978 684 4036 ism
737 3990 849 4026 ante
902 3979 1118 4026 futurum
1172 3979 1423 4026 sollicitari

410 4055 643 4113 vidimus3
678 4057 826 4122 idque
861 4059 1067 4107 rnsxime
1102 4060 1153 4106 in
1192 4075 1421 4106 consecu-

412 4134 545 4181 tione
564 4168 579 4191 ,
619 4147 763 4201 atque
802 4138 1117 4187 conclusione
1133 4173 1148 4196 ‚
1195 4138 1278 4186 ubi
1320 4141 1422 4188 Cic.

411 4212 505 4269 1¹0⁰
525 4222 715 4278 tmpus
726 4232 825 4279 pre
838 4219 1010 4267 ceteris
1021 4230 1165 4267 amat.
1185 4220 1264 4268 Cf.
1280 4220 1424 4267 Tusc.

1520 1498 1595 1554 et
1643 1506 1906 1579 magno
1958 1481 2245 1568 animo,
2301 1501 2520 1575 quem

1501 1685 1575 1731 111
1592 1719 1608 1744 ,
1639 1700 1665 1745 7
1680 1716 1695 1741 ,
1719 1681 1809 1733 fin.
1826 1704 1853 1725 σι
1868 1692 1918 1730 st
1944 1680 2184 1746 egritudo
2213 1677 2519 1744 perturbatio

1500 1772 1574 1809 est
1622 1762 1769 1808 animi
1794 1775 1807 1810 :
1846 1776 2035 1825 semper
2062 1760 2208 1823 igitur
2236 1775 2291 1806 es
2326 1756 2520 1821 sapiens

1501 1840 1694 1889 vacabit
1709 1861 1750 1889 a.
1800 1839 1927 1889 lbid.
1973 1841 2030 1898 8,
2060 1841 2120 1886 18
2137 1873 2151 1898 ,
2179 1860 2205 1881 α
2230 1848 2280 1885 et
2305 1845 2418 1884 sunt
2440 1835 2524 1882 ills

1502 1927 1760 1992 sapientis:
1782 1926 1937 1975 oberit
1953 1925 2100 1989 igitur
2118 1942 2146 1973 s
2162 1925 2377 1988 sapiente
2389 1922 2528 1986 egri·

1505 2007 1629 2055 tudo
1667 2027 1715 2055 ι.
1743 2005 1871 2053 lbid.
1905 2004 1935 2069 S
1975 2018 2074 2066 19:
2104 2025 2129 2046 ι
2161 2019 2257 2067 qus
2291 2002 2521 2066 quonism

1502 2095 1672 2145 vscst3
1692 2083 1977 2149 aegritudine
2003 2083 2148 2131 etism
2173 2081 2366 2131 vacabit
2380 2102 2428 2129 ιι.
2453 2107 2523 2118 ·-

1504 2167 1727 2215 Ceterum
1750 2180 1917 2212 sensus
1947 2175 2053 2212 est:
2082 2186 2109 2206 ι
2131 2162 2299 2210 eadem
2337 2160 2526 2208 ratione

1502 2245 1743 2305 ejusmodi
1768 2244 1861 2291 viri
1883 2244 1981 2291 vita
2006 2246 2115 2305 iure
2140 2240 2408 2304 meritoque
2430 2240 2525 2287 ho-

1504 2334 1639 2371 nesta
1670 2323 1858 2371 dicetur
1877 2344 1922 2371 ι.

1586 2418 1669 2465 ¹9·
1708 2401 1852 2465 Quod
1875 2416 1996 2448 vero
2022 2397 2204 2463 negari
2223 2397 2359 2447 mello
2382 2398 2531 2446 modo

1505 2482 1681 2544 possit,
1728 2496 1870 2545 quem
1905 2495 2152 2542 umquam.
2181 2479 2364 2526 Locum
2396 2478 2526 2525 hunc

1506 2561 1784 2608 intricatum
1800 2594 1815 2617 ,
1841 2570 1888 2607 et
1913 2559 2015 2606 sine
2039 2557 2194 2605 dubio
2216 2567 2528 2624 corruptum,

1506 2640 1577 2688 sie
1640 2637 1995 2687 emendandum
2045 2647 2211 2685 censet
2261 2637 2489 2684 Davisius
2513 2650 2528 2683 τ

1506 2718 1686 2781 «Quid
1726 2733 1845 2766 vero
1868 2719 1890 2764 ?
1930 2716 2095 2781 negari
2131 2732 2194 2764 ne
2237 2715 2344 2765 ullo
2377 2715 2530 2765 modo

1506 2798 1664 2863 possit
1697 2794 1989 2862 quemquam
2026 2796 2189 2843 stabili
2224 2807 2274 2844 et
2300 2793 2444 2844 firmo
2479 2806 2528 2842 et

1505 2892 1685 2941 magno
1711 2876 1933 2925 animo...
1952 2873 2082 2923 effici
2099 2890 2243 2939 posse
2258 2907 2273 2931 ,
2300 2875 2394 2921 nisi
2414 2888 2529 2921 con·

1505 2958 1730 3005 stitutum
1767 2950 1834 3003 ¹sit
1873 2970 1979 3003 non
2017 2969 2119 3002 esse
2159 2953 2339 3000 malum
2383 2951 2528 2999 dolo·

1506 3051 1607 3083 rem
1644 3057 1687 3085 a.
1753 3037 1864 3100 Ipss
1911 3049 1987 3080 res
2006 3067 2020 3090 ‚
2069 3031 2230 3094 inquit
2247 3064 2262 3088 ,
2313 3030 2522 3094 opinor,

1507 3114 1745 3177 loquitur.
1770 3138 1843 3149 --
1878 3110 2163 3160 Goerenzius
2187 3107 2390 3156 scribit:
2432 3108 2531 3172 Qui

1506 3209 1630 3240 vero
1655 3189 1831 3257 negari
1853 3188 1953 3236 ullo
1978 3187 2122 3235 modo
2136 3183 2320 3250 possit,
2360 3202 2527 3251 quem·

1509 3286 1687 3333 quam,
1739 3279 1790 3316 et
1832 3283 1914 3316 vv.
1962 3281 2104 3330 quem
2132 3263 2324 3329 sortem
2366 3263 2526 3313 vimus

1508 3347 1709 3395 dicimus
1730 3381 1745 3405 ,
1804 3343 2079 3411 parenthesi
2143 3341 2369 3393 includit.
2421 3345 2493 3392 Its
2513 3379 2529 3404 ,

1508 3428 1669 3491 inquit
1683 3462 1700 3488 ,
1717 3425 1860 3475 nobis
1882 3424 2023 3474 locus
2049 3425 2298 3473 restitutus
2314 3424 2526 3474 videtur.

1513 3504 1622 3572 Qu?
1659 3507 1874 3571 prebent
1903 3505 2030 3571 Spir.
2075 3515 2123 3553 et
2169 3505 2268 3553 Eri.
2316 3507 2385 3554 At
2421 3508 2527 3556 Bss.

1511 3603 1608 3651 quo
1640 3623 1651 3634 .
1675 3621 1688 3634 .
1710 3621 1723 3634 .
1745 3586 1873 3646 ullo,
1895 3583 2026 3633 Gud.
2050 3599 2072 3631 1
2091 3617 2107 3643 ,
2133 3583 2272 3649 quod
2303 3619 2316 3632 .
2338 3617 2352 3630 .
2375 3620 2387 3633 .
2415 3586 2530 3634 ullo.

1509 3666 1643 3714 Hinc
1666 3665 1797 3713 hsud
1822 3662 2025 3712 difficile
2052 3674 2124 3711 est
2162 3663 2289 3710 viam
2331 3664 2527 3726 videre,

1508 3761 1607 3809 qus
1632 3745 1880 3808 vulgatum
1902 3754 2062 3791 ortum
2090 3753 2195 3805 est3
2218 3741 2388 3791 scribae
2402 3745 2530 3793 euim

1509 3820 1621 3889 qus,
1654 3840 1749 3887 pro
1767 3840 1864 3887 quo
1886 3822 2031 3870 modo
2048 3821 2261 3886 positum
2280 3856 2296 3882 ,
2321 3838 2423 3870 non
2443 3841 2528 3872 cs·

1508 3903 1726 3970 piebsnt.
1754 3902 1899 3967 Quod
1913 3918 2003 3967 per
2022 3919 2073 3950 se
2087 3898 2184 3962 ism
2201 3934 2215 3959 ,
2238 3900 2314 3948 bis
2339 3902 2390 3949 in
2411 3919 2530 3951 con·

1511 3985 1686 4041 textis,
1731 3998 1842 4030 cnm
1880 3981 2132 4042 conjunct.
2163 3979 2317 4044 possit
2358 3994 2527 4044 parum

1511 4061 1628 4110 coit.
1646 4062 1772 4110 Nam
1788 4061 1876 4109 etsi
1894 4059 2092 4124 quidem
2105 4060 2230 4107 bunc
2242 4068 2528 4107 structursm

1512 4141 1736 4190 Matthiae
1753 4138 1962 4189 Miscell.
1981 4138 2160 4186 philol.
2178 4139 2250 4197 11,
2276 4153 2296 4183 1
2311 4152 2332 4183 1
2352 4169 2368 4193 ‚
2401 4136 2496 4198 189
2510 4170 2529 4196 ,

1515 4236 1571 4269 ex
1634 4220 1882 4285 graecismo
1935 4217 2078 4266 docte
2120 4232 2233 4264 ssne
2283 4215 2531 4263 vindicare
