3217 4784
868 478 988 545 DE
1038 479 1207 545 FIN.
1263 479 1470 545 BON.
1525 479 1640 545 ET
1689 479 1899 548 MAL.
1952 481 2057 559 11,
2103 478 2205 548 15.
2444 479 2581 549 213

462 622 619 667 rum
649 599 884 696 specie
913 623 993 669 ac
1025 597 1365 693 dignitate
1388 652 1407 682 ,
1452 599 1832 669 transitum
1861 615 1967 670 est
2006 601 2092 671 ad
2133 601 2578 671 honestatem

459 707 816 778 dictorum
862 721 1083 804 atque
1139 705 1511 778 factorum.
1550 712 1731 777 Nam
1778 734 1864 779 ex
1907 710 2022 781 his
2071 710 2299 780 tribus
2351 709 2577 781 laudi-

459 815 637 903 bus,
682 842 864 914 quas
923 831 1088 887 ante
1131 816 1315 902 dixi,
1365 832 1439 887 et
1491 819 1962 889 temeritatem
2011 817 2465 903 reformidat,
2509 834 2580 890 et

458 951 609 997 uon
650 926 867 997 audet
902 929 1236 1021 cuiquam
1274 939 1396 996 aut
1432 926 1628 996 dicto
1671 942 2047 1024 protervo,
2080 943 2205 1000 aut
2232 925 2420 998 facto
2447 952 2580 998 no-

460 1059 663 1119 cere;
712 1049 1147 1129 vereturque
1203 1035 1599 1132 quidquam
1658 1052 1783 1107 aut
1837 1035 2105 1121 facere,
2158 1054 2280 1109 aut
2342 1039 2578 1134 loqui,

459 1145 660 1241 quod
698 1168 951 1241 parum
995 1144 1194 1214 virile
1238 1142 1665 1216 videmus-26.

511 1344 518 1359 .
558 1258 705 1323 XV.
756 1253 988 1325 Habes
1041 1254 1360 1351 undique
1407 1256 1762 1354 expletam
1811 1271 1883 1327 et
1926 1252 2344 1350 perfectam,
2398 1263 2576 1328 Tor·
2614 1274 2684 1334 48

460 1377 709 1458 quate,
764 1362 1068 1435 formam
1133 1365 1570 1437 honestatis¹
1624 1394 1640 1434 ι
1690 1391 1852 1462 quae
1901 1379 2051 1434 tota
2102 1363 2214 1433 his
2263 1381 2580 1461 quatuor

456 1472 875 1559 virtutibus»,
902 1500 1062 1571 quae
1085 1501 1125 1545 a
1153 1490 1224 1546 te
1250 1500 1548 1571 quoque
1575 1489 2151 1545 commemoratae
2176 1490 2375 1562 sunt,
2405 1500 2578 1547 con-

457 1581 744 1652 tinetur.
782 1588 984 1654 Hanc
1019 1608 1095 1654 se
1120 1597 1288 1654 tuus
1311 1585 1667 1679 Epicurus
1698 1584 1996 1652 omnino
2025 1584 2355 1678 ignorare
2384 1584 2579 1671 dicit,

457 1715 706 1785 quam,
748 1707 872 1763 aut
913 1692 1203 1788 qualem
1242 1716 1396 1763 esse
1438 1692 1705 1778 velint,
1743 1694 1866 1788 qui
1891 1703 1919 1734 ²
1972 1692 2343 1762 honestate
2384 1717 2577 1762 sum-

455 1823 655 1872 mum
702 1799 980 1872 bonum
1022 1802 1426 1871 metiantur.
1469 1803 1539 1871 Si
1574 1802 1768 1872 enim
1802 1801 1891 1872 ad
1929 1800 2377 1872 honestatem
2417 1826 2576 1871 om·

458 1910 575 1977 nia
649 1906 1138 1993 referantur³‚
1210 1934 1445 2006 neque
1514 1913 1586 1980 in
1673 1935 1753 1981 ea
1830 1909 2270 2007 voluptatem
2338 1909 2577 1981 dicant

458 2017 730 2104 inesse3
774 2019 904 2102 ait,
959 2042 1082 2088 eos
1135 2020 1333 2089 inani
1385 2046 1560 2091 voce
1615 2023 1920 2091 sonare⁴
1966 2020 2119 2117 (his
2164 2021 2355 2090 enim
2409 2022 2581 2117 ipsis

457 2212 615 2277 specie
652 2229 713 2259 uc
759 2212 1001 2277 dignitate
1040 2230 1125 2277 per
1162 2212 1204 2263 ἓν
1231 2209 1319 2262 διὰ
1345 2208 1473 2264 δυοῖν

459 2293 588 2340 dicta
621 2302 735 2339 sunt
772 2290 944 2355 :quod
969 2308 1119 2355 quum
1158 2292 1328 2339 scribae
1375 2310 1474 2341 nou

458 2371 707 2427 viderent,
733 2387 793 2418 ac
811 2371 862 2417 in
881 2386 915 2417 a
933 2382 1180 2418 mutarunt
1199 2403 1215 2429 ‚
1244 2381 1302 2417 nt
1327 2371 1474 2421 codd.

457 2450 674 2513 plerique
699 2466 867 2496 omnes
894 2450 1126 2497 referunt.
1142 2449 1237 2497 Sed
1261 2465 1321 2496 ae
1347 2467 1473 2513 prae·

456 2529 538 2577 bet
580 2529 723 2576 etiam
764 2531 916 2577 Mars.
946 2540 1002 2577 ut
1048 2528 1256 2593 primum
1294 2530 1475 2592 recepit

457 2610 509 2656 P.
534 2610 812 2667 Man-tius,
858 2609 1111 2657 obnitente
1146 2609 1321 2656 frustra
1348 2610 1473 2656 Grn-

458 2699 579 2738 ter0.
604 2690 670 2736 G.

527 2769 612 2816 26.
644 2771 938 2830 Vereturque
972 2802 985 2814 .
1008 2804 1020 2814 .

459 2859 531 2897 est
555 2846 702 2894 immo
724 2844 1073 2907 potitam—Sed
1100 2846 1230 2892 Gud.
1262 2861 1290 2893 a
1320 2856 1475 2894 totum

456 2927 590 2973 hunc
640 2926 803 2972 locum
851 2923 1043 2985 ignorat
1062 2958 1077 2980 ‚
1124 2937 1237 2987 post
1276 2938 1478 2973 veretur

456 3015 645 3068 puncto
698 3002 909 3050 maximo
968 3003 1149 3065 posito.
1203 3004 1325 3052 Puta
1370 3005 1476 3052 haec

458 3083 693 3131 excidisse
720 3081 785 3128 ob
812 3080 1179 3127 similitudinem
1219 3082 1476 3130 verborum

458 3172 657 3209 vetetur
682 3169 731 3207 et
757 3158 953 3206 videtur
974 3190 988 3214 ,
1035 3158 1329 3221 compendio
1358 3161 1475 3206 scri-

460 3251 680 3305 ptorum.
710 3243 773 3287 G.
1464 3230 1473 3239 ⁰

532 3321 643 3369 XV.
694 3333 737 3367 ι.
782 3318 941 3366 Habes
980 3318 1196 3382 undique
1235 3320 1476 3381 expletam

470 3431 483 3446 .
499 3435 511 3447 .
528 3435 541 3446 .
563 3397 787 3462 formam
813 3396 1092 3444 honestatis.
1116 3398 1191 3445 Cf.
1212 3398 1315 3445 Off.
1340 3401 1392 3457 1,
1421 3399 1477 3458 5,

466 3495 486 3526 ι
506 3494 562 3527 :-
582 3479 805 3525 Formam
831 3475 1031 3539 quidem
1054 3476 1232 3540 ipsam.
1247 3488 1344 3525 ..et
1357 3488 1477 3524 tam·

459 3574 607 3621 quam
642 3557 810 3604 faciem
839 3555 1030 3603 honesti
1058 3556 1191 3603 vides
1212 3578 1254 3604 ιι.
1282 3556 1476 3604 Alludi·

462 3649 541 3687 tnr
563 3648 771 3700 utroque
818 3637 929 3683 loco
973 3635 1033 3682 ad
1078 3635 1215 3683 illum
1262 3636 1477 3684 Platonis

459 3717 649 3775 locum,
673 3730 816 3778 quem
844 3715 996 3774 insta,
1024 3716 1083 3760 16
1101 3749 1115 3773 ‚
1145 3715 1205 3761 52
1225 3749 1239 3773 ‚
1260 3715 1389 3764 vide.
1414 3718 1475 3765 G.

532 3811 583 3842 2.
611 3793 805 3848 Velim,
839 3792 942 3854 qui.
969 3792 1067 3840 Erl.
1086 3803 1135 3840 et
1166 3794 1292 3858 Spir.
1324 3793 1378 3842 lu‘
1398 3795 1477 3842 in·

462 3886 626 3922 serunt
649 3884 820 3937 :atque
842 3876 911 3921 sic
929 3890 1040 3921 sane
1056 3875 1226 3921 Cicero
1241 3875 1475 3938 loquitur.

464 3954 627 4003 Divin.
650 3957 706 4010 Ι,
729 3955 794 4011 3,
836 3952 907 4004 5:
944 3975 968 3994 ν
987 3957 1118 4002 Zeno
1143 3966 1193 4001 et
1214 3955 1291 4014 hi,
1314 3955 1398 4017 qui
1420 3956 1483 4003 ab

465 4047 525 4079 eo
546 4034 756 4097 profecti
781 4044 894 4083 sunt
913 4067 929 4094 ,
949 4044 1044 4082 etc.
1064 4055 1088 4075 ›-
1104 4036 1166 4082 G.

540 4115 587 4161 3.
601 4114 895 4177 &serantur
920 4152 932 4165 .
947 4151 986 4164 ..
1010 4115 1189 4162 dicant.
1210 4115 1305 4161 Th.
1325 4115 1479 4162 Bentl.

469 4189 682 4255 reserant
708 4210 727 4240 .·
761 4194 830 4240 sic
856 4193 960 4240 scil.
995 4192 1057 4241 ad
1087 4191 1312 4240 amussim
1339 4192 1479 4239 foret.

1049 2804 1062 2816 .
1092 2767 1332 2814 videatur.
1373 2770 1476 2829 ραι·

1559 2217 1656 2264 Sed
1678 2234 1753 2265 res
1779 2218 1904 2265 redit
1929 2218 1994 2265 ad
2017 2233 2126 2265 eum
2147 2217 2341 2265 dicendi
2369 2234 2578 2275 morem,

1559 2312 1661 2358 quo
1698 2296 1896 2359 passiva
1945 2296 2111 2343 activis
2155 2295 2284 2360 apud
2320 2299 2579 2362 scriptores

1560 2375 1739 2421 latinos
1765 2391 1929 2422 omnes
1959 2375 2252 2438 junguntur.
2293 2378 2469 2424 Praeter
2494 2394 2548 2424 ea
2564 2412 2578 2433 ,

1560 2469 1668 2516 qnae
1709 2455 1866 2501 Brem.
1902 2452 2094 2510 laudat,
2134 2455 2196 2502 cf.
2229 2455 2478 2505 Drakenb.
2516 2457 2578 2504 nd

1558 2534 1664 2579 Liv.
1691 2534 1895 2592 XXIX,
1931 2540 1991 2589 4,
2024 2533 2129 2579 init.
2160 2536 2224 2581 G.

1634 2622 1679 2669 4.
1709 2611 1858 2658 Inani
1886 2627 2009 2658 voce
2033 2627 2230 2660 sonate.
2260 2612 2395 2661 Plato
2421 2610 2584 2679 ψοφεῖν

1559 2690 1712 2759 μάτην
1755 2708 1769 2742 :
1811 2693 1892 2739 alii
1936 2688 2048 2741 κενὰ
2090 2691 2393 2761 φθέγγεσθαι,
2445 2695 2579 2757 quod

1560 2774 1720 2836 ipsum
1744 2771 1943 2819 verbnm
1969 2788 2248 2835 expressum
2276 2773 2428 2820 latino
2453 2773 2583 2819 vide-

1561 2862 1659 2899 tur.
1692 2853 1930 2914 Epicurus
1970 2852 2115 2913 igitur
2153 2853 2278 2899 forte
2303 2855 2410 2914 κενῇ
2452 2855 2582 2915 φωνῇ

1560 2927 1837 2998 φθέγγεσθαι
1878 2930 2093 2991 scripsit.
2131 2930 2359 2975 Similiter
2394 2928 2584 2975 auctori

1561 3032 1584 3049 a
1611 3009 1790 3072 pingue
1827 3006 2061 3070 quiddam
2106 3016 2333 3053 sonantes
2355 3028 2378 3046 ι·
2422 3017 2584 3066 poetae

1562 3087 1817 3144 dicuntur,
1844 3083 2060 3147 spissiori
2087 3082 2321 3137 dialecto,
2363 3082 2581 3128 urbanis-

1561 3180 1658 3227 que
1692 3162 1889 3210 auribus
1911 3177 2049 3208 rauca
2066 3194 2080 3217 ‚
2102 3160 2380 3206 scribentes.
2410 3161 2580 3206 lamnis

1560 3254 1720 3289 autem
1763 3256 1873 3288 vox
1913 3249 1983 3286 est
2029 3237 2230 3285 verbum
2251 3271 2265 3295 ,
2313 3238 2392 3284 cui
2443 3240 2583 3285 notio

1563 3331 1692 3367 certa
1738 3320 1892 3383 aptari
1938 3317 2121 3380 nequit.
2163 3317 2349 3364 Eodem
2385 3333 2584 3379 prorsus

1564 3398 1715 3446 modo
1742 3401 1890 3445 Tusc.
1915 3401 1977 3455 V,
2007 3397 2096 3453 26,
2128 3397 2190 3455 73
2211 3430 2225 3450 .
2261 3418 2288 3438 o·
2309 3396 2474 3444 inanes
2498 3414 2580 3444 so-

1565 3494 1655 3525 nos
1680 3478 1885 3525 fundere
1902 3498 1922 3519 u
1942 3513 1959 3538 ,
1992 3493 2104 3541 qnae
2138 3475 2283 3523 verba
2311 3492 2398 3523 cnr
2425 3477 2582 3523 Brenn.

1565 3580 1590 3599 α
1607 3557 1667 3604 de
1687 3559 1871 3604 ratione
1892 3555 2126 3620 loquendi
2140 3571 2340 3620 prorsus
2358 3555 2545 3603 diverse
2558 3580 2582 3597 ··

1562 3637 1795 3700 accipiat,
1832 3651 1922 3683 nos
1966 3647 2097 3683 certe
2136 3637 2415 3698 ignoramus
2452 3649 2464 3682 2
2497 3636 2584 3683 sed

1565 3717 1646 3764 hic
1669 3716 1832 3777 jejune
1861 3715 2063 3762 omnino
2100 3713 2296 3761 inanem
2321 3729 2493 3761 vocem
2523 3714 2584 3761 de

1565 3796 1803 3845 imbecilla
1821 3794 2077 3858 intelligit,
2117 3811 2268 3859 quum
2285 3811 2455 3842 sensns
2490 3795 2549 3842 sit
2571 3831 2585 3851 ‚

1567 3899 1593 3919 «
1611 3892 1731 3923 voce
1753 3876 2022 3923 honestatis
2045 3876 2114 3922 ita
2141 3885 2377 3932 utuntur,
2418 3885 2471 3921 ut
2503 3890 2585 3922 va-

1570 3972 1686 4019 gum
1705 3970 1898 4003 sensum
1919 3954 2092 4001 fundat
2114 3987 2127 4010 ,
2172 3969 2330 4000 veram
2356 3955 2461 4012 ejus
2487 3954 2585 3999 vim

1570 4036 1849 4099 ignorantes
1877 4056 1917 4081 ιι.
1969 4036 2112 4081 Hunc
2163 4031 2424 4078 verborum
2477 4047 2587 4076 vere

1571 4129 1761 4161 sensum
1789 4129 1891 4159 esse
1907 4148 1921 4170 ,
1940 4113 2085 4160 verba
2105 4126 2359 4174 praegressa
2379 4143 2394 4166 ‚
2413 4131 2435 4148 «-
2449 4110 2586 4154 Hune

1572 4208 1621 4239 se
1642 4202 1754 4238 tuns
1771 4192 1862 4255 Ep.
1891 4225 1906 4239 .
1925 4225 1938 4238 .
1958 4227 1971 4240 .
1996 4191 2286 4238 metiantur·-
2302 4223 2315 4246 ,
2346 4188 2471 4236 clare
2498 4187 2588 4235 do-
