3217 4784
489 1287 589 1343 104

626 396 763 467 292

1296 372 1401 438 M.
1455 371 1528 434 Τ.
1584 366 2066 438 CICEROMS

622 518 772 565 non
827 493 1206 565 doctorum
1256 488 1674 574 hominum,

1718 487 1899 558 velle
1954 504 2123 587 post
2161 505 2462 561 mortem
2516 490 2746 592 epulis

623 601 969 678 celebrari
1002 596 1420 669 memoriam
1465 597 1580 668 sui
1627 599 1965 668 nominis.
2004 601 2206 688 Quos
2252 598 2546 695 quidem
2590 602 2745 672 dies

622 706 1235 813 quemadmodum
1279 708 1542 803 agatis,
1578 722 1650 778 et
1705 709 1779 778 in
1827 723 2173 806 quantam
2210 707 2594 780 hominum
2636 709 2738 782 fa-

623 838 946 895 cetorum
962 817 1028 873 ²⁴
1075 814 1561 889 urbanitatem
1634 821 2056 908 incurratis,
2099 843 2253 890 non
2305 819 2485 891 dico.
2550 820 2744 894 Nihil

620 950 803 1030 opus
839 943 947 1000 est
991 925 1256 998 litibus.
1304 933 1619 1000 Tantum
1648 928 1815 1002 dico
1837 985 1856 1017 ,
1901 932 2125 1029 magis
2155 929 2371 1003 fuisse
2400 947 2743 1019 vestrum,

617 1062 824 1136 agere
885 1036 1175 1134 Epicuri
1236 1035 1427 1109 diem
1480 1039 1793 1110 natalem
1821 1094 1840 1127 ‚
1899 1066 2126 1138 quam
2177 1043 2367 1114 illius
2392 1032 2482 1130 ²⁵,
2536 1058 2743 1115 testa-

616 1163 866 1220 mento
900 1171 1184 1233 cavere,
1227 1162 1314 1218 ut
1354 1163 1706 1244 ageretur.

712 1262 1002 1330 XXXII.
1038 1257 1176 1328 Sed
1197 1310 1216 1346 ‚
1264 1272 1344 1328 ut
1370 1255 1460 1327 ad
1491 1258 1947 1354 propositum
1978 1264 2480 1358 revertamur(
2506 1262 2599 1336 de
2627 1265 2748 1335 do·

616 1372 770 1441 lore
799 1371 992 1441 enim
1023 1391 1251 1465 quum
1280 1365 1716 1455 diceremus,
1750 1367 1842 1438 ad
1876 1369 2079 1438 istam
2116 1370 2492 1466 epistolam
2526 1372 2745 1444 delati

615 1479 962 1575 sumus),
1004 1502 1202 1551 nunc
1241 1492 1476 1548 totum
1518 1476 1695 1548 illud
1722 1488 1743 1521 ¹
1782 1476 2118 1549 concludi
2145 1481 2248 1550 sic
2273 1477 2460 1551 licet.
2494 1482 2638 1569 Qui
2665 1483 2742 1551 in

615 1616 901 1673 summo
936 1588 1122 1661 malo
1162 1603 1300 1672 est,
1346 1593 1407 1660 is
1451 1603 1607 1660 tum
1634 1643 1653 1676 ‚
1698 1613 1928 1687 quum
1973 1591 2049 1659 in
2083 1614 2174 1661 eo
2210 1604 2320 1661 est
2340 1600 2396 1678 ²,
2439 1615 2590 1661 non
2636 1605 2743 1661 est

615 1702 887 1776 beatus.
920 1703 1221 1798 Sapiens
1257 1714 1500 1771 autem
1533 1724 1821 1800 semper
1855 1698 2110 1772 beatus
2153 1717 2298 1789 est,
2334 1717 2405 1773 et
2436 1694 2591 1774 est3
2619 1703 2741 1773 ali-

615 1812 913 1912 quando
942 1817 1014 1882 in
1046 1809 1321 1882 dolore.
1351 1813 1517 1881 Non
1551 1826 1660 1883 est
1684 1813 1903 1908 igitur
1928 1835 2292 1883 summum
2318 1811 2587 1883 malum
2614 1812 2739 1885 do-

613 1926 748 1996 lor.
808 1929 961 1995 Jam
1014 1919 1191 1992 illud
1238 1917 1450 2017 quale
1494 1919 1786 1992 tandem
1831 1919 1989 1992 est⁴
2027 1948 2042 1988 :
2086 1950 2119 1986 ε(
2148 1918 2344 1992 Bona
2387 1926 2742 2019 praeterita

684 2153 770 2200 ²4-
797 2145 1099 2192 Faceeomm.
1131 2145 1204 2191 Ita
1225 2158 1287 2190 ex
1311 2141 1491 2191 nostris
1512 2155 1635 2206 quo·

611 2241 708 2289 qne
751 2223 852 2270 Erl.
891 2238 981 2270 nec
1017 2223 1145 2286 Spir.
1194 2222 1401 2271 multum
1446 2220 1637 2270 abludit

593 2302 869 2369 factorum.
907 2300 1103 2364 Reliqui
1141 2317 1251 2349 cnm
1284 2303 1403 2350 olim
1439 2302 1634 2366 vulgata

596 2384 903 2448 facetosum3
932 2397 984 2444 χ.
999 2380 1291 2447 Jacet'osam.
1308 2381 1515 2447 Vulgata
1553 2398 1637 2429 ve·

608 2461 795 2511 tissima
818 2471 909 2510 est.
933 2461 1000 2509 G.

683 2543 769 2588 25.
800 2540 959 2605 Magis
970 2535 1134 2602 facisse
1158 2525 1374 2586 vestrum
1390 2575 1407 2597 ‚
1437 2556 1634 2605 agere...

611 2634 762 2683 quam
788 2618 932 2668 illius.
959 2618 1092 2667 Gud.
1127 2632 1155 2665 2
1193 2632 1303 2664 cum
1330 2618 1465 2676 aliis,
1493 2634 1633 2666 cnm·

609 2713 709 2761 qne
747 2707 865 2744 vett.
900 2696 1050 2745 editis
1076 2695 1393 2760 quibusdam,
1423 2699 1633 2761 itemque

610 2776 861 2824 Victorius
897 2791 1099 2824 vnum.
1121 2811 1134 2822 .
1156 2810 1169 2820 .
1217 2773 1352 2823 illum
1378 2793 1397 2822 .·
1433 2777 1540 2824 Bas.
1583 2786 1632 2824 et

610 2856 743 2906 Gud.
776 2872 797 2903 r
820 2891 836 2916 ,
864 2855 1108 2922 agi.1nde
1134 2854 1456 2903 consarcinati
1484 2854 1631 2903 lectio

611 2936 793 3001 possit,
825 2958 852 2979 ιι
871 2934 1021 3000 magii
1044 2934 1190 2983 fuisse
1223 2949 1420 2992 verum,
1446 2933 1549 2997 agi.
1570 2963 1584 2979 .
1604 2966 1618 2979 .

610 3031 757 3081 quam
784 3015 922 3064 illum
942 3037 965 3057 n
985 3051 1002 3080 ,
1029 3024 1082 3063 ut
1107 3029 1302 3071 mrtem,
1326 3026 1519 3077 aequum
1548 3028 1630 3059 va·

610 3097 735 3157 lcat3
757 3113 851 3162 qua
879 3096 927 3144 vi
952 3095 1130 3161 sepius
1143 3093 1361 3160 ponitur.
1389 3091 1485 3141 Sed
1504 3092 1632 3158 perit

610 3178 862 3242 oppositio
878 3212 892 3236 ,
912 3192 1021 3240 quae
1035 3174 1165 3224 baud
1183 3173 1333 3223 dubie
1349 3171 1413 3223 ab
1430 3184 1631 3222 anctore

610 3256 832 3318 prosectu
879 3264 985 3314 αις
1034 3252 1306 3318 optimique
1351 3251 1423 3300 illi
1474 3250 1631 3301 nostri

611 3333 855 3396 vulgatam
878 3342 1093 3381 tuentur.
1123 3332 1185 3381 G.

681 3413 903 3459 xxxn.
923 3426 970 3457 ι.
987 3412 1160 3457 Totum
1185 3408 1359 3458 illud...
1381 3406 1632 3462 neeeJroea

610 3490 787 3554 optimi
802 3489 954 3538 nostri
967 3524 982 3547 ‚
1011 3498 1165 3536 ectum
1180 3488 1262 3537 id.-
1278 3488 1365 3537 sed
1385 3490 1630 3555 vulgatum

609 3567 739 3618 illud
752 3568 1005 3633 prob-tius
1023 3577 1095 3615 est
1110 3584 1126 3626 ;
1146 3567 1210 3616 ita
1232 3569 1445 3632 positum
1459 3604 1476 3631 ,
1495 3580 1551 3618 nt
1567 3570 1633 3618 ad

608 3664 709 3696 rem
724 3648 1033 3696 remotiorem
1056 3648 1360 3713 respiciatur,
1377 3650 1630 3712 interjecto

609 3743 783 3792 nempe
816 3727 911 3775 hoc
927 3763 943 3788 ,
970 3726 1106 3791 quod
1139 3726 1201 3775 nd
1230 3728 1486 3793 epistolam
1512 3731 1630 3794 Epi·

607 3807 747 3866 curi,
787 3815 835 3852 et
870 3815 1209 3854 test-mentum
1248 3806 1481 3868 refertur,
1517 3810 1625 3874 epi-

607 3884 766 3936 sodio.
790 3911 860 3921 —-
892 3884 1134 3935 concludi
1152 3884 1223 3932 εἰσ
1241 3885 1368 3936 licet.
1395 3887 1510 3937 Sine
1528 3887 1624 3936 uus

606 3965 893 4015 auctoritate
915 3966 1070 4013 Brem.
1091 3963 1257 4012 scribit
1278 3978 1292 4011 :
1310 3964 1378 4013 sic
1396 3966 1629 4014 concludi

601 4045 726 4096 licet.
752 4047 814 4095 G.

676 4143 726 4176 2.
760 4130 810 4175 Is
846 4137 975 4188 mm,
1003 4140 1151 4191 qteum
1178 4123 1228 4173 in
1263 4141 1320 4174 eo
1345 4137 1428 4175 ese.
1456 4127 1526 4173 Ita
1560 4142 1620 4174 ex

1722 2139 1830 2190 solo
1868 2140 1973 2190 Pal.
2010 2157 2029 2188 ι
2062 2158 2090 2189 a
2129 2143 2346 2192 Grutero
2386 2143 2500 2192 inde
2538 2144 2743 2209 legitur,

1722 2220 1952 2288 bonaque
1977 2220 2076 2270 fide
2100 2237 2191 2270 nos
2218 2223 2471 2284 dedimus,
2496 2223 2614 2272 licet
2638 2225 2741 2273 Erl.

1724 2300 1842 2361 iste,
1883 2312 1938 2351 ut
1983 2301 2132 2351 codd.
2169 2303 2344 2367 reliqui
2383 2319 2587 2367 omnes,
2627 2314 2678 2352 et
2716 2320 2743 2352 e

1723 2381 1852 2446 Spir.
1893 2381 2018 2430 nibil
2056 2392 2301 2433 enotetur.
2347 2384 2429 2431 Sic
2465 2383 2595 2432 enim
2631 2400 2743 2432 vere

1724 2458 1894 2507 scribit
1926 2459 2129 2520 Cicero,
2151 2469 2208 2507 ut
2239 2461 2493 2509 innumera
2518 2462 2624 2509 loca
2654 2462 2742 2509 do-

1721 2548 1868 2587 cent:
1896 2554 2043 2601 quum
2072 2549 2245 2587 contra
2272 2539 2389 2605 iste,
2418 2553 2475 2591 ut
2496 2551 2624 2589 recte
2647 2543 2743 2589 Da-

1720 2619 1811 2666 vis.
1851 2616 2004 2675 vidit,
2038 2617 2223 2681 frigeat.
2252 2620 2425 2685 Neque
2461 2622 2636 2670 mirum
2668 2632 2740 2670 est

1720 2697 1901 2745 scribas
1941 2698 2013 2745 sic
2057 2714 2296 2763 peccare,
2337 2716 2399 2750 ex
2440 2718 2544 2765 qno
2596 2702 2742 2751 semel

1719 2776 1849 2825 bina
1904 2775 1981 2824 hae
2024 2793 2168 2827 voces
2231 2780 2281 2828 in
2331 2797 2478 2830 unam
2529 2782 2741 2832 coaluis-

1720 2865 1845 2904 sent.
1878 2857 1941 2904 G.

1792 2935 1842 2984 3.
1870 2937 1936 2985 Ee
1959 2948 2030 2985 est
2051 2939 2174 3004 aliq.
2199 2941 2331 2991 Ante
2357 2941 2461 2992 haec
2489 2945 2622 2991 Goer.
2642 2958 2742 2990 ma-

1714 3014 1821 3074 jore
1860 3014 2260 3081 interpunctione
2291 3036 2417 3086 opus
2452 3038 2554 3070 esse
2589 3020 2739 3078 dicit,

1718 3095 1831 3157 quia
1851 3105 1899 3142 ec
1919 3107 1993 3143 est
2013 3100 2519 3163 assumptionis.—Et
2541 3100 2671 3148 valet
2693 3111 2744 3148 et

1719 3184 1885 3222 tamen
1905 3175 2097 3240 sapiens
2110 3188 2182 3226 est
2198 3178 2460 3243 aliqnando
2473 3181 2524 3226 in
2543 3178 2740 3230 dolore.

1795 3261 1847 3309 4.
1888 3257 2003 3302 Jam
2060 3256 2188 3305 illud
2223 3258 2372 3322 quale
2408 3257 2611 3307 eandem
2650 3270 2737 3309 ese.

1720 3333 1920 3383 Oxonn.
1957 3336 2018 3383 E.
2050 3346 2098 3384 et
2125 3330 2169 3394 ξ.
2210 3337 2341 3385 Nam
2379 3336 2624 3386 offerunt:
2654 3355 2741 3402 per

1719 3428 1772 3461 se
1796 3413 1993 3476 quidem
2023 3413 2174 3476 bene,
2201 3427 2251 3465 et
2275 3416 2486 3481 probato
2505 3433 2632 3467 πω.
2670 3418 2738 3464 Ut

1719 3492 1969 3556 enimjam
1988 3496 2279 3545 transeuntis
2299 3507 2369 3544 est
2384 3531 2400 3556 ,
2426 3496 2493 3544 ita
2521 3495 2738 3545 eamdem

1719 3587 1916 3636 quoque
1924 3573 2026 3622 vim
2038 3591 2154 3624 nam
2164 3575 2332 3625 lubet:
2345 3586 2394 3624 et
2403 3578 2583 3627 arctius
2593 3575 2738 3624 etiam

1718 3661 1945 3700 contexta
1974 3655 2156 3714 nectit,
2187 3656 2251 3704 cf.
2272 3654 2462 3704 Acadd.
2492 3659 2543 3715 1,
2567 3656 2623 3715 5,
2654 3669 2741 3714 ιι,

1716 3729 1939 3793 inprimis
1965 3734 2004 3780 si
2028 3733 2352 3797 objectionem
2377 3734 2665 3798 occupantis
2689 3746 2738 3785 et

1717 3809 1946 3860 diluentis
1967 3824 2070 3871 est,
2092 3813 2158 3863 cf.
2184 3829 2276 3878 pro
2297 3812 2448 3863 Arch.
2475 3815 2613 3862 Poet.
2645 3830 2737 3875 ιο,

1714 3890 1804 3938 23.
1841 3892 1937 3940 Sed
1964 3894 2015 3940 in
2038 3893 2115 3942 his
2146 3893 2265 3941 solis
2299 3892 2445 3942 codd.
2476 3903 2573 3942 tam
2609 3911 2739 3962 saepe

1713 3969 1903 4020 diversa
1942 3990 1968 4020 n
2014 3973 2211 4038 reliquis
2254 3975 2570 4036 sequentibus
2615 3974 2738 4024 fides

1712 4048 1846 4099 haud
1871 4053 1986 4100 satis
2009 4061 2136 4098 certa
2158 4063 2230 4099 est
2249 4089 2262 4110 ‚
2291 4053 2536 4119 ceterique
2559 4056 2610 4105 in
2632 4056 2737 4106 vul·

1712 4139 1817 4191 gata
1842 4140 2076 4195 perstant.
2105 4130 2166 4178 G.
