3217 4784
852 501 974 569 DE
1028 501 1201 569 FlN.
1256 501 1463 568 BON.
1520 500 1634 565 ET
1683 499 1898 566 MAL.
1952 501 2055 582 ΙΙ,
2096 497 2208 567 32.

468 648 619 693 non
655 620 948 694 effluere
968 622 1299 720 sapienti,
1326 621 1511 691 mala
1537 619 1943 691 meminisse
1985 645 2133 691 non
2165 622 2544 717 oportere?
2567 654 2598 685 »

468 735 783 804 Primum
812 735 883 804 in
914 747 1257 806 nostrane
1278 743 1632 828 potestate
1655 746 1785 815 est,
1799 729 1975 827 quid
2006 734 2597 803 meminerimus?

465 842 979 915 Themistocles
1030 841 1364 939 quidem,
1417 863 1647 935 quum
1685 841 1752 910 ei
1789 840 2227 929 Simonides,
2266 857 2391 913 aut
2429 844 2593 940 quis

464 953 646 1024 alius
668 942 697 997 ⁵
726 966 953 1024 artem
1000 950 1363 1022 memoriae
1397 947 1866 1046 polliceretur
1897 974 1913 1019 ε
1953 980 1985 1013 α
2014 948 2454 1039 oblivionis,
2481 953 2592 1021 in-

465 1063 657 1157 quit,
712 1060 1041 1148 mallem3
1086 1084 1257 1130 nam
1299 1059 1859 1130 memini-etiam
1905 1084 2067 1156 quae
2119 1061 2294 1133 nolo
2323 1116 2343 1150 ,
2404 1061 2592 1134 obli-

464 1172 636 1241 visci
694 1195 844 1240 non
897 1194 1193 1267 possum
1238 1195 1399 1268 quae
1442 1168 1607 1240 volo
1654 1200 1712 1238 n.
1773 1173 2038 1267 Magno
2090 1170 2207 1242 hic
2271 1175 2591 1272 ingenio.

463 1280 600 1351 Sed
633 1305 747 1351 res
774 1306 849 1352 se
882 1295 1126 1352 tamen
1153 1284 1252 1353 sic
1281 1280 1505 1353 habet.
1522 1277 1579 1371 ⁶,
1608 1296 1694 1352 ut
1721 1282 1933 1353 nimis
1959 1282 2330 1379 imperiosi
2366 1284 2596 1382 philo·

464 1391 676 1489 sophi
726 1393 854 1481 sit,
885 1406 1127 1465 vetare
1164 1394 1594 1465 meminisse.
1630 1391 1814 1463 Vide
1837 1449 1857 1480 ,
1897 1417 1989 1463 ne
2033 1394 2166 1465 ista
2203 1396 2350 1466 sint
2381 1399 2592 1467 Man-

462 1501 648 1574 liana
678 1519 913 1575 vestra
936 1515 988 1591 ⁷,
1014 1519 1140 1576 aut
1173 1504 1447 1601 majora
1474 1504 1687 1573 etiam
1709 1556 1727 1588 ‚
1766 1506 1822 1573 si
1852 1506 2203 1600 imperes,
2241 1504 2444 1601 quod
2483 1506 2588 1577 fa-

461 1637 622 1685 cere
661 1639 807 1685 non
855 1615 1145 1712 possim.
1185 1613 1420 1707 Quid,
1466 1617 1526 1684 si
1555 1613 1772 1684 etiam
1806 1610 1836 1653 ⁸
1869 1612 2192 1708 jucunda
2244 1620 2595 1687 memoria

459 1738 570 1795 est
625 1726 1153 1822 praeteritorum
1218 1723 1628 1794 malorum?
1690 1736 1772 1793 ut
1815 1720 2195 1820 proverbia
2241 1724 2594 1797 nonnulla

2371 574 2382 579 ,
2457 498 2595 594 293

530 1879 579 1925 5.
601 1876 867 1925 Simonides
883 1909 899 1935 ‚
919 1887 1008 1923 aut
1034 1876 1144 1941 quis
1167 1875 1313 1924 alius.
1338 1876 1475 1926 Goer.

457 1954 629 2002 scribit
664 1971 730 2003 an
763 1972 856 2020 pro
890 1966 999 2002 aut.
1042 1958 1185 2012 Hoc,
1227 1954 1413 2019 inquit,
1450 1972 1478 2003 e

459 2032 565 2081 Pal.
595 2047 640 2093 1,
674 2034 843 2081 Dat-is.
869 2044 919 2082 et
944 2035 1108 2083 Brem.
1132 2033 1271 2082 Idem
1298 2033 1477 2082 confir-

457 2120 591 2158 mant
614 2113 743 2174 Spir.
782 2111 882 2160 Erl.
923 2123 971 2160 et
999 2114 1128 2162 Crat.
1172 2114 1237 2163 cs.
1271 2114 1476 2163 Turseli.

458 2190 519 2243 de
540 2191 695 2238 Partt.
719 2207 772 2254 p.
805 2199 928 2250 104,
952 2208 1000 2238 n.
1024 2200 1055 2247 4
1081 2202 1133 2240 et
1157 2193 1203 2240 5.
1232 2191 1377 2240 Plena
1399 2193 1477 2241 di-

456 2267 601 2315 cendi
622 2268 774 2316 forma
796 2269 900 2318 haec
920 2280 1020 2318 erat
1036 2305 1051 2329 ‚
1073 2292 1098 2312 o-
1116 2286 1178 2318 an
1204 2271 1479 2320 Simonides

459 2347 724 2409 (dicendus
750 2349 885 2415 est),
910 2364 974 2398 an
1006 2350 1129 2399 alius
1163 2349 1311 2414 quis?
1336 2370 1358 2392 ι
1396 2351 1478 2400 Cf.

456 2424 595 2476 Brut.
637 2425 702 2477 23
723 2461 739 2487 ‚
768 2426 873 2492 89:
907 2450 933 2470 κ
950 2430 1120 2493 paucis
1157 2439 1299 2488 aute,
1332 2446 1479 2493 quam

456 2517 674 2554 mortuus
713 2519 815 2571 est,
839 2523 905 2557 an
928 2509 1100 2558 diebus
1128 2509 1318 2571 (dicam
1334 2511 1352 2573 )
1367 2544 1381 2569 ,
1414 2525 1479 2557 an

455 2586 700 2637 mensibus
716 2609 757 2638 ιο.
778 2590 891 2652 Leg.
915 2589 1092 2640 Manil.
1122 2604 1205 2652 19,
1227 2589 1288 2649 57
1315 2603 1330 2637 :
1353 2590 1479 2638 «Ga-

454 2665 591 2714 binio
617 2667 806 2730 dicam,
828 2685 957 2716 anne
979 2669 1244 2732 Pompeio,
1269 2685 1331 2716 an
1350 2669 1475 2717 utri-

453 2748 586 2809 que?
607 2768 630 2790 a·
671 2750 916 2797 Incertum
945 2759 1106 2798 autem
1142 2749 1318 2808 fuisse,
1341 2750 1478 2813 qtfis-
1521 2788 1526 2795 .

456 2841 563 2872 uam
590 2826 906 2876 Themistocli
930 2828 1176 2876 memoria
1200 2839 1354 2877 artem
1381 2829 1474 2877 do-

453 2904 657 2952 cendam
687 2906 993 2968 promiserit,
1024 2905 1160 2954 vides
1182 2922 1244 2954 ex
1277 2907 1473 2957 Acadtl.

456 2985 532 3042 11,
563 2999 608 3045 1,
632 3001 661 3031 ο
680 3018 695 3041 ,
722 2984 840 3032 coll.
865 2986 1005 3032 Orat.
1034 2987 1106 3043 11,
1136 2994 1203 3051 74
1221 3018 1236 3044 ,
1261 3000 1379 3049 ²99·
1404 3014 1474 3024 -

452 3064 502 3112 J.
532 3064 594 3110 V.
616 3066 673 3112 L.
697 3063 901 3111 omnino
924 3062 1182 3111 Goerenzio
1199 3066 1472 3115 essenti-:un

529 3142 580 3189 6.
607 3144 700 3190 Res
726 3158 778 3191 se
802 3154 966 3190 cametz
993 3142 1064 3190 sie
1090 3141 1251 3191 habet.
1279 3143 1414 3192 Gnd.
1440 3161 1468 3191 a

452 3235 503 3266 se
521 3235 597 3267 res
621 3232 811 3281 men,
834 3231 883 3269 et
903 3221 1038 3271 Gud.
1064 3238 1083 3269 1
1112 3237 1171 3270 ac
1189 3223 1473 3270 Bas-tamen

452 3315 506 3346 se
532 3308 889 3365 transponunt:
917 3302 976 3349 E.
1001 3310 1051 3349 et
1075 3297 1119 3358 ξ.
1146 3316 1198 3348 se
1220 3301 1470 3364 ignorant.

455 3376 599 3426 Unde
640 3396 693 3429 se
730 3396 757 3429 a
795 3379 971 3428 scribis
1007 3378 1231 3428 additum
1267 3380 1470 3444 putaris.

454 3458 551 3506 Sed
578 3457 668 3520 hi,
707 3460 872 3509 nescio
899 3473 1003 3523 quo.
1036 3470 1270 3523 corrupto
1297 3474 1469 3516 sensu,

452 3537 633 3603 ubique
653 3539 815 3586 bacin
832 3539 986 3586 forma
1007 3548 1224 3602 peccant.
1246 3538 1474 3588 Pluribus

450 3617 632 3679 egimus
654 3615 714 3665 de
736 3616 828 3665 ista
848 3616 952 3680 ipsa
972 3632 1023 3664 re
1045 3616 1108 3664 ad
1134 3620 1282 3681 Legg.
1306 3620 1358 3675 1,
1389 3618 1469 3672 13,

450 3697 536 3746 36.
576 3696 809 3744 Eamdem
842 3705 1133 3744 structuram
1177 3697 1290 3745 vide
1325 3698 1467 3745 Brut.

449 3778 543 3834 40,
580 3783 714 3839 149:
743 3797 769 3817 α
789 3792 866 3824 res
886 3792 938 3824 se
974 3785 1135 3824 tamen
1158 3776 1231 3823 sic
1256 3775 1402 3825 habet
1426 3797 1469 3823 ι.

447 3854 543 3902 Sed
567 3872 741 3920 parum
765 3867 895 3904 recte
913 3856 1064 3919 vulgo
1080 3856 1468 3921 interpungitur‚

447 3932 633 3996 virgula
670 3946 783 3984 ante
824 3946 876 3987 uc
909 3936 1068 3998 posita
1088 3969 1102 3990 ‚
1141 3950 1292 3997 quum
1328 3946 1381 3983 m
1405 3936 1470 3984 sit

446 4011 721 4074 apodueeos
737 4048 754 4075 ‚
795 4026 844 4063 et
888 4015 962 4062 ita
1001 4027 1055 4061 ne
1099 4014 1266 4063 valeat.
1304 4017 1468 4063 Tenui*

448 4092 599 4138 totius
624 4096 873 4143 sententiae
906 4095 987 4143 hic
1013 4106 1118 4143 est:
1151 4115 1173 4136 ιι
1203 4094 1465 4143 Fatendum

444 4168 642 4230 quidem
701 4182 771 4219 est
793 4206 810 4232 ‚
857 4172 1232 4222 Themistoclem
1290 4189 1466 4237 magno

445 4249 591 4303 fuisse
607 4248 806 4316 ingenio
822 4252 986 4321 (atque
1005 4254 1072 4302 ita
1087 4269 1198 4302 cum
1220 4256 1467 4304 communi

1566 1875 1819 1924 hominum
1849 1886 1996 1940 captu
2030 1878 2301 1941 comparari
2327 1892 2427 1925 non
2464 1888 2593 1925 recti·

1566 1971 1711 2020 posse
1731 1957 1784 2017 );
1811 1956 1964 2004 nihilo
1985 1957 2142 2005 secius
2167 1968 2326 2005 tamen
2346 1957 2412 2004 ita
2436 1973 2487 2005 se
2516 1973 2592 2005 res

1563 2034 1737 2094 habet,
1762 2047 1818 2083 ut
1843 2035 2088 2083 diximus:
2115 2036 2184 2083 sic
2204 2046 2260 2084 ut
2283 2036 2592 2100 imperiosius

1563 2124 1734 2176 agatur
1749 2147 1765 2173 ,
1790 2115 1832 2161 si
1855 2114 2111 2175 iubeamur
2137 2131 2238 2163 non
2263 2116 2590 2164 meminisse».

1565 2194 1624 2238 Iu
1642 2192 1732 2239 bac
1745 2193 2072 2257 explicatione
2090 2195 2274 2243 Rathio
2288 2195 2591 2259 acquiescere

1567 2269 1735 2318 licebit
1752 2306 1767 2327 ‚
1811 2273 1896 2334 qui
1924 2288 1975 2323 ae
2001 2273 2053 2318 in
2080 2272 2158 2319 his
2184 2262 2366 2321 harere
2393 2274 2591 2323 fatetur.

1565 2351 1629 2399 G.
1661 2374 1728 2385 --·
1759 2350 2004 2409 Goerenzii
2031 2350 2418 2415 interpretationi
2445 2369 2588 2420 pror-

1566 2431 1991 2483 suxassentimurz
2029 2430 2159 2478 uude
2183 2432 2345 2479 minus
2374 2432 2588 2496 proban·

1567 2506 1660 2555 dus
1690 2508 1892 2571 gallicus
1918 2510 2047 2574 intp.
2076 2510 2163 2573 qui
2202 2510 2380 2557 vertit:
2409 2514 2485 2559 La
2513 2511 2589 2558 νέ-

1559 2602 1713 2649 ponse
1730 2587 1793 2635 de
1815 2586 2127 2637 ΊἸιόωίειοι-Ῑσ
2142 2599 2212 2636 est
2232 2588 2528 2654 ingene'euse.

1638 2680 1686 2731 7.
1716 2665 1869 2727 Vide,
1891 2685 1952 2716 ne
1971 2669 2064 2716 ista
2087 2668 2186 2716 sim
2214 2669 2478 2717 Manliana
2497 2688 2588 2718 ve·

1563 2757 1684 2794 sem.
1713 2746 1976 2795 offendere
2004 2747 2153 2806 olim,
2188 2758 2307 2796 teste
2333 2749 2500 2798 Lamb.
2535 2751 2584 2796 in

1563 2824 1640 2872 his
1683 2826 1792 2871 VV-
1818 2827 1931 2873 DD.
1956 2837 2006 2874 en
2040 2828 2145 2891 ipse
2182 2827 2362 2875 dubius
2391 2828 2586 2875 haesisse

1562 2902 1758 2952 videtur
1779 2941 1794 2965 ,
1833 2905 1956 2968 quid.
1993 2916 2244 2954 statueret.
2287 2906 2386 2953 Sed
2432 2908 2583 2969 proba

1561 2994 1676 3031 sunt
1689 3017 1705 3042 ,
1725 2994 1776 3031 et
1790 2986 1861 3032 sic
1879 2985 2165 3048 accipienda
2189 3000 2202 3034 ε
2230 3008 2255 3027 ι·
2270 2986 2399 3033 Cave
2417 3001 2478 3032 ne
2495 2985 2585 3032 istu

1561 3077 1620 3110 ex
1656 3064 1829 3126 proavi
1863 3065 1967 3120 tui,
1991 3063 2079 3125 qui
2115 3078 2293 3110 nomen
2334 3064 2584 3129 imperiosi

1562 3142 1811 3189 invenerat
1830 3174 1846 3197 ‚
1888 3155 2021 3189 inore
2037 3176 2052 3199 ,
2107 3140 2183 3187 vel
2231 3140 2356 3188 ultra
2405 3141 2547 3188 etiam
2569 3177 2582 3198 ‚

1560 3216 1682 3266 flant
1705 3240 1751 3266 κ.
1795 3219 2014 3283 Respicit
2050 3229 2212 3267 autem
2248 3218 2311 3267 ad
2346 3236 2399 3267 eu
2420 3254 2434 3276 ‚
2474 3238 2584 3284 quae

1560 3313 1706 3360 supra
1737 3298 1954 3353 dixerat,
1995 3315 2080 3360 ¹9·
2113 3299 2209 3357 60,
2249 3298 2332 3347 ubi
2360 3300 2475 3347 item
2501 3299 2586 3349 illc

1559 3376 1716 3423 Manl-
1760 3378 2037 3441 Torquatus
2088 3376 2378 3442 Imperiosus
2425 3378 2581 3429 audit.

1561 3454 1671 3501 Hoc
1698 3465 1858 3502 umen
1886 3456 2084 3506 silentio
2109 3458 2357 3522 praeterirc
2393 3472 2494 3505 uon
2527 3458 2584 3505 li-

1559 3544 1634 3581 cet
1651 3566 1667 3591 ‚
1691 3535 1742 3582 in
1760 3535 1928 3584 multis
1949 3536 2202 3584 codicibus
2225 3535 2367 3584 vides
2389 3535 2510 3600 legi,
2531 3550 2584 3585 ut

1560 3625 1633 3662 est
1659 3614 1708 3661 in
1741 3615 1960 3679 quinque
1991 3618 2190 3664 Oxonn.
2228 3611 2340 3662 Bas.
2362 3614 2484 3663 vide
2509 3616 2583 3673 si,-

1558 3704 1607 3741 et
1637 3693 1709 3741 sic
1744 3696 1872 3742 Ven.
1912 3697 2065 3758 1494.
2105 3699 2250 3741 Forte
2276 3693 2475 3759 scripsit
2500 3710 2584 3742 au-

1557 3783 1707 3821 ctor:
1751 3772 1871 3821 vide
1910 3769 2011 3833 sss,
2052 3791 2132 3822 ne.
2167 3770 2242 3820 Sic
2282 3784 2413 3821 certe
2453 3790 2582 3838 saepe

1556 3855 1749 3901 Terent.
1773 3869 1816 3900 v.
1838 3870 1880 3901 c.
1907 3854 2084 3901 Heaut-
2108 3855 2175 3912 11,
2202 3870 2251 3907 a,
2285 3855 2382 3903 125
2405 3869 2418 3903 ε
2447 3876 2468 3897 ιι
2485 3856 2582 3901 Sed

1555 3932 1675 3979 heus
1699 3943 1780 3990 tu,
1810 3931 1919 3980 vide
1946 3932 2011 3980 sis
2028 3967 2040 3987 ‚
2071 3949 2132 3979 ne
2153 3932 2273 3994 quid
2300 3931 2583 3997 imprudens

1558 4027 1669 4068 ruas
1687 4033 1728 4059 ιι.
1758 4012 1948 4060 Notum
1977 4022 2137 4060 autem
2162 4024 2236 4060 est
2258 4007 2324 4059 εἰς
2352 4028 2584 4075 compen-

1557 4090 1641 4137 dio
1663 4106 1703 4140 s.
1729 4092 1885 4155 pingi.
1909 4094 1972 4141 G.

1630 4178 1679 4225 8.
1704 4178 1862 4242 Quid,
1886 4178 1928 4225 si
1948 4178 2109 4227 ete'am.
2124 4180 2259 4226 Goer.
2279 4178 2577 4242 interpungit

1558 4257 1715 4321 quid?
1745 4257 1790 4306 si
1818 4257 1983 4307 eciam.
2020 4256 2343 4317 Addidimus‚
2383 4258 2540 4322 iuquit
2560 4295 2579 4321 ,

2631 1188 2724 1241 105
