3217 4784
704 329 843 413 384

1366 331 1462 396 Μ.
1515 330 1591 394 Τ.
1647 329 2133 397 CICERONIS

694 452 1028 546 junctum
1080 463 1469 543 utrumque
1532 448 1757 542 magis
1802 445 2290 542 expetendum
2331 449 2420 518 sit
2459 472 2677 545 quam
2711 452 2831 523 sa-

705 586 877 660 pere
931 558 1199 645 solum;
1240 580 1478 653 neque
1527 570 1806 642 tamen,
1842 558 1899 625 si
1947 569 2342 653 utrumque
2385 558 2476 628 sit
2515 560 2828 630 aestima-

706 675 903 744 tione
939 668 1234 766 dignum
1256 721 1276 754 ,
1322 666 1548 764 pluris
1585 667 1676 736 sit
1704 667 2290 763 conjunctum12,
2325 691 2541 764 quam
2572 692 2827 765 sapere

704 787 939 880 ipsum
993 773 1511 874 separatum-¹³.
1566 778 1752 846 Nam
1815 777 1943 872 qui
1997 770 2464 849 valitudinem
2516 780 2830 850 aestima-

703 894 899 963 tione
935 888 1176 985 aliqua
1214 887 1506 984 dignam
1562 884 2077 991 judicamus&
2114 912 2355 985 neque
2390 904 2634 960 tamen
2663 913 2824 960 eam

678 1002 774 1091 Ain
813 996 1026 1069 bonis
1064 998 1437 1095 ponimus,
1464 996 1682 1068 iidem
1709 1019 2127 1084 censemus,
2172 997 2441 1069 nullam
2484 1023 2638 1070 esse
2667 1014 2823 1070 tan-

700 1123 848 1181 tam
903 1107 1487 1192 aestimationem,
1530 1120 1617 1176 ut
1651 1130 1737 1177 ea
1784 1108 2032 1177 virtuti
2065 1120 2563 1206 anteponatur.
2607 1107 2826 1199 Quod

703 1219 893 1291 idem
925 1218 1372 1316 peripatetici
1407 1240 1558 1286 non
1609 1230 1862 1287 tenent
1895 1243 1911 1286 ε
1962 1215 2231 1313 quibus
2267 1217 2652 1288 dicendum
2690 1233 2822 1305 est,

700 1353 861 1427 quae
908 1342 980 1399 et
1032 1324 1336 1397 honesta
1377 1326 1562 1395 actio
1609 1325 1740 1407 sit,
1786 1339 1861 1395 et
1902 1326 2057 1395 sine
2120 1325 2408 1414 dolore,
2459 1351 2617 1397 eam
2666 1353 2817 1398 ma-

698 1442 805 1538 gis
846 1461 994 1509 esse
1024 1432 1499 1534 expetendam
1524 1488 1543 1522 ,
1584 1457 1804 1530 quam
1839 1435 1898 1505 si
1922 1449 2107 1505 esset
2138 1433 2388 1506 eadem
2430 1437 2618 1508 actio
2646 1461 2816 1508 cum

699 1549 971 1620 dolore.
1008 1544 1236 1617 Nobis
1272 1544 1478 1616 aliter
1506 1543 1832 1614 videtur:
1865 1534 2141 1615 recte¹5
2177 1570 2509 1635 secusne,
2547 1562 2813 1645 postea.

699 1658 835 1733 Sed
861 1669 1195 1756 potestne
1239 1677 1489 1725 rerum
1529 1654 1758 1750 major
1794 1676 1946 1724 esse
1987 1652 2387 1726 dissensio?

700 1877 765 1923 sit
802 1883 852 1922 et
885 1872 1072 1930 valere,
1109 1869 1422 1928 conjunctum
1461 1876 1722 1930 utrumque

700 1954 849 2017 magis
876 1947 1202 2015 expetendum
1236 1946 1324 2004 sit,
1365 1960 1510 2009 quam
1553 1960 1721 2008 sapere

699 2035 860 2098 ipsum
869 2029 1123 2094 separatim
1132 2063 1146 2077 .
1156 2027 1283 2074 Nam
1296 2024 1382 2088 qui
1402 2021 1722 2072 valitudinem

702 2111 1016 2160 estimatione
1029 2108 1189 2169 aliqua
1206 2105 1404 2166 dignam
1415 2102 1689 2163 iudicamus
1706 2138 1721 2162 ,

703 2204 860 2252 neque
874 2197 1035 2234 tamen
1047 2218 1060 2241 ,
1079 2195 1177 2232 etc.
1193 2205 1219 2225 ι·
1241 2181 1344 2231 Alii
1362 2181 1558 2231 eodiees
1579 2181 1722 2246 plura

701 2266 907 2323 habent,
934 2266 987 2313 in
1020 2262 1154 2311 hune
1196 2262 1396 2311 modum
1422 2277 1436 2311 ι
1479 2284 1504 2304 ιι
1531 2262 1723 2310 Etenim

703 2346 744 2395 si
772 2357 823 2394 et
859 2359 1027 2409 sapere
1063 2341 1392 2407 expetendum
1429 2340 1525 2399 sit,
1559 2350 1612 2388 et
1639 2355 1724 2388 va·

702 2426 822 2482 lere3
849 2424 1165 2484 conjunctum
1186 2432 1448 2484 utrumque
1464 2420 1619 2483 magis
1635 2433 1724 2467 ex-

702 2502 964 2568 petendum
1011 2502 1101 2559 sit,
1129 2515 1275 2563 quam
1316 2514 1484 2563 sapere
1529 2498 1718 2557 solnm3

702 2597 859 2644 neque
877 2591 1061 2637 tamen,
1084 2579 1127 2626 si
1143 2588 1406 2641 utrumque
1424 2578 1488 2624 sit
1515 2578 1723 2625 estima-

702 2661 835 2709 tione
860 2659 1060 2722 dignum
1079 2692 1094 2716 ‚
1111 2656 1268 2721 pius-is
1285 2656 1349 2704 sit
1367 2658 1691 2716 coniunctum
1707 2692 1723 2718 ,

700 2753 844 2804 quam
871 2752 1036 2800 sapere
1076 2736 1238 2799 ipsum
1279 2746 1568 2797 separatum.
1597 2734 1726 2782 Nam

697 2818 785 2884 qui
829 2815 1147 2864 valitudinem
1206 2812 1523 2861 aestimatione
1560 2812 1724 2876 aliqua

701 2899 897 2966 dignam
920 2895 1168 2944 videamus
1182 2929 1198 2953 ,
1217 2908 1375 2957 neque
1406 2902 1568 2939 tamen
1592 2907 1723 2951 eam,

700 2992 793 3030 etc.
813 3001 838 3020 ι·
863 2979 1069 3026 Mona.
1095 3001 1161 3013 —
1195 2973 1264 3021 Ut
1288 2972 1453 3019 locum
1479 2982 1611 3019 reete
1639 2986 1722 3019 ca·

702 3063 888 3124 piamus
905 3092 920 3118 ‚
958 3055 1320 3105 reminiscamur
1345 3059 1541 3115 oportet
1564 3052 1722 3099 virtu·

701 3150 772 3187 tes
796 3139 923 3187 solas
955 3135 1131 3185 Stoicis
1164 3127 1381 3200 αἱρετὰς,
1416 3129 1722 3194 expetendas

699 3215 884 3277 videri;
924 3229 1074 3278 quum
1101 3227 1178 3259 res
1202 3204 1490 3275 ἀδιάφοροι,
1524 3206 1725 3275 indiffe-

701 3305 854 3342 rentes
876 3329 892 3355 ,
928 3302 977 3339 et
1019 3306 1130 3354 qnoe
1158 3306 1246 3337 nec
1273 3288 1416 3336 bonoe
1452 3302 1542 3335 nee
1582 3286 1722 3335 mala

699 3384 842 3427 sunt,
870 3365 1002 3425 ἀξίαν
1028 3367 1199 3431 ἔχωσι,
1223 3362 1400 3421 >amai
1426 3360 1513 3416 ὦσι
1538 3362 1623 3416 καὶ
1645 3365 1722 3415 ἐκ·

698 3450 965 3519 λέγωνται,
1001 3468 1024 3490 ι
1048 3446 1369 3495 estimatione
1411 3445 1599 3509 digne,
1641 3461 1722 3494 su·

700 3527 888 3577 menda
929 3528 1026 3574 sint
1056 3537 1105 3573 et
1141 3525 1376 3588 eligendae
1388 3546 1429 3571 υ.
1458 3524 1585 3572 Vide
1608 3524 1720 3573 No-

701 3622 854 3657 strum
887 3606 1013 3654 infra
1039 3640 1054 3661 ,
1081 3608 1151 3653 lv
1167 3640 1182 3665 ‚
1219 3606 1280 3662 83
1307 3602 1578 3663 Stobaeum,
1616 3603 1721 3651 Ecl.

644 3718 657 3729 κ
703 3688 858 3736 Euhie.
905 3701 1017 3751 pag.
1062 3701 1187 3745 170,
1230 3693 1277 3732 et
1317 3681 1631 3731 Plutarchum
1659 3681 1722 3730 de

705 3769 923 3831 lte-pugn.
945 3767 1104 3846 quoio.
1120 3779 1230 3829 pag.
1260 3770 1407 3818 1042.
1421 3763 1685 3810 Davisius.

778 3860 858 3893 ta.
904 3845 958 3892 Sa·
1009 3854 1262 3906 utrumque
1299 3842 1365 3889 sie
1399 3840 1722 3889 aestimatione

700 3926 922 3990 dignum,
953 3922 1107 3989 pluris
1132 3922 1197 3968 sis
1221 3921 1553 3987 conjunctum.
1584 3922 1719 3970 Goer.

702 4004 832 4052 delet
872 4005 1080 4068 primum
1127 4000 1191 4049 sie
1227 4016 1336 4049 cum
1378 4003 1505 4065 Spir.
1532 4010 1583 4048 et
1619 4001 1718 4049 Erl.

699 4082 916 4147 dicitque
939 4098 1028 4147 pro
1060 4081 1214 4133 altero
1240 4079 1330 4138 sie,
1358 4079 1496 4144 quod
1523 4078 1718 4130 firmant

1802 1867 1878 1914 sui
1888 1881 2055 1914 omnes
2066 1866 2420 1917 etedd.vett.in
2434 1869 2640 1933 vulgatis
2653 1870 2818 1920 essesi.

1878 1947 1961 1994 13.
2023 1947 2332 2011 Separatum.
2393 1949 2469 1996 Ex
2519 1949 2649 2013 Spir.
2696 1949 2820 1997 nihil

1801 2036 2045 2073 enotatur.
2088 2027 2287 2075 Oxonn.
2336 2023 2389 2091 ψ.
2433 2028 2566 2078 Crat.
2617 2046 2820 2095 separa·

1801 2104 1884 2151 tim
1921 2121 1940 2152 .·
1977 2105 2143 2168 quod,
2175 2122 2265 2170 per
2289 2123 2341 2155 se
2368 2123 2469 2156 non
2498 2120 2816 2157 contemnen-

1802 2183 1920 2231 dum
1938 2218 1955 2242 ,
1989 2183 2087 2233 boe
2110 2197 2344 2234 contextu
2369 2202 2474 2236 non
2498 2187 2787 2253 praetulerim
2804 2222 2820 2245 ‚

1803 2277 1954 2325 quum
1978 2275 2255 2328 separatum
2274 2275 2324 2313 et
2340 2264 2651 2330 conjunctum
2668 2281 2822 2331 oppo-

1803 2351 2008 2402 nantur,
2038 2340 2321 2407 singulaque
2341 2344 2643 2407 cingulorum
2667 2361 2820 2394 enun-

1804 2420 2033 2470 tiatorum
2076 2422 2227 2468 instar
2260 2423 2387 2480 sint,
2436 2422 2480 2469 si
2518 2423 2584 2468 sie
2620 2425 2820 2489 conjun-

1801 2510 1959 2561 ctum,
1988 2500 2032 2547 si
2044 2499 2108 2547 sie
2119 2510 2410 2563 separatum.
2435 2502 2498 2547 G.

1880 2587 1963 2634 14.
1992 2576 2290 2625 Iudicemus.
2313 2580 2386 2625 Ita
2412 2594 2524 2626 eum
2543 2579 2645 2628 Pal.
2675 2595 2696 2627 1
2714 2615 2729 2639 ,
2753 2596 2782 2628 2
2802 2616 2817 2640 ,

1808 2658 1837 2705 3
1855 2693 1870 2715 ,
1904 2656 2030 2719 Spir.
2058 2665 2106 2702 et
2126 2655 2222 2703 Erl.
2248 2666 2296 2703 et
2326 2655 2459 2706 Gud.
2497 2657 2692 2722 Reliqui
2717 2660 2817 2709 fere

1803 2751 1913 2784 eum
1939 2734 2082 2782 editis
2109 2735 2352 2799 plerisque
2380 2746 2498 2784 vett.
2520 2736 2778 2787 videamus
2799 2774 2817 2801 ‚

1803 2814 1880 2863 vel
1896 2813 2134 2862 videmus.
2150 2815 2223 2862 Ex
2238 2817 2543 2881 compendiis
2562 2804 2752 2868 τιῖιηιω
2769 2828 2838 2867 ει

1802 2881 2019 2953 gamus,
2063 2893 2169 2943 hoe
2200 2893 2454 2945 diversitas
2503 2908 2613 2946 nata
2650 2910 2757 2955 est,
2791 2916 2819 2947 e

1801 2974 1981 3038 quibua
2005 2973 2110 3021 haee
2147 2988 2483 3038 sepenumero
2510 2977 2816 3025 confundun-

1801 3053 2218 3103 tur.-—Continuo
2233 3066 2346 3118 post
2363 3066 2630 3105 transverso
2645 3055 2819 3103 ordine
2917 3052 2924 3060 ’

1802 3147 1911 3180 eam
1938 3143 2099 3180 tamen
2117 3166 2132 3191 ,
2157 3149 2185 3180 e
2211 3134 2368 3181 tribus
2393 3136 2586 3198 optimis
2606 3135 2784 3182 nostris
2799 3168 2816 3195 ,

1803 3211 1967 3274 positu
1989 3210 2192 3258 meliore
2206 3245 2222 3269 ‚
2256 3211 2320 3258 ad
2340 3228 2630 3275 sensumque
2656 3210 2816 3260 effica-

1802 3289 1934 3336 eiore
1954 3323 1970 3347 ‚
1993 3288 2296 3352 scripsimus;
2337 3290 2401 3337 es.
2427 3290 2530 3338 Fin.
2558 3293 2582 3337 1
2600 3325 2615 3349 ,
2649 3293 2679 3339 3
2699 3325 2714 3349 ,
2752 3306 2777 3351 7
2800 3325 2816 3346 ,

1803 3390 1828 3410 ιι
1851 3383 1942 3415 nee
1969 3367 2088 3414 mihi
2109 3377 2298 3428 tamen,
2333 3379 2425 3417 ete.
2441 3390 2468 3410 υ
2486 3370 2549 3417 G.

1878 3446 1958 3495 15.
1986 3446 2131 3493 Recte
2174 3462 2376 3495 secusne
2398 3483 2414 3508 ‚
2461 3458 2655 3511 postea.
2702 3446 2817 3495 Sed.

1802 3527 1935 3574 Goer.
1983 3525 2284 3590 interpungit
2339 3526 2537 3586 meiius,
2581 3536 2636 3573 ut
2672 3526 2818 3575 nobis

1802 3603 1995 3651 videtur
2020 3620 2034 3650 t
2045 3615 2221 3667 possea
2235 3621 2254 3651 .·
2269 3604 2371 3653 sed.
2391 3607 2568 3651 Sensus
2581 3615 2654 3652 est
2671 3627 2694 3646 α
2710 3620 2819 3659 nos,
2925 3652 2930 3655 .

1802 3698 1941 3730 secus
1960 3683 2246 3741 sentientes,
2268 3683 2467 3731 inferius
2487 3682 2586 3729 hue
2603 3698 2816 3732 recurre·

1801 3778 1909 3809 mus
1930 3784 1955 3804 1·
1977 3776 1989 3809 :
2016 3763 2102 3811 sed
2119 3778 2180 3810 ex
2203 3763 2262 3809 iis
2295 3778 2403 3825 quse
2429 3761 2671 3825 diximus,
2703 3778 2819 3811 con·

1801 3841 1995 3890 eludere
2021 3857 2277 3904 possumus
2297 3841 2525 3901 majorem
2539 3858 2700 3890 rernm
2719 3842 2823 3890 dis·

1801 3922 2072 3970 sensionem
2090 3936 2192 3968 esse
2213 3935 2313 3967 non
2338 3934 2509 3982 posse,
2542 3934 2711 3972 eontra
2738 3936 2822 3970 eos

1806 4001 1892 4064 qui
1909 3999 2206 4049 contendunt
2233 4014 2324 4046 nos
2353 4013 2466 4047 eum
2493 4001 2820 4068 Peripateticis

1807 4080 1965 4130 solum
1984 4076 2140 4127 verbis
2157 4075 2429 4128 dissentire.

2771 4770 2792 4773 *V
2835 4754 3054 4771 -ι-Ᾱ-ιιιι
3057 4766 3102 4769 —
