3217 4784
816 421 939 488 DE
986 419 1157 487 FIN.
1211 417 1413 485 BON.
1466 417 1577 484 ET
1627 416 1845 484 MAL.
1883 416 2026 499 lv,
2073 414 2177 486 13.
2415 422 2551 515 477

438 540 652 638 idque
673 539 1018 638 perficere
1040 566 1059 626 ς
1089 552 1328 638 potest
1352 536 1444 608 ab
1468 537 1608 608 alio
1647 536 2060 608 inchoatum
2097 537 2419 635 accipere
2437 594 2457 628 ,
2485 557 2560 612 et

434 651 825 722 absolvere.
856 652 1041 721 Huic
1067 664 1173 720 est
1211 649 1556 746 sapientia
1580 647 1932 719 similism.
1974 651 2141 720 Non
2177 649 2368 718 enim
2404 650 2558 748 ipsa

432 762 682 856 genuit
704 759 1099 845 hominem,
1117 756 1241 828 sed
1260 758 1533 852 accepit
1551 780 1592 826 a
1624 770 1878 828 natura
1897 757 2335 829 inchoatum.
2359 765 2558 832 Hanc

436 872 723 940 intuens
739 878 828 954 ²⁰,
858 866 1076 937 debet
1098 865 1505 935 institutum
1542 863 1754 952 illud,
1784 869 1987 962 quasi
2019 869 2305 965 signum
2330 870 2560 942 absol-

434 1003 623 1050 vere.
667 976 970 1067 Qualem
1008 977 1300 1070 igitur²¹
1342 988 1597 1044 natura
1635 973 2002 1046 hominem
2046 979 2457 1052 inchoavit?
2491 997 2561 1052 et
2597 1007 2662 1060 35

434 1084 635 1184 qnod
664 1101 770 1157 est
788 1109 1088 1170 munus,
1117 1081 1319 1181 quod
1347 1107 1533 1182 opus
1560 1084 1963 1180 sapientiae?
1982 1085 2160 1181 quid
2188 1104 2330 1175 est,
2359 1091 2556 1188 quod

434 1197 525 1267 ab
567 1221 651 1267 ea
680 1195 950 1268 absolvi
991 1209 1062 1266 et
1111 1194 1357 1294 perfici
1403 1193 1715 1265 debeat?
1757 1198 1828 1267 Si
1871 1196 2049 1268 nihil
2093 1199 2168 1269 in
2206 1225 2294 1271 eo
2342 1200 2559 1299 perfi-

434 1306 768 1379 ciendum
830 1315 1045 1394 est²²‚
1094 1320 1351 1404 praeter
1390 1318 1674 1375 motum
1715 1305 1984 1402 ingenii
2015 1307 2441 1404 quemdam,
2485 1309 2562 1381 id

509 1493 587 1540 ¹9·
620 1479 683 1525 Ut
718 1477 921 1526 Phidias
950 1487 1112 1542 potest
1144 1492 1179 1522 ιι
1198 1474 1439 1539 primo...

432 1555 560 1605 Huic
584 1568 660 1605 est
676 1572 717 1606 s.
743 1556 928 1605 similit.
951 1559 1087 1605 Goer.
1106 1564 1221 1602 ante
1238 1552 1352 1601 lanio
1369 1553 1455 1601 du·

1538 1472 1708 1521 Phidis
1736 1473 1966 1522 statuario
1993 1489 2176 1537 ponere
2200 1475 2462 1527 maluisset.
2480 1480 2559 1529 Cf.

1536 1552 1685 1601 Divv.
1714 1555 1766 1612 1,
1802 1553 2027 1618 epist.9,
2057 1554 2151 1612 46,
2189 1564 2240 1602 et
2264 1553 2413 1605 offic.
2449 1559 2556 1617 111,

432 1636 546 1701 plez
564 1647 802 1701 puuctum
825 1635 987 1699 pouit,
1002 1633 1227 1696 deletque
1243 1642 1317 1679 est
1340 1642 1454 1696 post
1537 1645 1594 1689 α,
1627 1639 1708 1688 14.

432 1715 546 1765 Ιιιιίι·
569 1718 798 1782 positum.
826 1720 991 1781 Ipsum
1018 1729 1134 1761 vero
1160 1711 1413 1761 audiamus
1437 1727 1451 1762 τ

430 1800 478 1842 A
494 1797 658 1859 primo
683 1796 839 1843 nostri
872 1792 1046 1857 reliqui
1080 1790 1307 1852 finnaut3
1345 1792 1452 1839 aliis

431 1890 541 1922 cum
574 1876 775 1922 Monac.
804 1890 838 1921 a
860 1869 1102 1936 principio
1130 1887 1219 1935 per
1243 1871 1451 1935 glossam

431 1951 799 2012 exhibentibus3
838 1950 976 1997 cons.
1001 1949 1126 1997 infra
1146 1949 1208 2005 V,
1241 1951 1332 2008 15,
1359 1957 1449 2003 ιιι

432 2051 459 2071 α
479 2045 610 2077 nunc
642 2044 760 2076 vero
786 2044 813 2074 a
842 2028 1002 2091 primo
1028 2026 1224 2090 quidem
1252 2027 1449 2075 mirabi-

430 2107 542 2156 liter
564 2109 755 2155 occulta
781 2117 951 2154 natura
973 2117 1069 2156 est.
1083 2106 1449 2170 ..progredien-

430 2186 563 2236 tibus
581 2197 740 2235 autem
766 2185 989 2234 etatibus
1003 2218 1019 2242 ‚
1040 2195 1134 2232 etc.
1150 2205 1176 2226 ι·
1195 2187 1268 2232 Ita
1289 2186 1449 2233 Groeci

430 2282 626 2330 quoque
661 2263 758 2314 ἀπὸ
789 2262 997 2332 πρώτου.
1026 2263 1216 2312 Deinde
1249 2280 1447 2328 pergere

431 2346 586 2394 oratio
611 2344 680 2393 sic
695 2344 808 2394 huic
830 2343 1036 2392 debebat
1056 2356 1070 2390 τ
1101 2342 1187 2390 sed
1209 2343 1446 2406 particula

429 2425 535 2472 haec
560 2440 672 2472 cum
699 2425 749 2471 vi
782 2424 958 2470 omissa
988 2422 1157 2470 locum
1185 2421 1321 2469 dedit
1348 2421 1445 2469 levi

429 2504 740 2552 smcolutho.
788 2504 1012 2565 Denique
1057 2502 1206 2550 refert
1250 2501 1445 2565 vulgata

430 2603 452 2625 ι
485 2581 601 2630 huic
646 2592 718 2629 est
774 2581 1008 2645 sapientia
1049 2579 1218 2626 similis
1238 2601 1264 2620 ι·
1293 2591 1307 2627 :
1358 2578 1447 2626 sed

429 2677 583 2725 pravo
604 2661 799 2725 positu,
830 2675 983 2723 quum
1008 2658 1061 2705 iu
1097 2657 1340 2722 pra-cedd.
1366 2674 1448 2705 sa-

421 2739 621 2804 piemioe
648 2741 768 2787 sacta
796 2738 980 2787 mentio
1015 2752 1118 2786 non
1151 2745 1291 2785 esset.
1318 2737 1446 2800 Spir.

430 2829 480 2866 et
504 2820 604 2867 Erl.
644 2819 799 2865 uhuic
838 2817 1009 2864 similis
1047 2826 1119 2863 est
1151 2815 1445 2880 sapientisn.

429 2896 579 2959 Quod
595 2895 762 2958 utique
783 2895 983 2943 melius:
1009 2893 1095 2941 sed
1112 2895 1219 2940 Bas.
1237 2893 1420 2957 optime
1434 2929 1449 2955 ,

428 2976 515 3039 qui
535 2984 605 3022 ese
619 2974 831 3036 ignorat.
852 2972 1109 3020 Inculcant
1125 2973 1256 3018 euim
1277 2972 1449 3020 scribo

427 3049 609 3116 ubique
626 3051 686 3098 ad
706 3049 862 3098 simile
886 3051 966 3097 vel
989 3049 1225 3098 dissimile
1248 3051 1447 3099 verbum

429 3132 580 3179 subst.
605 3129 740 3194 quod
768 3140 940 3176 auctor
965 3128 1028 3177 ad
1060 3129 1168 3176 haec
1205 3128 1446 3190 adjectiva

430 3209 659 3257 omissum
694 3218 838 3258 amat.
881 3211 953 3256 Ita
987 3224 1043 3257 v.
1075 3223 1122 3254 c.
1152 3205 1227 3254 bis
1249 3206 1445 3256 Acsdd‘.

428 3291 509 3350 11,
535 3289 594 3336 18
611 3322 627 3347 ,
655 3289 739 3350 57,
765 3283 1122 3353 primofuisse,
1146 3284 1320 3333 deinde
1347 3299 1451 3333 esse

430 3367 654 3414 insertur.
677 3369 801 3414 Item
831 3365 908 3412 bis
935 3380 1090 3428 nuper
1113 3375 1243 3413 recte
1270 3362 1449 3411 delevit

428 3444 632 3503 Schiitz,
669 3447 805 3493 Orat.
842 3458 930 3505 71,
957 3444 1056 3505 ²³7
1085 3458 1099 3493 :
1132 3442 1263 3491 «etsi
1290 3441 1449 3490 humi·

428 3525 524 3573 lius
557 3524 774 3586 dictum,
807 3533 965 3570 tamen
1004 3522 1309 3570 consimilen.
1337 3522 1449 3569 Hoc

428 3604 543 3651 loco
567 3614 641 3651 ese
659 3604 814 3663 ejecto
829 3637 843 3661 ,
860 3602 958 3649 vim
979 3618 1140 3659 suam,
1164 3613 1221 3650 ut
1238 3601 1443 3658 debent,

427 3693 477 3731 et
514 3682 783 3748 sapientia,
836 3692 886 3730 et
932 3679 1102 3729 simili:
1119 3714 1134 3740 ‚
1183 3680 1445 3744 acipiunt.

427 3762 572 3810 Adde
604 3762 814 3827 vulgata!
843 3760 1207 3825 ambiguitatem
1223 3795 1237 3816 ,
1262 3760 1446 3824 quippe

427 3857 491 3889 ex
510 3843 650 3903 cujus
666 3841 833 3906 positu
851 3851 1011 3889 certus
1028 3855 1199 3888 sensus
1214 3838 1447 3904 prodeat,

435 3942 457 3962 ι
477 3920 557 3968 bic
583 3921 778 3970 Phidia·
806 3920 952 3969 habet
989 3919 1272 3982 sapientiam
1308 3918 1446 3965 simi·

429 3996 524 4044 lem
540 4020 585 4048 ιι.
625 3999 853 4048 Ceterum
889 3998 930 4046 si
973 3998 1146 4046 Cicero
1193 3997 1289 4045 hoc
1333 3997 1448 4045 loco

432 4073 619 4137 Apellis
638 4077 893 4125 Venerem*
912 4076 1244 4141 imperfectam
1281 4089 1447 4123 recor·

432 4148 572 4199 datus
596 4164 742 4213 esset,
761 4152 897 4204 huuc
924 4156 1163 4219 pictorem
1189 4153 1313 4202 forte
1348 4169 1449 4217 pro

1607 1726 1692 1760 πο.
1713 1712 1856 1759 Hanc
1883 1710 2091 1759 intuens.
2117 1710 2250 1759 Goer.
2271 1711 2409 1760 addit
2441 1730 2556 1780 ergo

1533 1800 1647 1837 ante
1693 1788 1894 1837 inmens.
1950 1790 2113 1849 Hanc,
2161 1790 2347 1854 inquit,
2382 1808 2556 1841 vocem

1533 1869 1704 1918 Davis.
1748 1885 1812 1917 ex
1851 1885 1954 1918 nno
1994 1885 2085 1918 suo
2125 1881 2404 1934 receperat:
2439 1871 2556 1921 inde

1533 1964 1636 1997 non
1673 1948 1835 2012 paruit
1861 1938 1977 1996 Era.
2022 1947 2116 1996 Sed
2155 1958 2392 1997 testantur
2427 1961 2555 1998 recte

1531 2028 1716 2075 factum
1748 2026 1882 2091 Spir.
1918 2026 2024 2075 Erl.
2052 2026 2241 2073 Victor.
2270 2028 2401 2077 Crat.
2428 2027 2552 2076 alia.

1528 2110 1661 2158 Veu.
1692 2116 1825 2172 ¹⁴94
1852 2105 2026 2172 igitur.-
2057 2107 2163 2156 bae
2188 2106 2319 2155 enim
2355 2107 2457 2156 duo
2492 2124 2554 2157 ex

1528 2187 1676 2235 simili
1720 2202 1881 2251 comp.
1927 2186 2111 2251 ubique
2157 2186 2548 2237 confunduntur.

1528 2267 1641 2313 Hoc
1666 2264 1780 2313 loco
1807 2281 1923 2329 ergo
1954 2267 2056 2313 vim
2080 2275 2409 2332 opportunam
2434 2281 2555 2315 con-

1526 2344 1765 2392 secutioni
1787 2343 1942 2392 addit.

1599 2439 1687 2470 αι.
1733 2424 1934 2485 Qualem
1973 2421 2136 2486 igitur.
2184 2423 2314 2486 Spir.
2358 2434 2407 2471 et
2447 2426 2547 2474 Erl.

1526 2518 1703 2566 quare.
1741 2501 1838 2550 Sed
1876 2516 1939 2548 ue
1977 2501 2040 2550 de
2078 2500 2279 2569 vulgata
2325 2501 2548 2552 dubites:

1526 2580 1699 2628 scriboe
1736 2579 1789 2627 iu
1825 2579 2020 2643 qualis,
2055 2595 2149 2645 pro
2192 2578 2330 2643 quali
2363 2583 2555 2630 ratione

1528 2659 1719 2723 posito,
1762 2658 2021 2706 laeserunt.
2054 2659 2108 2706 Si
2143 2674 2301 2722 quare
2338 2661 2552 2710 scriben-

1531 2738 1651 2787 dum
1679 2749 1835 2796 esset,
1871 2737 2146 2802 sequendus
2181 2738 2327 2787 etism
2358 2740 2490 2791 Gud.
2521 2757 2550 2788 π

1529 2819 1684 2877 foret,
1714 2815 1958 2865 hominum
1994 2827 2179 2865 natura
2210 2829 2551 2883 transponens.

1529 2899 1640 2946 Jam
1685 2910 1800 2943 vero
1840 2895 2063 2959 vulgatus
2101 2894 2225 2944 ordo
2260 2897 2551 2960 probatior,

1529 2977 1715 3040 quippe
1753 2990 1855 3039 quo
1894 2975 2056 3022 statim
2091 2972 2401 3037 intelligatur,
2429 2992 2550 3039 qua-

1530 3054 1623 3103 lem
1643 3070 1699 3102 ea
1725 3053 1773 3100 vi
1791 3068 1893 3100 esse
1907 3087 1922 3113 ‚
1948 3066 2094 3114 qusm
2113 3050 2340 3099 diximus.
2359 3054 2423 3101 G.

1605 3148 1691 3180 ω.
1716 3131 1769 3178 Si
1789 3129 1918 3178 nihil
1939 3129 1991 3176 in
2015 3144 2073 3176 eo
2096 3128 2446 3196 perficiendum
2464 3145 2550 3182 est.

1531 3211 1671 3260 Goer.
1710 3207 1858 3257 scrib.
1913 3229 1935 3251 ι
1960 3208 2001 3254 si
2039 3207 2164 3255 nihil
2200 3207 2254 3255 in
2292 3225 2385 3269 eo,
2411 3211 2550 3274 quod
2629 3220 2642 3237 ⁹

1530 3285 1883 3352 perficiendum
1916 3296 2051 3334 est·-
2084 3288 2190 3345 lta,
2214 3286 2403 3350 inquit,
2439 3304 2551 3339 cum

1531 3366 1776 3430 plerisque
1822 3365 2030 3413 aliorum
2076 3366 2108 3424 4
2152 3367 2328 3429 optimi
2375 3369 2548 3418 nostri.

1531 3443 1665 3495 Gud.
1699 3461 1727 3492 2
1777 3444 1914 3509 quod
1952 3446 2209 3510 iguqrsua,
2244 3457 2354 3495 ante
2383 3446 2434 3494 in
2461 3463 2549 3505 eo,

1532 3523 1728 3589 quidem
1755 3523 1908 3574 addit.
1944 3524 2141 3573 Monac.
2177 3522 2387 3589 deniquo
2422 3548 2445 3570 ι
2465 3529 2552 3576 ssd

1534 3596 1657 3648 nihil
1698 3601 1750 3648 in
1793 3617 1854 3649 eo
1873 3637 1887 3658 ‚
1938 3601 2074 3665 quod
2100 3623 2143 3649 a.
2189 3603 2398 3667 Vulgata
2441 3617 2553 3655 aute

1534 3680 1816 3740 Davisium,
1836 3681 1924 3727 «iu
1948 3696 2009 3728 eo
2034 3681 2231 3745 quidem
2255 3684 2443 3747 peria-3
2467 3687 2555 3735 sed

1534 3759 1644 3818 hic,
1672 3775 1823 3823 quum
1847 3758 2001 3822 ipsius
2025 3775 2223 3824 quoque
2249 3761 2395 3810 codd.
2423 3765 2559 3827 qnod

1535 3838 2042 3896 referrent,ueutrum
2071 3838 2295 3903 admisit,
2317 3857 2426 3889 cum
2457 3844 2552 3890 Ur-

1537 3916 1633 3966 sini
1659 3916 1830 3965 codice
1854 3927 1903 3964 et
1933 3916 2040 3967 Pal.
2076 3919 2127 3967 5.
2161 3922 2231 3967 At
2256 3921 2428 3969 scriba
2456 3937 2556 3969 uon

1536 3996 1606 4044 sic
1625 4006 1827 4060 peccunt
1839 4030 1854 4055 ,
1879 4007 1936 4044 ut
1955 3996 2008 4043 iu
2026 3996 2268 4045 facillimis
2284 3998 2557 4061 quibusque

1537 4074 1750 4124 turbent.
1786 4076 1943 4123 Immo
1973 4075 2111 4139 quod
2141 4076 2237 4124 hoc
2271 4075 2325 4122 in
2349 4076 2515 4140 positu
2538 4112 2554 4136 ,

1537 4169 1621 4202 sos
1652 4151 1934 4211 offendisse,
1970 4151 2105 4201 haud
2132 4155 2306 4201 mirum
2337 4170 2441 4201 esse
2467 4152 2556 4203 de·
