3217 4784
638 471 731 542 88

1311 479 1409 545 Μ.
1461 480 1538 546 Τ.
1592 474 2081 546 CICERONIS

638 617 772 664 nos
804 618 847 665 a
878 593 1262 666 libidinum
1299 598 1611 697 impetu,
1644 612 1717 669 et
1743 590 2216 669 formidinum
2251 606 2578 668 terrore²
2612 600 2763 667 vin-

638 701 868 792 dicet,
906 719 978 775 et
1008 705 1235 802 ipsius
1262 704 1571 779 fortunae
1600 705 1883 779 modice
1921 704 2109 776 ferre
2143 702 2399 777 doceat
2427 705 2761 800 injuriam,

636 832 710 888 et
744 838 997 888 omnes
1025 815 1420 889 monstret³
1443 821 1627 907 vias,
1660 843 1821 915 quae
1850 815 1942 887 ad
1967 815 2283 911 quietem
2316 828 2388 885 et
2413 814 2764 912 tranquil-

635 926 909 997 litatem
943 923 1224 996 ferant:
1265 926 1637 1024 quid-est,
1676 952 1807 999 cur
1858 923 2278 998 dubitemus
2330 923 2571 996 dicere
2592 928 2650 1013 ⁴,
2690 940 2764 996 et

637 1036 1059 1133 sapientiam
1103 1051 1404 1135 propter
1450 1026 1894 1137 voluptatem
1944 1033 2418 1134 expetendam
2446 1089 2466 1123 ,
2521 1049 2594 1106 et
2646 1036 2760 1105 in-

636 1265 910 1332 applicatis.
943 1267 1081 1318 Nihil
1094 1268 1193 1330 jam
1214 1278 1286 1317 est
1297 1284 1326 1327 ,x
1348 1280 1407 1318 ut
1431 1269 1493 1318 de
1513 1268 1659 1318 insci-

639 1357 717 1395 tus
740 1356 922 1410 agatur,
942 1346 1077 1411 quod
1098 1346 1170 1394 illi
1192 1359 1323 1401 recta
1344 1349 1542 1415 regione
1568 1365 1660 1415 op-

640 1426 856 1491 ponitur.
897 1428 1067 1490 Neque
1090 1426 1262 1474 mirum
1290 1418 1446 1475 viden-li
1483 1428 1660 1488 debet,

641 1504 805 1571 quod,
840 1522 991 1570 quum
1022 1506 1226 1554 scientia
1265 1506 1472 1570 dicatur,
1512 1506 1660 1556 scitia

640 1586 862 1651 nuspiam
902 1593 1163 1634 occurrat:
1195 1597 1298 1634 tum
1334 1589 1465 1635 enim
1500 1587 1660 1636 Latini

640 1665 886 1714 communi
912 1681 1032 1713 voce
1057 1666 1181 1714 arcis
1203 1676 1425 1716 utuntur.
1469 1656 1659 1728 Ut'jam

640 1744 702 1793 ad
726 1743 964 1793 inscitiam
998 1745 1153 1808 ipsam
1180 1745 1555 1806 descendamus,
1582 1744 1661 1791 vi-

643 1824 767 1873 disse
782 1825 1025 1872 Bnemium
1044 1824 1229 1893 aliquid
1243 1858 1258 1879 ‚
1281 1824 1445 1887 negari
1465 1824 1661 1887 nequit,

643 1920 794 1968 quum
817 1918 989 1952 vocem
1004 1902 1132 1950 hanc
1151 1924 1178 1944 σι
1193 1901 1435 1950 defectum
1456 1901 1661 1950 faculta-

644 1983 707 2031 tis
741 1982 951 2031 faciendi
985 1980 1173 2045 aliquid
1195 2002 1218 2025 ι
1250 1980 1492 2029 definiret.
1525 1980 1665 2030 Idem

645 2079 841 2128 quoque
874 2064 927 2110 in
950 2061 1047 2109 hoc
1068 2073 1200 2110 recte
1219 2061 1489 2125 judicavit,
1516 2061 1665 2109 insci«-

646 2140 769 2198 1iam
807 2156 919 2188 eum
958 2137 1166 2187 stultida
1195 2156 1295 2188 non
1339 2155 1531 2205 semper
1562 2155 1667 2187 esse

645 2221 880 2269 eamdem.
894 2222 964 2268 At
976 2219 1075 2267 hoo
1088 2220 1229 2268 simul
1244 2230 1375 2284 patet
1387 2256 1401 2282 ,
1414 2219 1666 2268 notionem

647 2299 710 2347 ab
728 2314 789 2347 eo
808 2299 1108 2364 propositam
1120 2299 1289 2359 latius,
1301 2316 1445 2365 quam
1462 2317 1550 2365 par
1567 2310 1668 2359 est,

646 2389 812 2444 patere
828 2411 844 2435 ,
878 2394 1031 2443 quum
1056 2380 1147 2427 iste
1177 2377 1391 2444 dffectus
1400 2378 1668 2445 facultatis

650 2459 719 2507 ita
737 2458 1202 2507 circumscribendus
1224 2460 1311 2517 ait,
1332 2470 1388 2508 ut
1402 2456 1670 2509 solummo-

652 2538 720 2586 do
749 2537 812 2585 ad
852 2553 1009 2586 rerum
1039 2537 1267 2587 idoneam
1292 2539 1668 2604 applicationem

654 2618 902 2666 reseratur.
940 2617 1092 2681 Quod
1122 2619 1164 2665 si
1213 2629 1285 2667 est
1303 2653 1319 2680 ,
1353 2617 1444 2666 alia
1472 2632 1671 2681 quoque

652 2698 697 2745 ei
726 2697 869 2745 notio
901 2688 1146 2754 adheret,
1182 2712 1326 2761 quam
1359 2713 1471 2761 quae
1508 2706 1581 2744 est
1618 2695 1671 2742 in

651 2774 894 2825 stulticia.-
931 2777 998 2824 ita
1027 2785 1184 2823 tamen
1202 2809 1218 2835 ,
1256 2788 1313 2825 ut
1343 2775 1448 2824 haec
1478 2775 1550 2823 illi
1576 2774 1673 2822 fre·

652 2865 857 2919 quenter
891 2870 1056 2903 comes
1086 2853 1228 2903 adsit.
1267 2854 1366 2904 Sed
1400 2855 1529 2903 idem
1558 2851 1673 2911 ille,

653 2936 871 2984 notionis
908 2934 1068 2995 illius,
1113 2936 1259 2983 nimis
1303 2933 1398 2981 late
1433 2933 1676 2997 patentis,

654 3014 822 3080 culpa,
849 3015 970 3064 salso
992 3015 1190 3075 statuit,
1210 3012 1449 3063 imae'e'am
1473 3026 1566 3075 pro
1594 3010 1674 3057 in-

653 3094 857 3159 scientia
882 3106 1013 3144 recte
1037 3094 1135 3142 dici
1163 3108 1304 3157 posse
1320 3125 1335 3149 ‚
1368 3091 1554 3156 quippe
1580 3105 1676 3154 qua

656 3174 890 3221 sententia
928 3174 1032 3221 hoec
1069 3173 1232 3220 omnia
1270 3171 1431 3219 denuo
1466 3169 1679 3218 confun-

659 3251 855 3299 dantur.
883 3251 979 3298 Sed
1004 3250 1301 3299 declinemus
1327 3252 1376 3297 in
1398 3250 1541 3298 viam.
1565 3251 1678 3297 Hoc

659 3331 773 3379 loco
794 3344 859 3376 ne
882 3329 959 3379 his
983 3328 1179 3391 quidem
1196 3363 1210 3389 ,
1246 3330 1399 3377 fusius
1418 3330 1672 3394 expositis,

659 3407 900 3456 continuo
937 3418 1033 3455 tete
1074 3407 1343 3472 expediet-ia
1368 3424 1381 3457 ε
1408 3422 1559 3473 quum
1595 3408 1675 3456 in·

658 3484 858 3535 scienda
870 3518 886 3540 ,
912 3495 1083 3549 utpote
1100 3498 1253 3535 mater
1268 3489 1443 3535 erroris
1458 3522 1474 3546 ,
1491 3502 1677 3552 prepo-

661 3565 819 3615 nenda
841 3566 1015 3624 fuisse,
1041 3575 1089 3613 et
1114 3568 1283 3630 paucis
1309 3576 1427 3630 post
1449 3566 1677 3631 insipien-

661 3645 733 3692 tia
756 3645 912 3708 posita
927 3679 942 3705 ,
960 3643 1151 3692 inscicia
1176 3646 1407 3708 explicari
1434 3645 1676 3694 videatur.

662 3727 733 3773 At
753 3722 1022 3772 notandum
1036 3736 1135 3781 est,
1154 3725 1441 3773 Ciceronem
1460 3740 1589 3788 sepe
1611 3725 1682 3773 sic

662 3802 818 3851 errori
830 3802 1139 3851 inscientiam
1159 3803 1417 3864 subjicere,
1432 3814 1490 3853 ut
1503 3803 1682 3869 copula

662 3894 741 3938 et,
778 3882 982 3930 omnino
1014 3883 1199 3941 valeat3
1232 3883 1298 3931 cf.
1325 3886 1514 3931 Invent.
1542 3886 1591 3941 1,
1623 3897 1647 3929 1
1666 3916 1682 3943 ,

666 3978 732 4011 2:
762 3986 787 4005 κ
812 3963 915 4023 Ita,
952 3972 1154 4025 propter
1179 3976 1389 4010 errorem
1420 3974 1567 4026 atque
1602 3962 1682 4009 in·

666 4042 913 4092 scientiam
929 4077 943 4103 ,
964 4056 1087 4088 eaeca
1111 4038 1168 4088 ac
1195 4043 1440 4089 temeraria
1467 4041 1685 4088 domina-

668 4125 763 4170 trix
789 4123 935 4171 animi
966 4122 1235 4187 cupiditas,
1270 4134 1361 4171 etc.
1390 4143 1413 4165 ι
1446 4138 1538 4187 pro
1566 4122 1685 4169 Sull.

1743 1270 2038 1328 inscientiae,
2055 1268 2374 1317 clarissimum
2396 1266 2561 1316 lumen
2583 1277 2766 1332 praetu-

1745 1351 1870 1400 listis
1895 1350 2049 1398 menti
2075 1366 2193 1398 mee
2218 1369 2268 1398 n.
2305 1350 2472 1412 Atque
2497 1364 2560 1397 ne
2588 1349 2667 1397 vel
2693 1348 2772 1396 his

1745 1433 1798 1478 in
1824 1431 1946 1479 locis
1973 1430 2195 1488 dubites,
2222 1445 2373 1500 quum
2401 1428 2543 1481 etiam
2570 1427 2639 1475 ibi
2668 1443 2768 1475 non

1748 1521 1975 1558 constans
1996 1508 2059 1556 sit
2077 1508 2224 1556 lectio
2240 1543 2256 1567 ,
2280 1507 2381 1555 vid.
2407 1506 2521 1554 Nat.
2543 1506 2692 1554 Deor.
2718 1503 2772 1564 I,

1754 1604 1800 1647 1,
1842 1602 1918 1637 a:
1964 1588 2062 1635 «in
2102 1602 2291 1635 summo
2331 1602 2495 1634 errore
2531 1596 2677 1650 atque
2716 1585 2770 1632 in

1747 1668 2062 1716 maximarum
2103 1682 2264 1715 rerum
2309 1666 2614 1731 ignoratione
2657 1680 2770 1712 ver·

1748 1748 1842 1796 nri
1868 1768 1915 1795 a.
1943 1749 2008 1797 G.

1821 1842 1871 1875 a.
1899 1822 2304 1891 cher-midinum
2330 1835 2525 1873 terrore.
2555 1824 2694 1872 Goer.
2724 1833 2776 1870 ee

1750 1904 2137 1970 afhmidinum.
2157 1903 2322 1968 Vulgo
2336 1937 2353 1963 ,
2371 1902 2558 1966 inquit,
2587 1919 2622 1950 a
2647 1901 2776 1949 desi·

1752 1983 1978 2032 deratur:
2016 1982 2103 2030 sed
2134 1983 2303 2030 Daris.
2339 1997 2401 2029 ex
2438 1981 2539 2028 suis
2562 1990 2775 2044 quatuor

1750 2062 1970 2121 addidit,
1994 2070 2226 2126 aequente
2252 2060 2385 2108 hunc
2412 2061 2629 2121 Bremio3
2656 2061 2776 2109 Ern.

1751 2153 1924 2192 contra
1952 2157 2103 2207 prave
2133 2138 2198 2188 ad
2224 2139 2474 2203 vulgatum
2508 2139 2773 2190 relabente.

1752 2225 1826 2271 Ita
1845 2223 1974 2271 enim
1987 2220 2206 2287 repetitis
2217 2219 2402 2283 ubique
2416 2235 2652 2285 praeposs.
2671 2219 2777 2269 Cic.

1751 2304 1805 2353 in
1835 2318 2022 2363 rerum,
2048 2316 2463 2367 personarumque
2502 2298 2779 2347 diversitate

1752 2384 1895 2434 solet.
1921 2381 2107 2430 Eodem
2133 2379 2287 2427 modo
2316 2374 2536 2426 ex'binis
2561 2378 2683 2424 meis
2708 2392 2782 2424 re·
2808 2436 2822 2441 -

1753 2476 1908 2527 pones
1926 2461 2082 2522 Ligar.
2106 2458 2135 2503 8
2151 2491 2167 2517 ,
2194 2456 2259 2502 25
2281 2468 2295 2502 :
2320 2477 2346 2497 ιι
2364 2455 2551 2502 etiamsi
2571 2469 2598 2500 a
2613 2454 2779 2511 Varo,

1756 2550 1804 2589 et
1818 2555 1846 2586 a
1862 2535 2153 2602 quibusdam
2166 2533 2291 2591 aliis,
2304 2532 2545 2597 prohibiti
2557 2533 2722 2580 essetis
2733 2552 2778 2579 n.

1753 2617 1920 2681 Vulgo
1938 2631 1971 2662 a
1989 2614 2233 2679 posterior
2246 2611 2397 2661 deest.
2418 2612 2589 2660 Nostri
2611 2625 2781 2659 omnes

1757 2714 1793 2745 a
1817 2705 2061 2760 repetunt.
2089 2694 2315 2755 Ceterum
2341 2691 2420 2739 his
2455 2690 2556 2738 duo
2582 2690 2785 2754 Epicuri

1758 2775 1907 2825 verba
1947 2772 2288 2837 exprimuntur
2332 2769 2517 2822 ἀπονία
2558 2780 2607 2818 et
2654 2768 2785 2822 ἀτα.

1760 2853 1919 2927 (aazia.
1946 2853 2024 2903 Cf.
2047 2852 2195 2915 Πίος.
2216 2853 2295 2910 X,
2317 2850 2350 2916 S
2377 2851 2498 2900 136.

1834 2936 1883 2983 3.
1923 2935 2179 2983 Morem-et.
2222 2931 2353 2980 Gud.
2393 2947 2438 2980 1.
2471 2935 2540 2980 X.
2575 2933 2643 2981 V.
2672 2946 2785 2979 cum

1761 3016 1816 3062 Ρ.
1838 3014 1988 3061 Mars.
2015 3010 2114 3059 hoc
2135 3011 2340 3059 verbum
2360 3010 2505 3075 plane
2527 3010 2779 3073 ignorant,

1763 3095 1903 3156 cujus
1940 3093 2053 3140 loco
2092 3101 2189 3139 tres
2225 3092 2429 3139 Oxonn.
2475 3100 2525 3137 et
2560 3088 2691 3136 Gud.
2721 3103 2785 3147 a,

1764 3174 1940 3222 doceat
1979 3172 2077 3235 (ex
2121 3170 2362 3236 proximis
2408 3167 2635 3217 videlieet
2674 3176 2788 3216 ante

1764 3252 2087 3318 repetitum),
2123 3249 2370 3297 exhibent.
2410 3249 2479 3296 At
2514 3244 2666 3310 quum
2695 3246 2788 3293 hac

1760 3341 2002 3381 structura
2020 3328 2173 3377 verbo
2189 3328 2275 3376 illo
2295 3343 2420 3390 aegre
2439 3341 2790 3389 eareas‚quum-

1761 3427 1856 3476 que
1875 3409 2003 3457 idem
2021 3410 2074 3456 iu
2086 3408 2284 3472 optimis
2305 3406 2446 3463 meis,
2467 3405 2565 3453 Erl.
2587 3414 2636 3451 et
2654 3405 2786 3470 Spir.
2827 3428 2836 3431 ·

1761 3488 1964 3553 legatur,
1979 3504 2093 3536 casu
2111 3486 2164 3533 id
2183 3484 2421 3534 excidisse
2440 3484 2603 3532 malim
2615 3517 2630 3543 ,
2644 3499 2788 3549 quam

1764 3570 2009 3618 intrusum
2026 3576 2218 3631 putare.
2248 3568 2313 3615 G.

1839 3656 1893 3704 4.
1946 3646 2222 3696 Drebitemm
2275 3644 2453 3693 dicere.
2506 3641 2793 3691 Existimat-e

1765 3728 1937 3787 liceat,
1963 3725 2126 3775 dicere
2151 3725 2357 3790 glossam
2389 3722 2664 3770 adhaesisse.
2696 3720 2794 3769 Sed

1768 3806 2155 3872 frequentissime
2204 3802 2405 3851 verbum
2458 3802 2555 3850 hoe
2604 3801 2795 3849 auctori

1768 3897 1980 3935 stamen
2016 3884 2179 3932 valet:
2215 3881 2340 3930 nihil
2379 3892 2453 3929 est
2489 3880 2661 3944 igitur,
2707 3896 2796 3928 cur

1769 3965 2010 4026 abiectum
2026 3962 2161 4018 velis,
2179 3961 2490 4025 quantumvis
2509 3975 2639 4023 saepe
2651 3963 2793 4008 etiam

1772 4061 1798 4092 a
1836 4043 2005 4092 scribis
2041 4041 2281 4101 adjectum
2321 4039 2601 4104 reperiatur.
2644 4040 2795 4088 Recte

1773 4135 1933 4171 autem
1975 4119 2218 4168 infinitum
2267 4130 2458 4183 tempus
2496 4134 2605 4165 cum
2647 4120 2697 4167 vi
2742 4120 2796 4166 in

676 4219 693 4250 ι
708 4213 730 4257 4
748 4236 762 4262 ‚
786 4212 852 4260 4ο
874 4221 887 4252 :
909 4226 935 4246 α
952 4205 1004 4251 in
1033 4203 1179 4251 tantis
1206 4201 1415 4251 tenebris
1441 4203 1618 4251 erroris
1640 4214 1688 4250 et
1773 4201 1988 4250 clausula
2015 4199 2228 4264 positum
2251 4197 2461 4263 putabis.
2485 4199 2550 4247 G.
