<?xml version="1.0" encoding="UTF-8"?>
<!DOCTYPE html PUBLIC "-//W3C//DTD XHTML 1.0 Transitional//EN"
    "http://www.w3.org/TR/xhtml1/DTD/xhtml1-transitional.dtd">
<html xmlns="http://www.w3.org/1999/xhtml" xml:lang="en" lang="en">
 <head>
  <title>
</title>
<meta http-equiv="Content-Type" content="text/html;charset=utf-8" />
  <meta name='ocr-system' content='tesseract 3.04.00' />
  <meta name='ocr-capabilities' content='ocr_page ocr_carea ocr_par ocr_line ocrx_word'/>
</head>
<body>
  <div class='ocr_page' id='page_1' title='image "./mtciceronisquae00clergoog/mtciceronisquae00clergoog_0304.png"; bbox 0 0 3217 4784; ppageno 0'>
   <div class='ocr_carea' id='block_1_1' title="bbox 618 431 2062 516">
    <p class='ocr_par' dir='ltr' id='par_1_1' title="bbox 618 431 2062 516">
     <span class='ocr_line' id='line_1_1' title="bbox 618 431 2062 516; baseline 0.001 -14"><span class='ocrx_word' id='word_1_1' title='bbox 618 431 757 516; x_wconf 76' lang='lat'><strong>284</strong></span> <span class='ocrx_word' id='word_1_2' title='bbox 1296 434 1395 500; x_wconf 91' lang='lat' dir='ltr'><strong>M.</strong></span> <span class='ocrx_word' id='word_1_3' title='bbox 1446 433 1524 500; x_wconf 91' lang='lat' dir='ltr'><strong>T.</strong></span> <span class='ocrx_word' id='word_1_4' title='bbox 1577 433 2062 503; x_wconf 85' lang='lat' dir='ltr'>CICERONIS</span> 
     </span>
    </p>
   </div>
   <div class='ocr_carea' id='block_1_2' title="bbox 526 549 2749 1637">
    <p class='ocr_par' dir='ltr' id='par_1_2' title="bbox 526 549 2749 1637">
     <span class='ocr_line' id='line_1_2' title="bbox 618 549 2732 651; baseline -0.001 -27"><span class='ocrx_word' id='word_1_5' title='bbox 618 552 831 626; x_wconf 88' lang='lat' dir='ltr'><strong>dolor</strong></span> <span class='ocrx_word' id='word_1_6' title='bbox 879 574 1237 623; x_wconf 89' lang='lat' dir='ltr'><strong>summum</strong></span> <span class='ocrx_word' id='word_1_7' title='bbox 1279 549 1551 631; x_wconf 81' lang='lat' dir='ltr'><strong>malum</strong></span> <span class='ocrx_word' id='word_1_8' title='bbox 1594 566 1724 622; x_wconf 85' lang='lat' dir='ltr'><strong>est.</strong></span> <span class='ocrx_word' id='word_1_9' title='bbox 1774 552 1933 622; x_wconf 91' lang='lat' dir='ltr'><strong>Dici</strong></span> <span class='ocrx_word' id='word_1_10' title='bbox 1985 551 2192 623; x_wconf 89' lang='lat' dir='ltr'><strong>aliter</strong></span> <span class='ocrx_word' id='word_1_11' title='bbox 2249 577 2400 624; x_wconf 90' lang='lat' dir='ltr'><strong>non</strong></span> <span class='ocrx_word' id='word_1_12' title='bbox 2469 569 2732 651; x_wconf 87' lang='lat' dir='ltr'><strong>potest.</strong></span> 
     </span>
     <span class='ocr_line' id='line_1_3' title="bbox 620 652 2735 757; baseline -0.001 -22"><span class='ocrx_word' id='word_1_13' title='bbox 620 660 759 735; x_wconf 84' lang='lat' dir='ltr'><strong>Sed</strong></span> <span class='ocrx_word' id='word_1_14' title='bbox 798 659 1169 734; x_wconf 81' lang='lat' dir='ltr'><strong>audiamus</strong></span> <span class='ocrx_word' id='word_1_15' title='bbox 1217 660 1494 757; x_wconf 89' lang='lat' dir='ltr'><strong>ipsum:</strong></span> <span class='ocrx_word' id='word_1_16' title='bbox 1536 689 1570 724; x_wconf 73' lang='grc' dir='ltr'><strong>α</strong></span> <span class='ocrx_word' id='word_1_17' title='bbox 1598 659 2226 757; x_wconf 80' lang='lat' dir='ltr'><strong>compensabatur</strong></span> <span class='ocrx_word' id='word_1_18' title='bbox 2281 676 2560 749; x_wconf 89' lang='lat' dir='ltr'><strong>tamen,</strong></span> <span class='ocrx_word' id='word_1_19' title='bbox 2612 652 2735 733; x_wconf 69' lang='lat' dir='ltr'><strong>in·¹</strong></span> 
     </span>
     <span class='ocr_line' id='line_1_4' title="bbox 625 767 2740 869; baseline 0.001 -28"><span class='ocrx_word' id='word_1_20' title='bbox 625 772 784 869; x_wconf 89' lang='lat' dir='ltr'><strong>quit</strong></span> <span class='ocrx_word' id='word_1_21' title='bbox 801 783 855 859; x_wconf 87' lang='lat'><strong>⁷,</strong></span> <span class='ocrx_word' id='word_1_22' title='bbox 910 792 1076 840; x_wconf 89' lang='lat' dir='ltr'><strong>cum</strong></span> <span class='ocrx_word' id='word_1_23' title='bbox 1133 768 1244 839; x_wconf 90' lang='lat' dir='ltr'><strong>his</strong></span> <span class='ocrx_word' id='word_1_24' title='bbox 1280 767 1624 841; x_wconf 89' lang='lat' dir='ltr'><strong>omnibus</strong></span> <span class='ocrx_word' id='word_1_25' title='bbox 1672 770 1892 841; x_wconf 86' lang='lat' dir='ltr'><strong>animi</strong></span> <span class='ocrx_word' id='word_1_26' title='bbox 1929 769 2198 858; x_wconf 68' lang='lat' dir='ltr'><strong>laetitia,</strong></span> <span class='ocrx_word' id='word_1_27' title='bbox 2246 796 2466 868; x_wconf 89' lang='lat' dir='ltr'><strong>quam</strong></span> <span class='ocrx_word' id='word_1_28' title='bbox 2510 774 2740 868; x_wconf 86' lang='lat' dir='ltr'><strong>capie-</strong></span> 
     </span>
     <span class='ocr_line' id='line_1_5' title="bbox 623 877 2738 977; baseline 0 -26"><span class='ocrx_word' id='word_1_29' title='bbox 623 880 791 951; x_wconf 89' lang='lat' dir='ltr'><strong>bam</strong></span> <span class='ocrx_word' id='word_1_30' title='bbox 851 879 1204 950; x_wconf 85' lang='lat' dir='ltr'><strong>memoria</strong></span> <span class='ocrx_word' id='word_1_31' title='bbox 1257 879 1620 950; x_wconf 89' lang='lat' dir='ltr'><strong>rationum</strong></span> <span class='ocrx_word' id='word_1_32' title='bbox 1660 935 1680 969; x_wconf 88' lang='lat'><strong><em>‚</em></strong></span> <span class='ocrx_word' id='word_1_33' title='bbox 1743 877 2400 977; x_wconf 80' lang='lat' dir='ltr'><strong>inventorumque⁸</strong></span> <span class='ocrx_word' id='word_1_34' title='bbox 2450 896 2738 952; x_wconf 87' lang='lat' dir='ltr'><strong>nostro-</strong></span> 
     </span>
     <span class='ocr_line' id='line_1_6' title="bbox 625 988 2740 1089; baseline 0 -27"><span class='ocrx_word' id='word_1_35' title='bbox 625 1013 811 1062; x_wconf 88' lang='lat' dir='ltr'><strong>rum.</strong></span> <span class='ocrx_word' id='word_1_36' title='bbox 866 988 1006 1060; x_wconf 92' lang='lat' dir='ltr'><strong>Sed</strong></span> <span class='ocrx_word' id='word_1_37' title='bbox 1053 1004 1176 1077; x_wconf 89' lang='lat' dir='ltr'><strong>tu,</strong></span> <span class='ocrx_word' id='word_1_38' title='bbox 1221 1003 1304 1060; x_wconf 89' lang='lat' dir='ltr'><strong>ut</strong></span> <span class='ocrx_word' id='word_1_39' title='bbox 1355 989 1656 1088; x_wconf 85' lang='lat' dir='ltr'><strong>dignum</strong></span> <span class='ocrx_word' id='word_1_40' title='bbox 1706 1005 1815 1063; x_wconf 89' lang='lat' dir='ltr'><strong>est</strong></span> <span class='ocrx_word' id='word_1_41' title='bbox 1862 1005 1985 1063; x_wconf 91' lang='lat' dir='ltr'><strong>tua</strong></span> <span class='ocrx_word' id='word_1_42' title='bbox 2034 1016 2201 1087; x_wconf 86' lang='lat' dir='ltr'><strong>erga</strong></span> <span class='ocrx_word' id='word_1_43' title='bbox 2238 1016 2401 1077; x_wconf 88' lang='lat' dir='ltr'><strong>me,</strong></span> <span class='ocrx_word' id='word_1_44' title='bbox 2447 1008 2520 1064; x_wconf 89' lang='lat' dir='ltr'><strong>et</strong></span> <span class='ocrx_word' id='word_1_45' title='bbox 2572 1016 2740 1089; x_wconf 85' lang='lat' dir='ltr'><strong>erga</strong></span> 
     </span>
     <span class='ocr_line' id='line_1_7' title="bbox 628 1098 2742 1199; baseline 0.001 -30"><span class='ocrx_word' id='word_1_46' title='bbox 628 1098 1150 1197; x_wconf 84' lang='lat' dir='ltr'><strong>philosophiam</strong></span> <span class='ocrx_word' id='word_1_47' title='bbox 1193 1099 1563 1172; x_wconf 82' lang='lat' dir='ltr'><strong>voluntate</strong></span> <span class='ocrx_word' id='word_1_48' title='bbox 1599 1099 1691 1172; x_wconf 93' lang='lat' dir='ltr'><strong>ab</strong></span> <span class='ocrx_word' id='word_1_49' title='bbox 1729 1099 2263 1173; x_wconf 89' lang='lat' dir='ltr'><strong>adolescentulo</strong></span> <span class='ocrx_word' id='word_1_50' title='bbox 2292 1112 2325 1162; x_wconf 87' lang='grc'>9</span> <span class='ocrx_word' id='word_1_51' title='bbox 2371 1116 2700 1199; x_wconf 84' lang='lat' dir='ltr'><strong>suscepta</strong></span> <span class='ocrx_word' id='word_1_52' title='bbox 2724 1155 2742 1184; x_wconf 86' lang='lat'>‚</span> 
     </span>
     <span class='ocr_line' id='line_1_8' title="bbox 526 1208 2747 1309; baseline 0.001 -29"><span class='ocrx_word' id='word_1_53' title='bbox 526 1254 594 1308; x_wconf 84' lang='lat'><strong>97</strong></span> <span class='ocrx_word' id='word_1_54' title='bbox 631 1209 742 1281; x_wconf 84' lang='lat' dir='ltr'><strong>fac</strong></span> <span class='ocrx_word' id='word_1_55' title='bbox 781 1224 864 1281; x_wconf 90' lang='lat' dir='ltr'><strong>ut</strong></span> <span class='ocrx_word' id='word_1_56' title='bbox 891 1208 1282 1282; x_wconf 84' lang='lat' dir='ltr'><strong>Metrodori</strong></span> <span class='ocrx_word' id='word_1_57' title='bbox 1332 1226 1576 1283; x_wconf 84' lang='lat' dir='ltr'><strong>tueare</strong></span> <span class='ocrx_word' id='word_1_58' title='bbox 1619 1209 1886 1283; x_wconf 88' lang='lat' dir='ltr'><strong>liberos</strong></span> <span class='ocrx_word' id='word_1_59' title='bbox 1916 1241 1972 1281; x_wconf 72' lang='lat' dir='ltr'><strong>n.</strong></span> <span class='ocrx_word' id='word_1_60' title='bbox 2003 1213 2170 1281; x_wconf 88' lang='lat' dir='ltr'><strong>Non</strong></span> <span class='ocrx_word' id='word_1_61' title='bbox 2215 1235 2349 1308; x_wconf 85' lang='lat' dir='ltr'><strong>ego</strong></span> <span class='ocrx_word' id='word_1_62' title='bbox 2386 1211 2532 1306; x_wconf 88' lang='lat' dir='ltr'><strong>jam</strong></span> <span class='ocrx_word' id='word_1_63' title='bbox 2567 1215 2747 1309; x_wconf 91' lang='lat' dir='ltr'><strong>Epa-</strong></span> 
     </span>
     <span class='ocr_line' id='line_1_9' title="bbox 632 1317 2746 1413; baseline 0.002 -26"><span class='ocrx_word' id='word_1_64' title='bbox 632 1317 1032 1405; x_wconf 82' lang='lat' dir='ltr'><strong>minondae,</strong></span> <span class='ocrx_word' id='word_1_65' title='bbox 1075 1344 1226 1390; x_wconf 93' lang='lat' dir='ltr'><strong>non</strong></span> <span class='ocrx_word' id='word_1_66' title='bbox 1279 1318 1614 1392; x_wconf 78' lang='lat' dir='ltr'><strong>Leonidae</strong></span> <span class='ocrx_word' id='word_1_67' title='bbox 1662 1334 1971 1392; x_wconf 90' lang='lat' dir='ltr'><strong>mortem</strong></span> <span class='ocrx_word' id='word_1_68' title='bbox 2021 1319 2237 1413; x_wconf 89' lang='lat' dir='ltr'><strong>hujus</strong></span> <span class='ocrx_word' id='word_1_69' title='bbox 2291 1322 2506 1391; x_wconf 90' lang='lat' dir='ltr'><strong>morti</strong></span> <span class='ocrx_word' id='word_1_70' title='bbox 2551 1336 2746 1392; x_wconf 83' lang='lat' dir='ltr'><strong>ante-</strong></span> 
     </span>
     <span class='ocr_line' id='line_1_10' title="bbox 634 1428 2748 1527; baseline 0.003 -31"><span class='ocrx_word' id='word_1_71' title='bbox 634 1451 835 1524; x_wconf 91' lang='lat' dir='ltr'><strong>pono</strong></span> <span class='ocrx_word' id='word_1_72' title='bbox 875 1454 892 1496; x_wconf 83' lang='lat'>:</span> <span class='ocrx_word' id='word_1_73' title='bbox 956 1452 1266 1525; x_wconf 86' lang='lat' dir='ltr'><strong>quorum</strong></span> <span class='ocrx_word' id='word_1_74' title='bbox 1333 1428 1512 1501; x_wconf 89' lang='lat' dir='ltr'><strong>alter</strong></span> <span class='ocrx_word' id='word_1_75' title='bbox 1560 1454 1791 1527; x_wconf 91' lang='lat' dir='ltr'><strong>quum</strong></span> <span class='ocrx_word' id='word_1_76' title='bbox 1846 1429 2125 1501; x_wconf 84' lang='lat' dir='ltr'><strong>vicisset</strong></span> <span class='ocrx_word' id='word_1_77' title='bbox 2171 1429 2748 1521; x_wconf 70' lang='lat' dir='ltr'><strong>Lacedaemonios</strong></span> 
     </span>
     <span class='ocr_line' id='line_1_11' title="bbox 633 1535 2749 1637; baseline 0.002 -31"><span class='ocrx_word' id='word_1_78' title='bbox 633 1535 825 1635; x_wconf 81' lang='lat' dir='ltr'><strong>apud</strong></span> <span class='ocrx_word' id='word_1_79' title='bbox 861 1539 1331 1625; x_wconf 86' lang='lat' dir='ltr'><strong>Mantineam,</strong></span> <span class='ocrx_word' id='word_1_80' title='bbox 1370 1540 1729 1637; x_wconf 89' lang='lat' dir='ltr'><strong>simulque</strong></span> <span class='ocrx_word' id='word_1_81' title='bbox 1751 1548 1817 1583; x_wconf 87' lang='lat'><strong>¹⁰</strong></span> <span class='ocrx_word' id='word_1_82' title='bbox 1849 1542 2001 1636; x_wconf 90' lang='lat' dir='ltr'><strong>ipse</strong></span> <span class='ocrx_word' id='word_1_83' title='bbox 2037 1541 2231 1636; x_wconf 86' lang='lat' dir='ltr'><strong>gravi</strong></span> <span class='ocrx_word' id='word_1_84' title='bbox 2263 1539 2561 1612; x_wconf 87' lang='lat' dir='ltr'><strong>vulnere</strong></span> <span class='ocrx_word' id='word_1_85' title='bbox 2590 1565 2749 1611; x_wconf 81' lang='lat' dir='ltr'><strong>exa·</strong></span> 
     </span>
    </p>
   </div>
   <div class='ocr_carea' id='block_1_3' title="bbox 634 1646 2835 1747">
    <p class='ocr_par' dir='ltr' id='par_1_3' title="bbox 634 1646 2835 1747">
     <span class='ocr_line' id='line_1_12' title="bbox 634 1646 2835 1747; baseline 0 -30"><span class='ocrx_word' id='word_1_86' title='bbox 634 1648 895 1718; x_wconf 88' lang='lat' dir='ltr'><strong>nimari</strong></span> <span class='ocrx_word' id='word_1_87' title='bbox 920 1672 997 1718; x_wconf 87' lang='lat' dir='ltr'><strong>se</strong></span> <span class='ocrx_word' id='word_1_88' title='bbox 1036 1646 1348 1735; x_wconf 80' lang='lat' dir='ltr'><strong>videret3</strong></span> <span class='ocrx_word' id='word_1_89' title='bbox 1381 1664 1462 1719; x_wconf 89' lang='lat' dir='ltr'><strong>ut</strong></span> <span class='ocrx_word' id='word_1_90' title='bbox 1498 1651 1811 1747; x_wconf 86' lang='lat' dir='ltr'><strong>primum</strong></span> <span class='ocrx_word' id='word_1_91' title='bbox 1860 1648 2211 1747; x_wconf 84' lang='lat' dir='ltr'><strong>dispexit,</strong></span> <span class='ocrx_word' id='word_1_92' title='bbox 2247 1650 2592 1745; x_wconf 68' lang='lat' dir='ltr'><strong>quaesivit,</strong></span> <span class='ocrx_word' id='word_1_93' title='bbox 2616 1648 2751 1721; x_wconf 83' lang='lat' dir='ltr'><strong>sal·</strong></span> <span class='ocrx_word' id='word_1_94' title='bbox 2827 1684 2835 1690; x_wconf 94' lang='lat'>·</span> 
     </span>
    </p>
   </div>
   <div class='ocr_carea' id='block_1_4' title="bbox 634 1755 2761 2293">
    <p class='ocr_par' dir='ltr' id='par_1_4' title="bbox 634 1755 2761 2293">
     <span class='ocr_line' id='line_1_13' title="bbox 634 1755 2751 1855; baseline 0.001 -31"><span class='ocrx_word' id='word_1_95' title='bbox 634 1782 861 1830; x_wconf 87' lang='lat' dir='ltr'><strong>vusne</strong></span> <span class='ocrx_word' id='word_1_96' title='bbox 906 1773 1092 1830; x_wconf 87' lang='lat' dir='ltr'><strong>esset</strong></span> <span class='ocrx_word' id='word_1_97' title='bbox 1141 1758 1480 1855; x_wconf 82' lang='lat' dir='ltr'><strong>clypeus?</strong></span> <span class='ocrx_word' id='word_1_98' title='bbox 1530 1764 1778 1852; x_wconf 88' lang='lat' dir='ltr'><strong>Quum</strong></span> <span class='ocrx_word' id='word_1_99' title='bbox 1820 1759 2098 1831; x_wconf 88' lang='lat' dir='ltr'><strong>salvum</strong></span> <span class='ocrx_word' id='word_1_100' title='bbox 2135 1782 2288 1829; x_wconf 86' lang='lat' dir='ltr'><strong>esse</strong></span> <span class='ocrx_word' id='word_1_101' title='bbox 2333 1755 2586 1829; x_wconf 89' lang='lat' dir='ltr'><strong>flentes</strong></span> <span class='ocrx_word' id='word_1_102' title='bbox 2639 1758 2751 1828; x_wconf 89' lang='lat' dir='ltr'><strong>sui</strong></span> 
     </span>
     <span class='ocr_line' id='line_1_14' title="bbox 639 1865 2753 1967; baseline -0.001 -28"><span class='ocrx_word' id='word_1_103' title='bbox 639 1865 1220 1967; x_wconf 85' lang='lat' dir='ltr'><strong>respondissent:</strong></span> <span class='ocrx_word' id='word_1_104' title='bbox 1266 1870 1579 1964; x_wconf 86' lang='lat' dir='ltr'><strong>rogavit,</strong></span> <span class='ocrx_word' id='word_1_105' title='bbox 1608 1883 1943 1941; x_wconf 84' lang='lat' dir='ltr'><strong>essentne</strong></span> <span class='ocrx_word' id='word_1_106' title='bbox 1975 1868 2120 1940; x_wconf 84' lang='lat' dir='ltr'><strong>fusi</strong></span> <span class='ocrx_word' id='word_1_107' title='bbox 2153 1867 2440 1939; x_wconf 78' lang='lat' dir='ltr'><strong>hostes?</strong></span> <span class='ocrx_word' id='word_1_108' title='bbox 2477 1870 2753 1958; x_wconf 90' lang='lat' dir='ltr'><strong>Quum·</strong></span> 
     </span>
     <span class='ocr_line' id='line_1_15' title="bbox 641 1976 2756 2075; baseline -0.001 -26"><span class='ocrx_word' id='word_1_109' title='bbox 641 2003 784 2075; x_wconf 88' lang='lat' dir='ltr'><strong>que</strong></span> <span class='ocrx_word' id='word_1_110' title='bbox 814 1976 887 2047; x_wconf 87' lang='lat' dir='ltr'><strong>id</strong></span> <span class='ocrx_word' id='word_1_111' title='bbox 917 2001 1212 2074; x_wconf 88' lang='lat' dir='ltr'><strong>quoque</strong></span> <span class='ocrx_word' id='word_1_112' title='bbox 1237 1988 1322 2064; x_wconf 85' lang='lat'><strong>¹¹,</strong></span> <span class='ocrx_word' id='word_1_113' title='bbox 1350 1992 1431 2048; x_wconf 99' lang='lat' dir='ltr'><strong>ut</strong></span> <span class='ocrx_word' id='word_1_114' title='bbox 1456 1977 1830 2075; x_wconf 88' lang='lat' dir='ltr'><strong>cupiebat,</strong></span> <span class='ocrx_word' id='word_1_115' title='bbox 1864 1980 2249 2051; x_wconf 86' lang='lat' dir='ltr'><strong>audivisset</strong></span> <span class='ocrx_word' id='word_1_116' title='bbox 2268 2034 2288 2065; x_wconf 91' lang='lat'>‚</span> <span class='ocrx_word' id='word_1_117' title='bbox 2321 1977 2523 2050; x_wconf 86' lang='lat' dir='ltr'><strong>evelli</strong></span> <span class='ocrx_word' id='word_1_118' title='bbox 2549 1977 2756 2074; x_wconf 88' lang='lat' dir='ltr'><strong>jussit</strong></span> 
     </span>
     <span class='ocr_line' id='line_1_16' title="bbox 640 2085 2761 2183; baseline -0.001 -24"><span class='ocrx_word' id='word_1_119' title='bbox 640 2112 795 2159; x_wconf 90' lang='lat' dir='ltr'><strong>eam</strong></span> <span class='ocrx_word' id='word_1_120' title='bbox 820 2139 841 2173; x_wconf 89' lang='lat'>‚</span> <span class='ocrx_word' id='word_1_121' title='bbox 869 2111 1012 2183; x_wconf 90' lang='lat' dir='ltr'><strong>qua</strong></span> <span class='ocrx_word' id='word_1_122' title='bbox 1051 2101 1203 2157; x_wconf 89' lang='lat' dir='ltr'><strong>erat</strong></span> <span class='ocrx_word' id='word_1_123' title='bbox 1226 2085 1612 2159; x_wconf 84' lang='lat' dir='ltr'><strong>transfixus</strong></span> <span class='ocrx_word' id='word_1_124' title='bbox 1630 2143 1650 2175; x_wconf 86' lang='lat'>‚</span> <span class='ocrx_word' id='word_1_125' title='bbox 1678 2086 1978 2160; x_wconf 89' lang='lat' dir='ltr'><strong>hastam.</strong></span> <span class='ocrx_word' id='word_1_126' title='bbox 2009 2092 2113 2163; x_wconf 83' lang='lat' dir='ltr'><strong>lta</strong></span> <span class='ocrx_word' id='word_1_127' title='bbox 2145 2087 2379 2159; x_wconf 89' lang='lat' dir='ltr'><strong>multo</strong></span> <span class='ocrx_word' id='word_1_128' title='bbox 2410 2088 2761 2183; x_wconf 88' lang='lat' dir='ltr'><strong>sanguine</strong></span> 
     </span>
     <span class='ocr_line' id='line_1_17' title="bbox 640 2194 2760 2293; baseline 0.001 -27"><span class='ocrx_word' id='word_1_129' title='bbox 640 2194 939 2293; x_wconf 86' lang='lat' dir='ltr'><strong>profuso</strong></span> <span class='ocrx_word' id='word_1_130' title='bbox 963 2250 982 2283; x_wconf 92' lang='lat'><strong><em>‚</em></strong></span> <span class='ocrx_word' id='word_1_131' title='bbox 1023 2197 1096 2266; x_wconf 90' lang='lat' dir='ltr'><strong>in</strong></span> <span class='ocrx_word' id='word_1_132' title='bbox 1136 2197 1372 2269; x_wconf 83' lang='lat' dir='ltr'><strong>laetitia</strong></span> <span class='ocrx_word' id='word_1_133' title='bbox 1406 2200 1581 2270; x_wconf 91' lang='lat' dir='ltr'><strong>etin</strong></span> <span class='ocrx_word' id='word_1_134' title='bbox 1626 2199 1921 2270; x_wconf 84' lang='lat' dir='ltr'><strong>victoria</strong></span> <span class='ocrx_word' id='word_1_135' title='bbox 1946 2209 2003 2243; x_wconf 78' lang='lat'><strong>¹²</strong></span> <span class='ocrx_word' id='word_1_136' title='bbox 2042 2214 2151 2270; x_wconf 90' lang='lat' dir='ltr'><strong>est</strong></span> <span class='ocrx_word' id='word_1_137' title='bbox 2194 2213 2550 2269; x_wconf 91' lang='lat' dir='ltr'><strong>mortuus.</strong></span> <span class='ocrx_word' id='word_1_138' title='bbox 2589 2201 2760 2268; x_wconf 88' lang='lat' dir='ltr'><strong>Leo·</strong></span> 
     </span>
    </p>
   </div>
   <div class='ocr_carea' id='block_1_5' title="bbox 640 2409 1689 4204">
    <p class='ocr_par' dir='ltr' id='par_1_5' title="bbox 640 2409 1658 2543">
     <span class='ocr_line' id='line_1_18' title="bbox 640 2409 1658 2481; baseline 0.008 -24"><span class='ocrx_word' id='word_1_139' title='bbox 640 2409 889 2459; x_wconf 76' lang='lat' dir='ltr'><strong>exciderit.</strong></span> <span class='ocrx_word' id='word_1_140' title='bbox 922 2411 1298 2462; x_wconf 81' lang='lat' dir='ltr'><strong>Exclamationis</strong></span> <span class='ocrx_word' id='word_1_141' title='bbox 1317 2414 1477 2464; x_wconf 70' lang='lat' dir='ltr'><strong>autem</strong></span> <span class='ocrx_word' id='word_1_142' title='bbox 1503 2415 1658 2481; x_wconf 82' lang='lat' dir='ltr'><strong>parti-</strong></span> 
     </span>
     <span class='ocr_line' id='line_1_19' title="bbox 644 2489 1351 2543; baseline 0.006 -5"><span class='ocrx_word' id='word_1_143' title='bbox 644 2489 750 2538; x_wconf 88' lang='lat' dir='ltr'><strong>cula</strong></span> <span class='ocrx_word' id='word_1_144' title='bbox 768 2490 819 2540; x_wconf 81' lang='lat' dir='ltr'><strong>h.</strong></span> <span class='ocrx_word' id='word_1_145' title='bbox 838 2489 875 2540; x_wconf 95' lang='lat' dir='ltr'><strong>l.</strong></span> <span class='ocrx_word' id='word_1_146' title='bbox 897 2491 983 2540; x_wconf 80' lang='lat' dir='ltr'><strong>vix</strong></span> <span class='ocrx_word' id='word_1_147' title='bbox 999 2504 1128 2541; x_wconf 88' lang='lat' dir='ltr'><strong>recte</strong></span> <span class='ocrx_word' id='word_1_148' title='bbox 1148 2492 1351 2543; x_wconf 77' lang='lat' dir='ltr'><strong>carebis.</strong></span> 
     </span>
    </p>

    <p class='ocr_par' dir='ltr' id='par_1_6' title="bbox 646 2570 1674 3504">
     <span class='ocr_line' id='line_1_20' title="bbox 720 2570 1658 2637; baseline 0.003 -18"><span class='ocrx_word' id='word_1_149' title='bbox 720 2587 768 2631; x_wconf 86' lang='lat'><strong>7.</strong></span> <span class='ocrx_word' id='word_1_150' title='bbox 795 2570 1208 2635; x_wconf 76' lang='lat' dir='ltr'><strong>compensabatur</strong></span> <span class='ocrx_word' id='word_1_151' title='bbox 1236 2583 1401 2621; x_wconf 78' lang='lat' dir='ltr'><strong>tamen</strong></span> <span class='ocrx_word' id='word_1_152' title='bbox 1420 2609 1436 2635; x_wconf 82' lang='lat'><strong>,</strong></span> <span class='ocrx_word' id='word_1_153' title='bbox 1485 2570 1658 2637; x_wconf 70' lang='lat' dir='ltr'><strong>inquit.</strong></span> 
     </span>
     <span class='ocr_line' id='line_1_21' title="bbox 648 2649 1660 2715; baseline 0.003 -18"><span class='ocrx_word' id='word_1_154' title='bbox 648 2649 784 2697; x_wconf 84' lang='lat' dir='ltr'><strong>Goer.</strong></span> <span class='ocrx_word' id='word_1_155' title='bbox 822 2649 907 2712; x_wconf 86' lang='lat' dir='ltr'><strong>qui</strong></span> <span class='ocrx_word' id='word_1_156' title='bbox 940 2652 1215 2714; x_wconf 69' lang='lat' dir='ltr'><strong>transponit</strong></span> <span class='ocrx_word' id='word_1_157' title='bbox 1250 2651 1413 2715; x_wconf 77' lang='lat' dir='ltr'><strong>inquit</strong></span> <span class='ocrx_word' id='word_1_158' title='bbox 1440 2661 1554 2700; x_wconf 89' lang='lat' dir='ltr'><strong>ante</strong></span> <span class='ocrx_word' id='word_1_159' title='bbox 1578 2663 1660 2699; x_wconf 78' lang='lat' dir='ltr'><strong>ea-</strong></span> 
     </span>
     <span class='ocr_line' id='line_1_22' title="bbox 646 2728 1663 2794; baseline 0.002 -18"><span class='ocrx_word' id='word_1_160' title='bbox 646 2744 784 2787; x_wconf 76' lang='lat' dir='ltr'><strong>men,</strong></span> <span class='ocrx_word' id='word_1_161' title='bbox 817 2737 989 2776; x_wconf 84' lang='lat' dir='ltr'><strong>notat:</strong></span> <span class='ocrx_word' id='word_1_162' title='bbox 1031 2728 1169 2776; x_wconf 86' lang='lat' dir='ltr'><strong>Ordo</strong></span> <span class='ocrx_word' id='word_1_163' title='bbox 1196 2728 1415 2793; x_wconf 80' lang='lat' dir='ltr'><strong>vulgatus</strong></span> <span class='ocrx_word' id='word_1_164' title='bbox 1437 2746 1588 2794; x_wconf 86' lang='lat' dir='ltr'><strong>quum</strong></span> <span class='ocrx_word' id='word_1_165' title='bbox 1608 2733 1663 2778; x_wconf 85' lang='lat' dir='ltr'><strong>iu</strong></span> 
     </span>
     <span class='ocr_line' id='line_1_23' title="bbox 649 2807 1664 2873; baseline 0.001 -18"><span class='ocrx_word' id='word_1_166' title='bbox 649 2807 785 2856; x_wconf 89' lang='lat' dir='ltr'><strong>nullo</strong></span> <span class='ocrx_word' id='word_1_167' title='bbox 827 2817 1104 2855; x_wconf 84' lang='lat' dir='ltr'><strong>nostrorum</strong></span> <span class='ocrx_word' id='word_1_168' title='bbox 1139 2818 1287 2866; x_wconf 83' lang='lat' dir='ltr'><strong>esset,</strong></span> <span class='ocrx_word' id='word_1_169' title='bbox 1311 2825 1559 2873; x_wconf 82' lang='lat' dir='ltr'><strong>quumque</strong></span> <span class='ocrx_word' id='word_1_170' title='bbox 1586 2819 1664 2856; x_wconf 80' lang='lat' dir='ltr'><strong>ta-</strong></span> 
     </span>
     <span class='ocr_line' id='line_1_24' title="bbox 649 2885 1663 2952; baseline 0 -17"><span class='ocrx_word' id='word_1_171' title='bbox 649 2903 759 2935; x_wconf 78' lang='lat' dir='ltr'><strong>men</strong></span> <span class='ocrx_word' id='word_1_172' title='bbox 801 2885 1074 2952; x_wconf 88' lang='lat' dir='ltr'><strong>postposita</strong></span> <span class='ocrx_word' id='word_1_173' title='bbox 1112 2886 1211 2933; x_wconf 77' lang='lat' dir='ltr'><strong>vim</strong></span> <span class='ocrx_word' id='word_1_174' title='bbox 1254 2888 1493 2951; x_wconf 86' lang='lat' dir='ltr'><strong>acciperet</strong></span> <span class='ocrx_word' id='word_1_175' title='bbox 1512 2921 1527 2945; x_wconf 93' lang='lat'>‚</span> <span class='ocrx_word' id='word_1_176' title='bbox 1567 2903 1663 2951; x_wconf 87' lang='lat' dir='ltr'><strong>qna</strong></span> 
     </span>
     <span class='ocr_line' id='line_1_25' title="bbox 653 2964 1667 3031; baseline -0.001 -17"><span class='ocrx_word' id='word_1_177' title='bbox 653 2968 799 3031; x_wconf 74' lang='lat' dir='ltr'><strong>vulgo</strong></span> <span class='ocrx_word' id='word_1_178' title='bbox 820 2975 950 3013; x_wconf 88' lang='lat' dir='ltr'><strong>caret</strong></span> <span class='ocrx_word' id='word_1_179' title='bbox 976 2978 989 3012; x_wconf 92' lang='lat'>:</span> <span class='ocrx_word' id='word_1_180' title='bbox 1021 2964 1376 3014; x_wconf 66' lang='lat' dir='ltr'><strong>adsciscendum</strong></span> <span class='ocrx_word' id='word_1_181' title='bbox 1408 2965 1535 3015; x_wconf 82' lang='lat' dir='ltr'><strong>hane</strong></span> <span class='ocrx_word' id='word_1_182' title='bbox 1557 2982 1667 3013; x_wconf 85' lang='lat' dir='ltr'><strong>me·</strong></span> 
     </span>
     <span class='ocr_line' id='line_1_26' title="bbox 651 3044 1666 3106; baseline -0.002 -12"><span class='ocrx_word' id='word_1_183' title='bbox 651 3047 823 3095; x_wconf 86' lang='lat' dir='ltr'><strong>liorem</strong></span> <span class='ocrx_word' id='word_1_184' title='bbox 857 3045 1026 3092; x_wconf 84' lang='lat' dir='ltr'><strong>seriem</strong></span> <span class='ocrx_word' id='word_1_185' title='bbox 1062 3044 1186 3106; x_wconf 77' lang='lat' dir='ltr'><strong>juris</strong></span> <span class='ocrx_word' id='word_1_186' title='bbox 1223 3045 1375 3092; x_wconf 86' lang='lat' dir='ltr'><strong>nostri</strong></span> <span class='ocrx_word' id='word_1_187' title='bbox 1408 3060 1511 3093; x_wconf 89' lang='lat' dir='ltr'><strong>esse</strong></span> <span class='ocrx_word' id='word_1_188' title='bbox 1538 3044 1666 3093; x_wconf 81' lang='lat' dir='ltr'><strong>vidi-</strong></span> 
     </span>
     <span class='ocr_line' id='line_1_27' title="bbox 654 3124 1672 3188; baseline 0.001 -15"><span class='ocrx_word' id='word_1_189' title='bbox 654 3141 777 3175; x_wconf 90' lang='lat' dir='ltr'><strong>mus.</strong></span> <span class='ocrx_word' id='word_1_190' title='bbox 805 3125 876 3172; x_wconf 88' lang='lat' dir='ltr'><strong>Ita</strong></span> <span class='ocrx_word' id='word_1_191' title='bbox 910 3139 1106 3188; x_wconf 87' lang='lat' dir='ltr'><strong>quoque</strong></span> <span class='ocrx_word' id='word_1_192' title='bbox 1132 3139 1245 3172; x_wconf 85' lang='lat' dir='ltr'><strong>cum</strong></span> <span class='ocrx_word' id='word_1_193' title='bbox 1270 3124 1434 3172; x_wconf 78' lang='lat' dir='ltr'><strong>Marso</strong></span> <span class='ocrx_word' id='word_1_194' title='bbox 1464 3135 1516 3173; x_wconf 89' lang='lat' dir='ltr'><strong>et</strong></span> <span class='ocrx_word' id='word_1_195' title='bbox 1539 3124 1672 3174; x_wconf 87' lang='lat' dir='ltr'><strong>Crat.</strong></span> 
     </span>
     <span class='ocr_line' id='line_1_28' title="bbox 655 3203 1672 3270; baseline -0.002 -18"><span class='ocrx_word' id='word_1_196' title='bbox 655 3216 771 3254; x_wconf 81' lang='lat' dir='ltr'><strong>vett.</strong></span> <span class='ocrx_word' id='word_1_197' title='bbox 796 3203 1012 3268; x_wconf 76' lang='lat' dir='ltr'><strong>impressi</strong></span> <span class='ocrx_word' id='word_1_198' title='bbox 1035 3204 1216 3267; x_wconf 86' lang='lat' dir='ltr'><strong>plures.</strong></span> <span class='ocrx_word' id='word_1_199' title='bbox 1236 3204 1313 3254; x_wconf 82' lang='lat' dir='ltr'><strong>Cf.</strong></span> <span class='ocrx_word' id='word_1_200' title='bbox 1331 3219 1503 3270; x_wconf 82' lang='lat' dir='ltr'><strong>supra,</strong></span> <span class='ocrx_word' id='word_1_201' title='bbox 1528 3205 1553 3250; x_wconf 91' lang='lat'>1</span> <span class='ocrx_word' id='word_1_202' title='bbox 1568 3238 1585 3263; x_wconf 87' lang='lat'>,</span> <span class='ocrx_word' id='word_1_203' title='bbox 1613 3218 1672 3263; x_wconf 75' lang='lat' dir='ltr'><strong>a,</strong></span> 
     </span>
     <span class='ocr_line' id='line_1_29' title="bbox 660 3283 1674 3350; baseline -0.001 -17"><span class='ocrx_word' id='word_1_204' title='bbox 660 3293 723 3341; x_wconf 72' lang='lat'><strong>4:</strong></span> <span class='ocrx_word' id='word_1_205' title='bbox 755 3307 779 3326; x_wconf 69' lang='grc' dir='ltr'><strong>α</strong></span> <span class='ocrx_word' id='word_1_206' title='bbox 799 3283 1118 3350; x_wconf 68' lang='lat' dir='ltr'><strong>Synephebos</strong></span> <span class='ocrx_word' id='word_1_207' title='bbox 1143 3298 1235 3346; x_wconf 83' lang='lat' dir='ltr'><strong>ego</strong></span> <span class='ocrx_word' id='word_1_208' title='bbox 1256 3316 1272 3342; x_wconf 85' lang='lat'>,</span> <span class='ocrx_word' id='word_1_209' title='bbox 1300 3283 1484 3347; x_wconf 86' lang='lat' dir='ltr'><strong>inquit,</strong></span> <span class='ocrx_word' id='word_1_210' title='bbox 1507 3284 1674 3348; x_wconf 85' lang='lat' dir='ltr'><strong>potius</strong></span> 
     </span>
     <span class='ocr_line' id='line_1_30' title="bbox 659 3360 1674 3428; baseline 0.001 -19"><span class='ocrx_word' id='word_1_211' title='bbox 659 3362 863 3422; x_wconf 73' lang='lat' dir='ltr'><strong>Coeeilii,</strong></span> <span class='ocrx_word' id='word_1_212' title='bbox 890 3373 976 3410; x_wconf 90' lang='lat' dir='ltr'><strong>aut</strong></span> <span class='ocrx_word' id='word_1_213' title='bbox 1003 3360 1233 3410; x_wconf 80' lang='lat' dir='ltr'><strong>Andriam</strong></span> <span class='ocrx_word' id='word_1_214' title='bbox 1267 3363 1508 3427; x_wconf 80' lang='lat' dir='ltr'><strong>Terentii,</strong></span> <span class='ocrx_word' id='word_1_215' title='bbox 1530 3379 1674 3428; x_wconf 82' lang='lat' dir='ltr'><strong>quam</strong></span> 
     </span>
     <span class='ocr_line' id='line_1_31' title="bbox 661 3440 1436 3504; baseline 0.006 -19"><span class='ocrx_word' id='word_1_216' title='bbox 661 3449 911 3500; x_wconf 85' lang='lat' dir='ltr'><strong>utramque</strong></span> <span class='ocrx_word' id='word_1_217' title='bbox 931 3440 1190 3488; x_wconf 75' lang='lat' dir='ltr'><strong>Menandri</strong></span> <span class='ocrx_word' id='word_1_218' title='bbox 1207 3440 1395 3504; x_wconf 72' lang='lat' dir='ltr'><strong>legam?</strong></span> <span class='ocrx_word' id='word_1_219' title='bbox 1410 3465 1436 3484; x_wconf 71' lang='lat' dir='ltr'><strong>a·</strong></span> 
     </span>
    </p>

    <p class='ocr_par' dir='ltr' id='par_1_7' title="bbox 661 3517 1686 3965">
     <span class='ocr_line' id='line_1_32' title="bbox 731 3517 1678 3587; baseline 0.002 -18"><span class='ocrx_word' id='word_1_220' title='bbox 731 3517 783 3569; x_wconf 88' lang='grc'><strong>8.</strong></span> <span class='ocrx_word' id='word_1_221' title='bbox 808 3519 1063 3568; x_wconf 74' lang='lat' dir='ltr'><strong>Rationum</strong></span> <span class='ocrx_word' id='word_1_222' title='bbox 1079 3556 1096 3578; x_wconf 88' lang='lat'>,</span> <span class='ocrx_word' id='word_1_223' title='bbox 1128 3520 1540 3587; x_wconf 72' lang='lat' dir='ltr'><strong>inventorumque.</strong></span> <span class='ocrx_word' id='word_1_224' title='bbox 1575 3526 1678 3571; x_wconf 81' lang='lat' dir='ltr'><strong>Ex·</strong></span> 
     </span>
     <span class='ocr_line' id='line_1_33' title="bbox 661 3599 1680 3665; baseline 0.002 -18"><span class='ocrx_word' id='word_1_225' title='bbox 661 3599 837 3665; x_wconf 75' lang='lat' dir='ltr'><strong>pressit</strong></span> <span class='ocrx_word' id='word_1_226' title='bbox 872 3609 1042 3646; x_wconf 81' lang='lat' dir='ltr'><strong>auctor</strong></span> <span class='ocrx_word' id='word_1_227' title='bbox 1075 3599 1205 3651; x_wconf 88' lang='lat' dir='ltr'><strong>binis</strong></span> <span class='ocrx_word' id='word_1_228' title='bbox 1237 3599 1397 3649; x_wconf 81' lang='lat' dir='ltr'><strong>verbis</strong></span> <span class='ocrx_word' id='word_1_229' title='bbox 1416 3635 1431 3658; x_wconf 87' lang='lat'><strong>‚</strong></span> <span class='ocrx_word' id='word_1_230' title='bbox 1471 3601 1680 3664; x_wconf 81' lang='lat' dir='ltr'><strong>simplex</strong></span> 
     </span>
     <span class='ocr_line' id='line_1_34' title="bbox 662 3673 1683 3747; baseline 0.001 -22"><span class='ocrx_word' id='word_1_231' title='bbox 662 3673 1009 3747; x_wconf 74' lang='grc' dir='ltr'><strong>διαλογισμῶν.</strong></span> <span class='ocrx_word' id='word_1_232' title='bbox 1056 3680 1221 3742; x_wconf 83' lang='lat' dir='ltr'><strong>Quum</strong></span> <span class='ocrx_word' id='word_1_233' title='bbox 1264 3682 1392 3728; x_wconf 86' lang='lat' dir='ltr'><strong>enim</strong></span> <span class='ocrx_word' id='word_1_234' title='bbox 1437 3679 1683 3727; x_wconf 73' lang='lat' dir='ltr'><strong>rationum</strong></span> 
     </span>
     <span class='ocr_line' id='line_1_35' title="bbox 664 3758 1685 3822; baseline 0 -17"><span class='ocrx_word' id='word_1_235' title='bbox 664 3773 825 3822; x_wconf 81' lang='lat' dir='ltr'><strong>presse</strong></span> <span class='ocrx_word' id='word_1_236' title='bbox 841 3758 1061 3807; x_wconf 82' lang='lat' dir='ltr'><strong>vertisset</strong></span> <span class='ocrx_word' id='word_1_237' title='bbox 1076 3792 1091 3813; x_wconf 86' lang='lat'><strong>,</strong></span> <span class='ocrx_word' id='word_1_238' title='bbox 1117 3759 1324 3818; x_wconf 77' lang='lat' dir='ltr'><strong>veritus,</strong></span> <span class='ocrx_word' id='word_1_239' title='bbox 1341 3775 1406 3807; x_wconf 90' lang='lat' dir='ltr'><strong>ne</strong></span> <span class='ocrx_word' id='word_1_240' title='bbox 1430 3758 1685 3807; x_wconf 81' lang='lat' dir='ltr'><strong>obscurius</strong></span> 
     </span>
     <span class='ocr_line' id='line_1_36' title="bbox 665 3835 1686 3901; baseline 0 -17"><span class='ocrx_word' id='word_1_241' title='bbox 665 3835 893 3885; x_wconf 82' lang='lat' dir='ltr'><strong>scriberet</strong></span> <span class='ocrx_word' id='word_1_242' title='bbox 908 3873 923 3897; x_wconf 90' lang='lat'><strong><em>‚</em></strong></span> <span class='ocrx_word' id='word_1_243' title='bbox 948 3837 1281 3901; x_wconf 76' lang='lat' dir='ltr'><strong>explicationis</strong></span> <span class='ocrx_word' id='word_1_244' title='bbox 1306 3853 1446 3887; x_wconf 82' lang='lat' dir='ltr'><strong>eausa</strong></span> <span class='ocrx_word' id='word_1_245' title='bbox 1471 3836 1686 3885; x_wconf 70' lang='lat' dir='ltr'><strong>invento·</strong></span> 
     </span>
     <span class='ocr_line' id='line_1_37' title="bbox 668 3914 1001 3965; baseline -0.003 0"><span class='ocrx_word' id='word_1_246' title='bbox 668 3933 773 3965; x_wconf 79' lang='lat' dir='ltr'><strong>rum</strong></span> <span class='ocrx_word' id='word_1_247' title='bbox 793 3914 1001 3965; x_wconf 84' lang='lat' dir='ltr'><strong>addidit.</strong></span> 
     </span>
    </p>

    <p class='ocr_par' dir='ltr' id='par_1_8' title="bbox 670 3993 1689 4204">
     <span class='ocr_line' id='line_1_38' title="bbox 742 3993 1687 4059; baseline -0.002 -14"><span class='ocrx_word' id='word_1_248' title='bbox 742 4014 790 4058; x_wconf 82' lang='lat'><strong>9.</strong></span> <span class='ocrx_word' id='word_1_249' title='bbox 826 3995 903 4044; x_wconf 79' lang='lat' dir='ltr'><strong>Ab</strong></span> <span class='ocrx_word' id='word_1_250' title='bbox 934 3993 1309 4044; x_wconf 76' lang='lat' dir='ltr'><strong>adolescentulo.</strong></span> <span class='ocrx_word' id='word_1_251' title='bbox 1346 3998 1569 4059; x_wconf 83' lang='lat' dir='ltr'><strong>Quatuor</strong></span> <span class='ocrx_word' id='word_1_252' title='bbox 1595 4009 1687 4043; x_wconf 89' lang='lat' dir='ltr'><strong>uo·</strong></span> 
     </span>
     <span class='ocr_line' id='line_1_39' title="bbox 670 4073 1689 4137; baseline -0.003 -11"><span class='ocrx_word' id='word_1_253' title='bbox 670 4076 758 4127; x_wconf 59' lang='lat' dir='ltr'><strong>dri</strong></span> <span class='ocrx_word' id='word_1_254' title='bbox 790 4075 853 4123; x_wconf 81' lang='lat' dir='ltr'><strong>ab</strong></span> <span class='ocrx_word' id='word_1_255' title='bbox 877 4073 1237 4123; x_wconf 71' lang='lat' dir='ltr'><strong>adulescentulo</strong></span> <span class='ocrx_word' id='word_1_256' title='bbox 1260 4089 1273 4123; x_wconf 92' lang='lat'>:</span> <span class='ocrx_word' id='word_1_257' title='bbox 1302 4075 1435 4124; x_wconf 84' lang='lat' dir='ltr'><strong>solus</strong></span> <span class='ocrx_word' id='word_1_258' title='bbox 1465 4073 1599 4123; x_wconf 78' lang='lat' dir='ltr'><strong>Gud.</strong></span> <span class='ocrx_word' id='word_1_259' title='bbox 1633 4089 1689 4137; x_wconf 81' lang='lat'><strong>2,</strong></span> 
     </span>
     <span class='ocr_line' id='line_1_40' title="bbox 671 4152 1186 4204; baseline -0.01 0"><span class='ocrx_word' id='word_1_260' title='bbox 671 4157 737 4204; x_wconf 79' lang='lat' dir='ltr'><strong>ab</strong></span> <span class='ocrx_word' id='word_1_261' title='bbox 758 4152 1101 4203; x_wconf 72' lang='lat' dir='ltr'><strong>adolescentia.</strong></span> <span class='ocrx_word' id='word_1_262' title='bbox 1125 4152 1186 4200; x_wconf 88' lang='lat' dir='ltr'><strong>G.</strong></span> 
     </span>
    </p>
   </div>
   <div class='ocr_carea' id='block_1_6' title="bbox 1745 2410 2797 4063">
    <p class='ocr_par' dir='ltr' id='par_1_9' title="bbox 1745 2410 2785 3348">
     <span class='ocr_line' id='line_1_41' title="bbox 1823 2410 2764 2478; baseline -0.005 -13"><span class='ocrx_word' id='word_1_263' title='bbox 1823 2433 1901 2465; x_wconf 87' lang='grc' dir='ltr'><strong>ιο.</strong></span> <span class='ocrx_word' id='word_1_264' title='bbox 1939 2414 2186 2478; x_wconf 74' lang='lat' dir='ltr'><strong>Simulque</strong></span> <span class='ocrx_word' id='word_1_265' title='bbox 2223 2410 2343 2474; x_wconf 74' lang='lat' dir='ltr'><strong>ipse.</strong></span> <span class='ocrx_word' id='word_1_266' title='bbox 2379 2411 2518 2458; x_wconf 81' lang='lat' dir='ltr'><strong>Goer.</strong></span> <span class='ocrx_word' id='word_1_267' title='bbox 2556 2411 2764 2460; x_wconf 80' lang='lat' dir='ltr'><strong>scribit:</strong></span> 
     </span>
     <span class='ocr_line' id='line_1_42' title="bbox 1745 2489 2768 2560; baseline -0.015 -16"><span class='ocrx_word' id='word_1_268' title='bbox 1745 2505 1898 2560; x_wconf 76' lang='lat' dir='ltr'><strong>atque</strong></span> <span class='ocrx_word' id='word_1_269' title='bbox 1921 2495 2037 2558; x_wconf 79' lang='lat' dir='ltr'><strong>ipse.</strong></span> <span class='ocrx_word' id='word_1_270' title='bbox 2056 2494 2102 2541; x_wconf 74' lang='lat' dir='ltr'>A</span> <span class='ocrx_word' id='word_1_271' title='bbox 2125 2489 2341 2553; x_wconf 77' lang='lat' dir='ltr'><strong>vulgata,</strong></span> <span class='ocrx_word' id='word_1_272' title='bbox 2363 2489 2528 2553; x_wconf 86' lang='lat' dir='ltr'><strong>inquit</strong></span> <span class='ocrx_word' id='word_1_273' title='bbox 2542 2523 2559 2547; x_wconf 79' lang='grc'>,</span> <span class='ocrx_word' id='word_1_274' title='bbox 2585 2490 2768 2540; x_wconf 65' lang='lat' dir='ltr'><strong>dim.</strong></span> 
     </span>
     <span class='ocr_line' id='line_1_43' title="bbox 1746 2569 2768 2634; baseline -0.006 -12"><span class='ocrx_word' id='word_1_275' title='bbox 1746 2575 1874 2623; x_wconf 87' lang='lat' dir='ltr'><strong>tiunt</strong></span> <span class='ocrx_word' id='word_1_276' title='bbox 1911 2570 2070 2620; x_wconf 88' lang='lat' dir='ltr'><strong>nostri</strong></span> <span class='ocrx_word' id='word_1_277' title='bbox 2105 2579 2343 2633; x_wconf 82' lang='lat' dir='ltr'><strong>quatuor,</strong></span> <span class='ocrx_word' id='word_1_278' title='bbox 2366 2580 2648 2634; x_wconf 77' lang='lat' dir='ltr'><strong>veteresque</strong></span> <span class='ocrx_word' id='word_1_279' title='bbox 2675 2569 2768 2616; x_wconf 81' lang='lat' dir='ltr'><strong>im·</strong></span> 
     </span>
     <span class='ocr_line' id='line_1_44' title="bbox 1746 2647 2769 2718; baseline -0.006 -18"><span class='ocrx_word' id='word_1_280' title='bbox 1746 2653 1898 2718; x_wconf 83' lang='lat' dir='ltr'><strong>pressi</strong></span> <span class='ocrx_word' id='word_1_281' title='bbox 1918 2666 2028 2699; x_wconf 83' lang='lat' dir='ltr'><strong>cum</strong></span> <span class='ocrx_word' id='word_1_282' title='bbox 2047 2650 2175 2699; x_wconf 77' lang='lat' dir='ltr'><strong>Crat.</strong></span> <span class='ocrx_word' id='word_1_283' title='bbox 2190 2648 2371 2712; x_wconf 85' lang='lat' dir='ltr'><strong>plures,</strong></span> <span class='ocrx_word' id='word_1_284' title='bbox 2385 2647 2469 2711; x_wconf 87' lang='lat' dir='ltr'><strong>qui</strong></span> <span class='ocrx_word' id='word_1_285' title='bbox 2488 2658 2638 2713; x_wconf 77' lang='lat' dir='ltr'><strong>atque</strong></span> <span class='ocrx_word' id='word_1_286' title='bbox 2654 2647 2769 2715; x_wconf 65' lang='lat' dir='ltr'><strong>sim·</strong></span> 
     </span>
     <span class='ocr_line' id='line_1_45' title="bbox 1747 2728 2768 2796; baseline -0.006 -17"><span class='ocrx_word' id='word_1_287' title='bbox 1747 2732 1940 2796; x_wconf 86' lang='lat' dir='ltr'><strong>pliciter</strong></span> <span class='ocrx_word' id='word_1_288' title='bbox 1957 2728 2194 2795; x_wconf 70' lang='lat' dir='ltr'><strong>prebent.</strong></span> <span class='ocrx_word' id='word_1_289' title='bbox 2205 2729 2431 2791; x_wconf 80' lang='lat' dir='ltr'><strong>Quatuor</strong></span> <span class='ocrx_word' id='word_1_290' title='bbox 2439 2730 2639 2776; x_wconf 84' lang='lat' dir='ltr'><strong>Oxonn.</strong></span> <span class='ocrx_word' id='word_1_291' title='bbox 2656 2741 2768 2773; x_wconf 85' lang='lat' dir='ltr'><strong>cum</strong></span> 
     </span>
     <span class='ocr_line' id='line_1_46' title="bbox 1750 2804 2769 2870; baseline -0.007 -11"><span class='ocrx_word' id='word_1_292' title='bbox 1750 2808 1884 2860; x_wconf 83' lang='lat' dir='ltr'><strong>Gnd.</strong></span> <span class='ocrx_word' id='word_1_293' title='bbox 1921 2826 1949 2857; x_wconf 79' lang='lat'>2</span> <span class='ocrx_word' id='word_1_294' title='bbox 1986 2820 2036 2857; x_wconf 90' lang='lat' dir='ltr'><strong>et</strong></span> <span class='ocrx_word' id='word_1_295' title='bbox 2071 2811 2195 2857; x_wconf 76' lang='lat' dir='ltr'><strong>Ven.</strong></span> <span class='ocrx_word' id='word_1_296' title='bbox 2238 2813 2402 2870; x_wconf 66' lang='lat'><strong>1⁴94,</strong></span> <span class='ocrx_word' id='word_1_297' title='bbox 2430 2804 2573 2854; x_wconf 77' lang='lat' dir='ltr'><strong>simul</strong></span> <span class='ocrx_word' id='word_1_298' title='bbox 2603 2815 2769 2868; x_wconf 72' lang='lat' dir='ltr'><strong>atque.</strong></span> 
     </span>
     <span class='ocr_line' id='line_1_47' title="bbox 1752 2883 2771 2951; baseline -0.003 -16"><span class='ocrx_word' id='word_1_299' title='bbox 1752 2888 1956 2951; x_wconf 78' lang='lat' dir='ltr'><strong>Vulgata</strong></span> <span class='ocrx_word' id='word_1_300' title='bbox 1988 2897 2244 2951; x_wconf 86' lang='lat' dir='ltr'><strong>utramque</strong></span> <span class='ocrx_word' id='word_1_301' title='bbox 2278 2886 2536 2934; x_wconf 82' lang='lat' dir='ltr'><strong>lectionem</strong></span> <span class='ocrx_word' id='word_1_302' title='bbox 2567 2883 2771 2945; x_wconf 80' lang='lat' dir='ltr'><strong>junxit:</strong></span> 
     </span>
     <span class='ocr_line' id='line_1_48' title="bbox 1753 2963 2778 3031; baseline -0.005 -16"><span class='ocrx_word' id='word_1_303' title='bbox 1753 2983 1866 3015; x_wconf 85' lang='lat' dir='ltr'><strong>nam</strong></span> <span class='ocrx_word' id='word_1_304' title='bbox 1902 2978 2051 3031; x_wconf 78' lang='lat' dir='ltr'><strong>aeque</strong></span> <span class='ocrx_word' id='word_1_305' title='bbox 2091 2982 2260 3014; x_wconf 81' lang='lat' dir='ltr'><strong>verum</strong></span> <span class='ocrx_word' id='word_1_306' title='bbox 2297 2975 2403 3025; x_wconf 86' lang='lat' dir='ltr'><strong>est;</strong></span> <span class='ocrx_word' id='word_1_307' title='bbox 2442 2963 2678 3027; x_wconf 69' lang='lat' dir='ltr'><strong>simulque</strong></span> <span class='ocrx_word' id='word_1_308' title='bbox 2713 2978 2778 3010; x_wconf 80' lang='lat' dir='ltr'><strong>ex</strong></span> 
     </span>
     <span class='ocr_line' id='line_1_49' title="bbox 1756 3041 2776 3111; baseline -0.004 -17"><span class='ocrx_word' id='word_1_309' title='bbox 1756 3046 1911 3111; x_wconf 76' lang='lat' dir='ltr'><strong>glossa</strong></span> <span class='ocrx_word' id='word_1_310' title='bbox 1926 3082 1941 3105; x_wconf 85' lang='lat'><strong>‚</strong></span> <span class='ocrx_word' id='word_1_311' title='bbox 1964 3046 2113 3094; x_wconf 78' lang='lat' dir='ltr'><strong>simul</strong></span> <span class='ocrx_word' id='word_1_312' title='bbox 2133 3056 2245 3093; x_wconf 90' lang='lat' dir='ltr'><strong>ante</strong></span> <span class='ocrx_word' id='word_1_313' title='bbox 2272 3055 2423 3108; x_wconf 74' lang='lat' dir='ltr'><strong>atque</strong></span> <span class='ocrx_word' id='word_1_314' title='bbox 2438 3041 2604 3091; x_wconf 84' lang='lat' dir='ltr'><strong>addita</strong></span> <span class='ocrx_word' id='word_1_315' title='bbox 2618 3077 2634 3102; x_wconf 90' lang='lat'>,</span> <span class='ocrx_word' id='word_1_316' title='bbox 2660 3058 2776 3091; x_wconf 82' lang='lat' dir='ltr'><strong>eoa·</strong></span> 
     </span>
     <span class='ocr_line' id='line_1_50' title="bbox 1762 3121 2780 3183; baseline -0.003 -11"><span class='ocrx_word' id='word_1_317' title='bbox 1762 3124 1868 3174; x_wconf 89' lang='lat' dir='ltr'><strong>luit.</strong></span> <span class='ocrx_word' id='word_1_318' title='bbox 1886 3124 2022 3175; x_wconf 78' lang='lat' dir='ltr'><strong>Addi</strong></span> <span class='ocrx_word' id='word_1_319' title='bbox 2047 3124 2193 3173; x_wconf 76' lang='lat' dir='ltr'><strong>simul</strong></span> <span class='ocrx_word' id='word_1_320' title='bbox 2210 3141 2236 3172; x_wconf 90' lang='lat' dir='ltr'><strong>a</strong></span> <span class='ocrx_word' id='word_1_321' title='bbox 2255 3123 2428 3171; x_wconf 87' lang='lat' dir='ltr'><strong>scribis</strong></span> <span class='ocrx_word' id='word_1_322' title='bbox 2441 3155 2459 3183; x_wconf 85' lang='lat'><strong>‚</strong></span> <span class='ocrx_word' id='word_1_323' title='bbox 2486 3121 2698 3170; x_wconf 81' lang='lat' dir='ltr'><strong>vidimus</strong></span> <span class='ocrx_word' id='word_1_324' title='bbox 2716 3121 2780 3170; x_wconf 88' lang='lat' dir='ltr'><strong>ad</strong></span> 
     </span>
     <span class='ocr_line' id='line_1_51' title="bbox 1761 3201 2785 3269; baseline -0.005 -16"><span class='ocrx_word' id='word_1_325' title='bbox 1761 3207 1905 3269; x_wconf 75' lang='lat' dir='ltr'><strong>Legg.</strong></span> <span class='ocrx_word' id='word_1_326' title='bbox 1952 3206 2058 3265; x_wconf 89' lang='lat'>111,</span> <span class='ocrx_word' id='word_1_327' title='bbox 2096 3212 2162 3263; x_wconf 73' lang='grc'><strong>4,</strong></span> <span class='ocrx_word' id='word_1_328' title='bbox 2207 3218 2293 3253; x_wconf 89' lang='grc' dir='ltr'><strong>ιι.</strong></span> <span class='ocrx_word' id='word_1_329' title='bbox 2331 3201 2500 3251; x_wconf 84' lang='lat' dir='ltr'><strong>Paucis</strong></span> <span class='ocrx_word' id='word_1_330' title='bbox 2537 3211 2655 3266; x_wconf 86' lang='lat' dir='ltr'><strong>post</strong></span> <span class='ocrx_word' id='word_1_331' title='bbox 2687 3212 2785 3250; x_wconf 87' lang='lat' dir='ltr'><strong>tres</strong></span> 
     </span>
     <span class='ocr_line' id='line_1_52' title="bbox 1762 3282 2399 3348; baseline 0.002 -18"><span class='ocrx_word' id='word_1_332' title='bbox 1762 3283 1919 3331; x_wconf 88' lang='lat' dir='ltr'><strong>nostri</strong></span> <span class='ocrx_word' id='word_1_333' title='bbox 1939 3283 2154 3348; x_wconf 72' lang='lat' dir='ltr'><strong>dispexit</strong></span> <span class='ocrx_word' id='word_1_334' title='bbox 2172 3282 2399 3347; x_wconf 80' lang='lat' dir='ltr'><strong>probent.</strong></span> 
     </span>
    </p>

    <p class='ocr_par' dir='ltr' id='par_1_10' title="bbox 1763 3353 2797 4063">
     <span class='ocr_line' id='line_1_53' title="bbox 1840 3353 2785 3427; baseline -0.008 -17"><span class='ocrx_word' id='word_1_335' title='bbox 1840 3378 1861 3410; x_wconf 90' lang='grc' dir='ltr'><strong>ι</strong></span> <span class='ocrx_word' id='word_1_336' title='bbox 1876 3378 1917 3410; x_wconf 88' lang='grc' dir='ltr'><strong>ι.</strong></span> <span class='ocrx_word' id='word_1_337' title='bbox 1942 3363 2196 3427; x_wconf 73' lang='lat' dir='ltr'><strong>Quumque</strong></span> <span class='ocrx_word' id='word_1_338' title='bbox 2216 3361 2272 3409; x_wconf 75' lang='lat' dir='ltr'><strong>id</strong></span> <span class='ocrx_word' id='word_1_339' title='bbox 2288 3376 2498 3425; x_wconf 76' lang='lat' dir='ltr'><strong>quoqne.</strong></span> <span class='ocrx_word' id='word_1_340' title='bbox 2517 3360 2650 3408; x_wconf 82' lang='lat' dir='ltr'><strong>Goer.</strong></span> <span class='ocrx_word' id='word_1_341' title='bbox 2671 3353 2785 3403; x_wconf 84' lang='lat' dir='ltr'><strong>scri-</strong></span> 
     </span>
     <span class='ocr_line' id='line_1_54' title="bbox 1763 3435 2785 3505; baseline -0.009 -15"><span class='ocrx_word' id='word_1_342' title='bbox 1763 3441 1874 3491; x_wconf 86' lang='lat' dir='ltr'><strong>bit:</strong></span> <span class='ocrx_word' id='word_1_343' title='bbox 1905 3458 2055 3505; x_wconf 80' lang='lat' dir='ltr'><strong>quum</strong></span> <span class='ocrx_word' id='word_1_344' title='bbox 2088 3435 2150 3489; x_wconf 72' lang='lat' dir='ltr'><strong>id</strong></span> <span class='ocrx_word' id='word_1_345' title='bbox 2178 3453 2391 3505; x_wconf 78' lang='lat' dir='ltr'><strong>quoque.</strong></span> <span class='ocrx_word' id='word_1_346' title='bbox 2429 3439 2564 3500; x_wconf 80' lang='lat' dir='ltr'><strong>Que,</strong></span> <span class='ocrx_word' id='word_1_347' title='bbox 2599 3435 2785 3497; x_wconf 80' lang='lat' dir='ltr'><strong>inquit.</strong></span> 
     </span>
     <span class='ocr_line' id='line_1_55' title="bbox 1763 3515 2785 3588; baseline -0.009 -17"><span class='ocrx_word' id='word_1_348' title='bbox 1763 3525 2017 3588; x_wconf 76' lang='lat' dir='ltr'><strong>ignorant,</strong></span> <span class='ocrx_word' id='word_1_349' title='bbox 2031 3530 2206 3585; x_wconf 78' lang='lat' dir='ltr'><strong>praeter</strong></span> <span class='ocrx_word' id='word_1_350' title='bbox 2220 3517 2353 3568; x_wconf 86' lang='lat' dir='ltr'><strong>Gud.</strong></span> <span class='ocrx_word' id='word_1_351' title='bbox 2369 3515 2582 3573; x_wconf 79' lang='lat' dir='ltr'><strong>2‚uostri</strong></span> <span class='ocrx_word' id='word_1_352' title='bbox 2592 3528 2785 3562; x_wconf 71' lang='lat' dir='ltr'><strong>omnesz</strong></span> 
     </span>
     <span class='ocr_line' id='line_1_56' title="bbox 1767 3591 2787 3666; baseline -0.016 -14"><span class='ocrx_word' id='word_1_353' title='bbox 1767 3618 2014 3666; x_wconf 86' lang='lat' dir='ltr'><strong>quumque</strong></span> <span class='ocrx_word' id='word_1_354' title='bbox 2069 3599 2234 3649; x_wconf 86' lang='lat' dir='ltr'><strong>addita</strong></span> <span class='ocrx_word' id='word_1_355' title='bbox 2292 3593 2471 3660; x_wconf 88' lang='lat' dir='ltr'><strong>copula</strong></span> <span class='ocrx_word' id='word_1_356' title='bbox 2520 3591 2787 3640; x_wconf 87' lang='lat' dir='ltr'><strong>orationem</strong></span> 
     </span>
     <span class='ocr_line' id='line_1_57' title="bbox 1768 3671 2788 3745; baseline -0.011 -17"><span class='ocrx_word' id='word_1_357' title='bbox 1768 3681 2153 3745; x_wconf 80' lang='lat' dir='ltr'><strong>languidiorem,</strong></span> <span class='ocrx_word' id='word_1_358' title='bbox 2188 3689 2235 3727; x_wconf 92' lang='lat' dir='ltr'><strong>et</strong></span> <span class='ocrx_word' id='word_1_359' title='bbox 2273 3688 2467 3742; x_wconf 79' lang='lat' dir='ltr'><strong>quoque</strong></span> <span class='ocrx_word' id='word_1_360' title='bbox 2503 3671 2568 3719; x_wconf 87' lang='lat' dir='ltr'><strong>ad</strong></span> <span class='ocrx_word' id='word_1_361' title='bbox 2611 3686 2788 3719; x_wconf 79' lang='lat' dir='ltr'><strong>nexum</strong></span> 
     </span>
     <span class='ocr_line' id='line_1_58' title="bbox 1772 3753 2791 3824; baseline -0.013 -15"><span class='ocrx_word' id='word_1_362' title='bbox 1772 3759 1911 3824; x_wconf 85' lang='lat' dir='ltr'><strong>plene</strong></span> <span class='ocrx_word' id='word_1_363' title='bbox 1927 3759 2273 3818; x_wconf 80' lang='lat' dir='ltr'><strong>sufficientem,</strong></span> <span class='ocrx_word' id='word_1_364' title='bbox 2291 3753 2574 3803; x_wconf 79' lang='lat' dir='ltr'><strong>vidissemus</strong></span> <span class='ocrx_word' id='word_1_365' title='bbox 2585 3784 2602 3809; x_wconf 89' lang='lat'>,</span> <span class='ocrx_word' id='word_1_366' title='bbox 2620 3759 2746 3815; x_wconf 79' lang='lat' dir='ltr'><strong>part.</strong></span> <span class='ocrx_word' id='word_1_367' title='bbox 2764 3764 2791 3795; x_wconf 86' lang='lat' dir='ltr'><strong>a</strong></span> 
     </span>
     <span class='ocr_line' id='line_1_59' title="bbox 1772 3830 2796 3887; baseline -0.012 0"><span class='ocrx_word' id='word_1_368' title='bbox 1772 3849 1850 3887; x_wconf 88' lang='lat' dir='ltr'><strong>tot</strong></span> <span class='ocrx_word' id='word_1_369' title='bbox 1890 3839 2037 3887; x_wconf 79' lang='lat' dir='ltr'><strong>codd.</strong></span> <span class='ocrx_word' id='word_1_370' title='bbox 2077 3839 2348 3887; x_wconf 80' lang='lat' dir='ltr'><strong>damnatam</strong></span> <span class='ocrx_word' id='word_1_371' title='bbox 2394 3830 2675 3879; x_wconf 80' lang='lat' dir='ltr'><strong>delevimus.</strong></span> <span class='ocrx_word' id='word_1_372' title='bbox 2720 3830 2796 3876; x_wconf 87' lang='lat' dir='ltr'><strong>De</strong></span> 
     </span>
     <span class='ocr_line' id='line_1_60' title="bbox 1773 3908 2797 3982; baseline -0.015 -15"><span class='ocrx_word' id='word_1_373' title='bbox 1773 3917 1872 3966; x_wconf 84' lang='lat' dir='ltr'><strong>boe</strong></span> <span class='ocrx_word' id='word_1_374' title='bbox 1893 3914 2243 3982; x_wconf 75' lang='lat' dir='ltr'><strong>Epaminondas</strong></span> <span class='ocrx_word' id='word_1_375' title='bbox 2265 3927 2440 3961; x_wconf 80' lang='lat' dir='ltr'><strong>occasu</strong></span> <span class='ocrx_word' id='word_1_376' title='bbox 2461 3909 2530 3957; x_wconf 76' lang='lat' dir='ltr'><strong>cf.</strong></span> <span class='ocrx_word' id='word_1_377' title='bbox 2559 3910 2703 3958; x_wconf 78' lang='lat' dir='ltr'><strong>Divv.</strong></span> <span class='ocrx_word' id='word_1_378' title='bbox 2731 3908 2797 3969; x_wconf 78' lang='lat' dir='ltr'><strong>V,</strong></span> 
     </span>
     <span class='ocr_line' id='line_1_61' title="bbox 1775 4012 1967 4063; baseline -0.005 -17"><span class='ocrx_word' id='word_1_379' title='bbox 1775 4014 1854 4063; x_wconf 91' lang='lat' dir='ltr'><strong>ep.</strong></span> <span class='ocrx_word' id='word_1_380' title='bbox 1885 4012 1967 4045; x_wconf 74' lang='grc' dir='ltr'><strong>η.</strong></span> 
     </span>
    </p>
   </div>
   <div class='ocr_carea' id='block_1_7' title="bbox 1780 4066 2802 4210">
    <p class='ocr_par' dir='ltr' id='par_1_11' title="bbox 1780 4066 2802 4210">
     <span class='ocr_line' id='line_1_62' title="bbox 1855 4066 2801 4134; baseline -0.013 -10"><span class='ocrx_word' id='word_1_381' title='bbox 1855 4091 1933 4124; x_wconf 75' lang='lat'><strong>12.</strong></span> <span class='ocrx_word' id='word_1_382' title='bbox 1959 4078 2019 4122; x_wconf 80' lang='grc' dir='ltr'><strong>Ιιι</strong></span> <span class='ocrx_word' id='word_1_383' title='bbox 2040 4072 2139 4120; x_wconf 78' lang='lat' dir='ltr'><strong>Iaee.</strong></span> <span class='ocrx_word' id='word_1_384' title='bbox 2168 4082 2217 4118; x_wconf 78' lang='lat' dir='ltr'><strong>ec</strong></span> <span class='ocrx_word' id='word_1_385' title='bbox 2238 4069 2288 4117; x_wconf 76' lang='lat' dir='ltr'><strong>ae&#39;n</strong></span> <span class='ocrx_word' id='word_1_386' title='bbox 2317 4069 2438 4119; x_wconf 73' lang='lat' dir='ltr'><strong>vict.</strong></span> <span class='ocrx_word' id='word_1_387' title='bbox 2468 4068 2597 4134; x_wconf 81' lang='lat' dir='ltr'><strong>Spir.</strong></span> <span class='ocrx_word' id='word_1_388' title='bbox 2625 4079 2674 4115; x_wconf 87' lang='lat' dir='ltr'><strong>et</strong></span> <span class='ocrx_word' id='word_1_389' title='bbox 2703 4066 2801 4115; x_wconf 82' lang='lat' dir='ltr'><strong>Erl.</strong></span> 
     </span>
     <span class='ocr_line' id='line_1_63' title="bbox 1780 4145 2802 4210; baseline -0.009 -9"><span class='ocrx_word' id='word_1_390' title='bbox 1780 4155 1829 4202; x_wconf 75' lang='lat' dir='ltr'><strong>iu</strong></span> <span class='ocrx_word' id='word_1_391' title='bbox 1850 4151 2022 4202; x_wconf 79' lang='lat' dir='ltr'><strong>Iaeeiee&#39;a</strong></span> <span class='ocrx_word' id='word_1_392' title='bbox 2037 4161 2086 4200; x_wconf 80' lang='lat' dir='ltr'><strong>et</strong></span> <span class='ocrx_word' id='word_1_393' title='bbox 2095 4149 2309 4200; x_wconf 74' lang='lat' dir='ltr'><strong>victer-ia</strong></span> <span class='ocrx_word' id='word_1_394' title='bbox 2324 4184 2339 4210; x_wconf 87' lang='lat'>,</span> <span class='ocrx_word' id='word_1_395' title='bbox 2356 4150 2506 4198; x_wconf 82' lang='lat' dir='ltr'><strong>altera</strong></span> <span class='ocrx_word' id='word_1_396' title='bbox 2527 4145 2580 4196; x_wconf 80' lang='grc' dir='ltr'><strong>ιίι</strong></span> <span class='ocrx_word' id='word_1_397' title='bbox 2599 4147 2802 4208; x_wconf 78' lang='lat' dir='ltr'><strong>abjecta.</strong></span> 
     </span>
    </p>
   </div>
  </div>
 </body>
</html>
