3217 4784
815 433 939 502 DE
988 434 1157 504 FIN.
1213 432 1416 504 Bon.
1471 434 1586 503 ΕΤ
1637 430 1853 503 MAL.
1904 435 2023 521 ιν,
2082 429 2186 501 13.
2415 425 2558 524 475

435 558 679 654 primae
704 556 1173 626 institutionis
1199 554 1424 626 oblita
1448 569 1556 626 est
1576 549 1608 598 ⁸
1627 557 1655 625 Ρ
1671 555 1884 627 Nulla
1920 552 2250 653 profecto
2270 607 2290 641 ‚
2325 552 2509 648 quin
2526 562 2560 611 9

433 690 635 737 suam
674 666 815 735 vim
854 667 1160 737 retineat
1203 690 1242 735 a
1286 665 1522 761 primo
1559 664 1648 735 ad
1687 680 2114 736 extremum.
2165 660 2558 755 Quomodo
2596 664 2662 718 33

434 780 726 875 igitur¹⁰
750 778 1021 862 evenit,
1061 790 1144 846 ut
1171 773 1486 845 hominis
1516 788 1772 845 natura
1801 776 1950 847 sola
1987 789 2204 857 esset,
2241 796 2400 870 quae
2430 772 2561 842 ho-

437 881 700 952 minem
727 884 1205 980 relinqueret,
1243 906 1402 981 quae
1437 882 1978 956 oblivisceretur
2015 884 2376 982 corpori5‚
2399 904 2560 978 quae

434 1016 797 1064 summum
847 992 1125 1064 bonum
1173 1016 1322 1064 non
1359 997 1432 1065 in
1476 1009 1633 1066 toto
1678 995 2020 1082 homine,
2069 995 2196 1067 sed
2239 996 2314 1064 in
2358 1006 2561 1092 parte

436 1102 746 1174 hominis
773 1118 1078 1201 poneret
1097 1106 1204 1174 ¹¹?
1238 1104 1629 1197 Quomodo
1665 1119 1905 1176 autem
1923 1155 1942 1189 ‚
1974 1103 2175 1201 quod
2192 1102 2327 1200 ipsi
2347 1105 2560 1174 etiam

435 1208 781 1299 fatentur,
834 1228 1259 1313 constatque
1301 1214 1491 1288 inter
1530 1240 1823 1303 omnoe,
1871 1213 2444 1301 conservabitur,
2484 1226 2565 1284 ut

436 1322 664 1394 simile
705 1325 794 1394 sit
830 1325 1155 1395 omnium
1200 1324 1522 1397 naturale
1561 1324 1740 1398 illud
1783 1320 2372 1411 ultimum¹²,„de
2415 1345 2566 1418 quo

436 1435 825 1530 quaeritur?
844 1439 1025 1506 Tum
1048 1437 1241 1507 enim
1264 1449 1452 1507 esset
1475 1436 1708 1507 simile
1731 1489 1751 1523 ,
1786 1435 1847 1507 si
1865 1434 1937 1504 in
1978 1433 2231 1503 ceteris
2265 1453 2564 1528 quoque

437 1546 709 1615 naturis
737 1544 810 1615 id
845 1548 1110 1642 cuique
1147 1559 1330 1615 esset
1373 1545 1745 1633 ultimum,
1782 1540 1981 1641 quod
2006 1541 2084 1611 in
2120 1559 2410 1638 quaque
2446 1562 2563 1608 ex-

436 1654 747 1726 celleret.
780 1655 947 1726 Tale
989 1657 1182 1726 enim
1225 1658 1456 1725 visum
1492 1669 1678 1726 esset
1709 1646 2123 1725 ultimum¹3
2149 1652 2561 1723 stoicorum.

436 1874 550 1924 loeo
587 1874 719 1925 Gud.
757 1891 787 1923 ω
805 1908 820 1934 ,
861 1885 1275 1924 motus-..stema
1308 1876 1460 1939 Quod
1547 1876 1681 1925 Gud.
1715 1893 1744 1925 α
1771 1887 1823 1925 et
1847 1877 1956 1925 Bm.
1981 1874 2148 1923 eedem
2168 1874 2343 1939 pei-tie.
2361 1872 2566 1923 redeun-

437 1969 500 2002 ne
544 1964 687 2019 putes
735 1969 836 2001 esse
878 1954 1039 2018 eliqua
1082 1956 1347 2004 attentione
1384 1954 1461 2003 di·
1546 1965 1611 2003 te.
1637 1956 1703 2004 G.
2233 2002 2240 2008 .

437 2048 614 2097 gnum,
642 2031 915 2080 notandum
948 2043 1045 2091 eet,
1077 2033 1167 2081 hec
1206 2035 1259 2081 in
1290 2050 1342 2081 re
1373 2049 1458 2082 ιιι-
1624 2048 1703 2082 11.
1742 2034 1964 2083 Poneree.
2027 2033 2146 2079 Tres
2190 2030 2366 2096 optimi
2405 2031 2564 2079 nostri

435 2120 623 2160 ctorem
643 2110 857 2175 plurium
879 2125 1135 2160 nnmerum
1151 2126 1256 2161 non
1270 2127 1457 2160 amere:
1538 2120 1811 2177 poneretur.
1844 2109 1996 2174 Quod
2014 2127 2077 2159 ex
2093 2110 2409 2158 similitudine
2430 2126 2569 2159 eom-

440 2205 596 2253 neque
643 2188 785 2237 aliter
833 2189 993 2237 Graeci
1014 2225 1031 2251 ,
1070 2192 1165 2238 nisi
1214 2188 1459 2256 simplici,
1545 2190 1713 2254 pendii
1744 2189 1947 2254 syllaba
1984 2205 2047 2237 m·
2084 2204 2196 2238 cum
2236 2189 2379 2254 signo
2421 2204 2566 2254 roge-

438 2267 622 2323 xiv-now
652 2267 735 2319 καὶ
763 2268 961 2319 στάσιν.
1546 2270 1697 2319 tionis
1717 2303 1734 2329 ‚
1785 2268 1927 2333 quale
1980 2269 2151 2317 scribae
2204 2270 2434 2333 pingunt,
2495 2270 2568 2317 fn·

510 2348 558 2396 8.
602 2350 728 2412 Quae
753 2357 916 2394 autem
947 2356 1129 2395 natura
1158 2361 1261 2395 suoe
1286 2347 1459 2411 pn'moe
1545 2358 1677 2397 ctum
1720 2356 1858 2412 pute.
1902 2347 2042 2395 Plura
2088 2349 2198 2396 loca
2242 2348 2359 2396 inde
2397 2349 2568 2398 vitium

437 2424 752 2473 institucionis
779 2424 930 2473 oblita
957 2430 1064 2473 est?
1094 2428 1252 2474 Prnve
1281 2426 1334 2473 in
1356 2428 1458 2474 Da·

439 2504 620 2554 visinna
655 2515 704 2554 et
740 2507 856 2555 Em.
896 2521 989 2552 sua
1025 2505 1202 2554 editur.
1238 2528 1265 2548 e·
1301 2505 1460 2554 Prima

437 2584 683 2634 institutio
703 2607 729 2627 a
747 2595 819 2633 est
834 2619 850 2644 ,
868 2600 1013 2648 qnam
1036 2599 1125 2633 nos
1146 2584 1353 2632 dicimus
1378 2601 1460 2632 ur-

433 2662 737 2730 spm'nglicke
772 2661 1094 2729 Einriclatsmg
1119 2664 1458 2724 (constitution

437 2743 734 2809 originelle).
760 2742 835 2791 Cf.
867 2741 933 2790 N.
961 2744 1024 2791 D.
1059 2744 1137 2803 11,
1159 2745 1250 2801 13,
1282 2742 1369 2792 35.
1395 2745 1458 2793 G.

435 2849 509 2860 —
528 2823 661 2869 Goer.
678 2831 791 2885 post
807 2820 958 2867 oblita
975 2831 1047 2869 est
1061 2821 1245 2885 virgula
1273 2830 1459 2870 tautum

436 2899 769 2965 intes-pungit,
793 2899 879 2945 sed
907 2899 1012 2963 ipse
1051 2900 1101 2947 in
1136 2901 1268 2949 notis
1307 2902 1458 2951 inter·

439 2992 545 3043 rog.
569 2988 735 3025 notam
759 2975 950 3024 suadet.

509 3074 563 3121 9.
604 3055 756 3120 Quin,
798 3055 925 3104 velet
954 3070 1099 3120 quoe,
1145 3072 1262 3106 non.
1312 3059 1458 3109 Cous.

436 3134 646 3184 Tursell.
677 3134 737 3182 de
760 3134 915 3182 Pam.
932 3151 986 3198 p.
1013 3133 1134 3196 735.
1152 3136 1250 3184 Sed
1269 3139 1461 3187 videtur

438 3213 591 3262 verbo
626 3212 930 3261 substantivo
974 3214 1182 3277 repetito
1222 3214 1359 3263 nulla
1391 3227 1462 3265 est

436 3293 773 3351 scribendum,
808 3292 1139 3356 interrogandi
1177 3294 1337 3359 signo.
1378 3296 1460 3345 Sic

435 3373 562 3422 bene
603 3370 725 3434 sibi,
773 3387 927 3435 «quae
960 3382 1033 3420 est
1069 3373 1347 3421 enim...?-
1385 3384 1459 3433 et,

437 3475 464 3494 κ
483 3467 593 3516 quae
620 3461 803 3499 nutem.
820 3461 943 3499 ..est
962 3454 985 3500 i>
1010 3473 1036 3495 a·
1074 3452 1456 3517 respondebunt.

438 3531 526 3578 Est
535 3530 663 3577 enim
685 3540 797 3594 post
820 3530 960 3579 nulla
984 3530 1214 3579 omissum
1235 3533 1459 3597 exemplo

435 3609 616 3658 idoneo
642 3609 780 3657 nullo
806 3608 1093 3658 defenderis.
1110 3611 1175 3658 G.

506 3703 587 3736 πο.
621 3687 874 3753 Quomodo
896 3688 1063 3754 igitur.
1089 3691 1230 3738 Hane
1250 3689 1460 3754 vulgata!

436 3765 697 3816 lectionem
731 3778 927 3816 tuentur
953 3769 1080 3833 Spir.
1105 3780 1157 3817 et
1182 3769 1286 3818 Erl.
1320 3770 1458 3819 Reli-

436 3847 522 3908 qui
548 3847 704 3894 nostri
720 3863 817 3912 quo
835 3846 994 3912 igitur,
1017 3859 1073 3897 ut
1088 3858 1138 3895 et
1153 3847 1235 3896 alii
1251 3847 1456 3897 aliorum

436 3921 680 3988 plerique,
718 3925 855 3988 quod
880 3926 1041 3989 ‘prave
1066 3927 1283 3990 reposuit
1306 3928 1455 3977 Grut.

438 4001 794 4066 Compendium
825 4006 962 4054 vocis
983 4007 1224 4070 quomodo
1242 4017 1313 4053 est
1333 3992 1453 4071 ᾇῖι-ο,

439 4078 552 4125 hinc
578 4080 782 4132 infinitis
807 4085 930 4132 locis
957 4102 983 4133 a
1015 4082 1186 4132 scribis
1214 4101 1313 4149 quo
1341 4101 1453 4149 pec-

439 4168 575 4205 catur
613 4173 626 4207 :
660 4172 714 4209 ut
756 4163 937 4212 faciunt
974 4180 1023 4210 v.
1062 4180 1105 4211 c.
1134 4165 1185 4210 in
1222 4164 1456 4228 proximis

1546 2437 1830 2477 merum:
1854 2427 1940 2475 sed
1968 2426 2029 2474 de
2053 2426 2149 2475 hoe
2174 2426 2308 2475 elias.
2328 2430 2392 2476 G.

1625 2520 1703 2554 ω.
1736 2507 1801 2552 Ut
1835 2505 1991 2555 simile
2016 2505 2079 2554 sit
2102 2505 2319 2554 omnium
2343 2507 2569 2555 naturale

1546 2581 1673 2632 mad
1681 2584 1914 2633 ultimum.
1925 2587 2000 2633 Ita
2009 2585 2164 2634 nostri
2178 2600 2343 2634 omnm
2356 2587 2567 2650 itemque

1546 2663 1769 2726 impressi
1790 2674 1912 2714 vett.
1939 2665 2006 2712 At
2032 2666 2090 2715 Ρ.
2116 2665 2305 2714 Manut.
2333 2664 2498 2714 anh.
2519 2674 2567 2713 et

1546 2741 1713 2790 Davis.
1744 2758 1806 2791 ex
1831 2759 1934 2792 uno
1954 2744 2138 2808 sigonii
2170 2745 2341 2792 codice
2366 2754 2567 2793 natura—

1547 2836 1654 2869 mm
1693 2822 1959 2882 dederunt3
2000 2823 2191 2872 connisi
2230 2840 2405 2889 nempe
2447 2823 2565 2872 loeo

1545 2900 1636 2950 illo
1650 2939 1664 2964 ,
1686 2903 1774 2951 ubi
1790 2904 2012 2968 superius
2029 2903 2329 2951 namt-alium
2346 2903 2565 2950 correxi·

1547 2996 1673 3031 mus.
1693 2982 1824 3030 Sed«
1840 2983 2057 3031 omnium
2079 2981 2296 3029 naturale
2309 2980 2432 3028 illud
2452 2979 2568 3029 ult.»

1546 3070 1663 3119 est,«
1676 3062 1895 3109 omnium
1913 3060 2202 3108 naturalium
2212 3059 2430 3106 naturale
2444 3056 2568 3111 illud

1546 3140 1643 3187 ult.
1675 3161 1700 3180 ι·
1735 3148 1793 3185 ut
1830 3154 1959 3201 saepe
1984 3140 2054 3185 sic
2092 3146 2342 3186 contracte
2381 3147 2567 3186 auctor.

1546 3221 1621 3266 Ita
1645 3218 1751 3266 haec
1768 3229 1815 3265 et
1834 3233 1945 3265 cum
1968 3233 2021 3265 re
2040 3218 2143 3280 ipsa
2163 3219 2421 3279 (summum
2437 3215 2566 3263 euim

1548 3295 1733 3344 bonum
1774 3295 1920 3344 debet
1968 3295 2123 3343 simile
2166 3311 2268 3342 esse
2321 3294 2564 3347 omnium,

1547 3388 1658 3438 quae
1683 3373 1833 3422 homo
1861 3374 1915 3422 in
1941 3373 2085 3422 bonis
2107 3383 2356 3434 numerat,
2379 3373 2457 3420 vel
2477 3388 2565 3437 po·

1548 3454 1643 3501 tius
1662 3454 1766 3500 haec
1789 3451 2042 3501 continere
2069 3451 2232 3514 debet)
2249 3489 2264 3513 ,
2280 3461 2327 3500 et
2346 3466 2459 3499 cum
2485 3466 2568 3499 su-

1546 3529 1731 3596 periori
1769 3531 1884 3581 loco
1939 3544 2069 3580 arcte
2121 3530 2385 3580 cohaerent.
2428 3530 2569 3579 Dixit

1545 3621 1707 3658 sutem
1731 3622 1903 3659 auctor
1938 3610 2219 3665 nanu-alia,
2263 3625 2366 3657 non
2408 3610 2537 3657 bona
2553 3644 2566 3668 ,

1546 3690 1777 3753 quoniam
1799 3688 1952 3737 Stoici
1970 3705 2022 3737 en
2035 3723 2048 3744 ‚
2071 3704 2181 3754 quae
2199 3689 2463 3737 seeundum
2482 3704 2567 3736 na·

1546 3779 1707 3815 tetram
1737 3778 1930 3825 essent,
1972 3784 2073 3816 non
2111 3770 2163 3816 in
2191 3769 2359 3827 bonis,
2388 3767 2476 3815 sed
2513 3768 2564 3817 iu

1549 3843 1828 3917 ἀδιαφόροις
1860 3848 2138 3915 ponebant,
2175 3863 2327 3912 esque
2353 3863 2454 3895 non
2484 3862 2566 3895 ex·

1544 3928 1778 3993 petenda,
1825 3929 1909 3976 sed
1956 3928 2186 3977 sumenda
2233 3944 2338 3976 esse
2384 3936 2562 3976 statue·

1544 4007 1680 4055 bant.
1704 4008 1770 4056 G.

1625 4103 1641 4132 ι
1654 4088 1680 4133 3
1693 4124 1704 4134 .
1739 4088 1858 4136 Tale
1876 4088 2004 4135 enim
2024 4088 2181 4135 'visum
2208 4096 2327 4134 essee
2350 4082 2561 4132 ultimum

1508 4193 1516 4208 ·
1543 4166 1824 4215 Stoicorum.
1846 4169 1904 4215 In
1922 4166 1999 4214 his
2017 4165 2268 4229 quomodo
2281 4164 2565 4227 interpretes
