3217 4784
573 1566 638 1619 52

673 457 811 528 218

1355 463 1453 529 M.
1506 464 1584 529 T.
1642 464 2127 534 CICERONIS

670 606 872 667 rum,
910 607 1070 678 quae
1120 580 1709 683 significabantur
1743 585 1854 657 his
1890 585 2165 671 verbiS‚
2212 583 2632 684 dignitatem
2660 644 2677 676 ‚
2716 605 2802 661 ut

670 689 880 760 altior
919 688 1193 776 fieres',
1232 706 1312 762 ut
1346 693 1713 767 interdum
1743 697 2174 784 insisteres&
2205 711 2286 766 ut
2312 721 2445 768 nos
2473 699 2802 785 intuenS‚

672 801 878 897 quasi
928 799 1423 891 testificarere,
1477 803 1751 876 laudari
1814 806 2264 877 honestatem
2323 819 2398 876 et
2448 807 2798 901 justitiam

673 910 1059 1006 aliquando
1092 909 1184 982 ab
1210 916 1539 1010 Epicuro,
1570 918 1804 1007 Quam
1841 929 1911 986 te
1946 913 2245 986 decebat
2279 916 2364 985 iis
2396 915 2632 988 verbis
2658 922 2797 999 uti,

672 1016 942 1116 quibus
980 1023 1033 1091 si
1076 1021 1490 1121 philosophi
1521 1050 1669 1096 non
1715 1039 2109 1110 uterentur,
2148 1023 2606 1123 philosophia
2645 1050 2797 1097 om·

669 1130 848 1199 nino
876 1154 1024 1200 non
1055 1130 1506 1227 egeremus-⁹²!
1538 1138 1851 1206 Istorum
1879 1137 2073 1206 enim
2104 1132 2492 1206 verborum
2520 1158 2797 1219 amore,

672 1261 833 1334 quae
869 1262 1165 1336 perraro
1206 1242 1661 1339 appellantur
1695 1242 1789 1315 ab
1831 1245 2185 1342 Epicur-0,
2216 1246 2613 1342 sapientioe,
2650 1243 2794 1316 for·
2861 1318 2876 1323 ,

672 1345 998 1420 titudinis
1015 1403 1034 1433 ‚
1059 1351 1347 1444 justitiae
1364 1407 1384 1441 ,
1417 1357 1908 1451 temperantiae
1925 1410 1944 1442 ‚
1974 1355 2573 1451 praestantissimis
2600 1355 2797 1452 inge·

676 1458 814 1529 niis
857 1458 1189 1532 homines
1222 1486 1299 1534 se
1330 1463 1417 1533 ad
1448 1463 1923 1563 philosophiae
1951 1462 2268 1535 studium
2313 1463 2797 1535 contulerunt.

771 1599 805 1633 α
823 1570 1252 1657 Oculorum,
1282 1574 1522 1670 inquit
1546 1573 1744 1645 Plato
1760 1578 1817 1662 ⁴,
1843 1587 1954 1644 est
1985 1575 2061 1642 in
2092 1570 2304 1643 nobis
2325 1595 2574 1643 sensus
2610 1594 2796 1642 acer·

671 1681 897 1752 rimus
931 1708 947 1749 :
988 1672 1303 1779 quibus5
1342 1686 1761 1782 sapientiam
1798 1708 1948 1755 non
1984 1687 2365 1755 cernimus.
2407 1683 2637 1771 Quam
2677 1680 2795 1752 illa

742 1905 885 1957 XVI.
919 1921 962 1952 r.
989 1908 1049 1953 Ue
1063 1906 1394 1973 altior-fieres.
1416 1908 1457 1955 1.
1474 1923 1515 1956 e.
1542 1930 1565 1951 ι
1588 1908 1692 1971 glo·

672 1985 801 2031 riaus
828 1984 1049 2032 elatiores
1074 1985 1263 2033 anirnoa
1282 2000 1493 2032 sumeres
1513 2007 1555 2031 υ.
1581 1986 1691 2033 Jam

672 2073 966 2126 sequuntur,
987 2078 1097 2125 quae
1119 2063 1253 2125 signa
1275 2062 1471 2110 altiores
1491 2063 1692 2127 spiritus

671 2140 904 2188 sumentis
955 2150 1082 2188 sunt.
1129 2139 1359 2187 Similiter
1404 2154 1587 2188 eree-ms
1629 2141 1692 2191 de

671 2227 860 2267 attento
890 2217 952 2265 ad
978 2217 1291 2267 audiendum.
1321 2220 1398 2268 Cf.
1429 2220 1689 2268 Mencken.

673 2294 816 2343 Obss.
830 2296 880 2343 h.
901 2311 950 2343 v.
963 2296 1263 2345 Translatum
1283 2314 1309 2345 a
1333 2314 1539 2362 corpore
1557 2299 1690 2347 hune

673 2385 868 2439 tropum
884 2390 986 2422 esse
1006 2386 1139 2440 patet
1154 2410 1168 2434 ‚
1213 2376 1299 2424 sed
1319 2377 1557 2425 noluerim
1576 2377 1690 2427 ideo

670 2468 783 2500 eum
823 2453 1032 2502 Nisseno
1067 2453 1193 2502 hanc
1235 2456 1388 2519 ipsam
1417 2472 1588 2504 vocem
1629 2458 1690 2506 de

671 2531 780 2579 solo
798 2533 1022 2597 eorporis
1039 2543 1176 2580 motu
1196 2544 1422 2599 statuque
1449 2535 1655 2601 intelligi
1674 2553 1687 2584 ι

670 2627 860 2675 semper
892 2612 1021 2660 enim
1040 2645 1057 2669 ‚
1103 2613 1198 2660 isto
1242 2629 1403 2672 nexu,
1450 2615 1542 2662 hae
1567 2632 1689 2663 voce

670 2701 841 2738 auctor
854 2690 1077 2740 translate
1099 2692 1269 2740 utitur.
1291 2693 1505 2741 Similem
1524 2695 1686 2742 locum

669 2768 833 2817 laudat
861 2770 1026 2818 Davis.
1052 2771 1242 2820 Acadd.
1290 2775 1364 2832 11,
1410 2780 1469 2828 ξι
1489 2810 1504 2833 ,
1550 2788 1643 2834 ¹⁹7
1670 2786 1683 2819 :

675 2869 698 2889 ιι
723 2848 987 2912 erigimur3
1027 2851 1249 2900 elatiores
1288 2850 1395 2899 fieri
1430 2851 1687 2911 videmur3

670 2925 877 2975 humana
920 2927 1241 2994 despicimus,
1294 2940 1388 2977 etc.
1418 2949 1440 2971 ο
1484 2929 1571 2977 ubi
1594 2944 1689 2976 nos

670 3006 799 3056 vide.
824 3008 890 3057 G.

741 3103 790 3136 a.
818 3087 1085 3137 Insiseeres.
1114 3092 1265 3138 Recte
1290 3088 1406 3135 Ern.
1433 3088 1496 3135 de
1532 3086 1689 3134 iuter-

669 3165 809 3215 vallis
846 3167 898 3215 in
938 3168 1150 3217 dicendo
1177 3167 1312 3214 saetis
1342 3166 1569 3230 explieat.
1603 3166 1684 3215 cf.

666 3246 791 3294 infra
802 3249 865 3305 V,
887 3248 954 3295 25
971 3283 985 3306 ‚
1003 3249 1090 3307 75.
1108 3244 1395 3294 Addidisset
1407 3244 1524 3293 alias
1542 3247 1685 3293 etiam

668 3324 791 3373 illud
811 3326 953 3389 quasi
967 3340 1108 3372 suum
1136 3325 1333 3373 Cicero.
1354 3325 1419 3374 G.

740 3400 789 3452 3.
821 3403 1032 3451 Omnino
1075 3418 1176 3451 non
1220 3406 1498 3467 egeremus!
1523 3405 1689 3468 Vulgo

666 3493 782 3553 post
824 3497 1068 3546 egeremus
1113 3481 1443 3545 interrogandi
1495 3483 1688 3546 signum

667 3560 872 3624 ponitur
891 3575 905 3617 ;
927 3559 978 3606 in
998 3575 1100 3623 quo
1121 3560 1280 3607 Brem.
1300 3560 1423 3608 adeo
1446 3561 1656 3609 offendit
1669 3597 1685 3622 ,

669 3649 725 3685 ut
743 3674 760 3698 ,
798 3653 858 3686 eo
885 3637 1046 3686 deleto
1063 3670 1080 3695 ,
1103 3654 1204 3685 non
1223 3638 1364 3685 etiam
1384 3671 1401 3697 ,
1444 3651 1687 3703 tamquam

667 3733 730 3764 ex
752 3716 951 3765 omnino
979 3728 1168 3778 natam,
1200 3716 1344 3777 abjici
1372 3717 1503 3767 velit.
1527 3721 1686 3766 Inter-

663 3796 890 3857 jectionis
929 3797 1117 3859 siguum
1168 3796 1209 3842 si
1253 3797 1473 3859 posueris
1489 3830 1503 3852 ‚
1551 3797 1687 3861 quod

668 3874 809 3922 uuioe
830 3874 926 3921 huc
949 3874 1244 3939 pertinebat,
1262 3874 1544 3923 tentandum
1562 3875 1686 3923 nihil

667 3954 775 4003 erit.
795 3954 1040 4002 Sententia
1083 3953 1211 4000 enim
1254 3952 1409 4016 proba
1437 3954 1541 4001 haee
1570 3966 1644 4002 est
1671 3970 1684 4003 :

667 4033 814 4082 «Nisi
837 4030 1117 4103 philosophi
1146 4031 1305 4079 verbis
1347 4043 1556 4095 quatuor
1586 4033 1681 4081 illia

668 4112 878 4178 (quibus
921 4111 1074 4159 virtus
1115 4111 1276 4158 omnis
1325 4111 1605 4160 continetur
1626 4115 1645 4175 )
1663 4148 1678 4170 ‚

666 4203 915 4242 uterentur
930 4228 945 4253 ,
956 4207 1018 4239 ne
1030 4190 1341 4255 philosophia
1361 4190 1556 4254 quidem
1576 4192 1679 4257 ipsa

1778 1925 1905 1973 opus
1932 1919 2054 1957 esset
2077 1930 2118 1958 n.
2147 1909 2207 1957 G.
2236 1933 2306 1944 —-
2323 1908 2401 1955 Sc.
2421 1906 2535 1970 qnia
2565 1904 2687 1953 nihil
2712 1905 2797 1953 ha-

1778 1985 1915 2035 beret
1941 1986 2058 2034 boni
2087 1989 2190 2054 ipsa
2216 1983 2526 2051 philosophia
2546 2018 2562 2044 ‚
2596 1986 2638 2032 si
2663 1984 2795 2033 aliud

1774 2063 1997 2113 homines
2016 2064 2212 2115 doceret
2225 2099 2240 2124 ,
2262 2078 2406 2128 quam
2425 2062 2728 2112 honestatem
2747 2075 2797 2112 et

1771 2144 2034 2203 iustitiam.

1849 2230 1896 2278 4.
1922 2223 2099 2288 Inquit
2137 2221 2302 2270 Plato.
2338 2221 2418 2271 Cf.
2460 2219 2650 2269 Phoedr.
2689 2236 2794 2285 esp.

1778 2300 1847 2348 65
1862 2336 1875 2359 ‚
1895 2301 2158 2350 Heindorf.
2179 2288 2301 2369 ὃψις
2321 2299 2417 2370 γὰρ
2442 2301 2558 2369 ἡμῖν
2584 2298 2793 2361 ὀξυτάτη

1778 2387 1871 2433 τῶν
1901 2375 1990 2431 διὰ
2030 2384 2114 2431 τοῦ
2154 2379 2387 2448 σώματος
2407 2379 2601 2446 ἱρχιται
2626 2379 2794 2433 αἰσθή-

1776 2477 1925 2515 σεων,
1955 2451 1989 2526 ’ᾗ
2015 2459 2236 2527 φρόνησις
2260 2459 2347 2522 οὐχ
2369 2458 2541 2525 ὁρᾶται
2560 2475 2573 2490 ·
2606 2451 2793 2514 &amobe

1774 2537 1865 2607 γὰρ
1888 2536 1945 2587 ἂν
1968 2538 2196 2604 παρεῖχεν
2217 2535 2429 2601 (poree,
2453 2532 2498 2583 εἴ
2509 2552 2557 2583 τι
2576 2539 2791 2584 τοιοῦτον

1775 2617 1949 2674 ίαυτῆς
1977 2613 2171 2682 ὅναργὶς
2202 2607 2400 2663 εἴδωλον
2428 2611 2691 2689 παρξίχιτο
2725 2613 2791 2671 αἶς
2877 2668 2883 2674 ,

1774 2694 1877 2763 ὄψιν
1911 2693 2000 2745 ἰόν.
2026 2695 2175 2739 Hune
2196 2691 2356 2755 ipsum
2379 2691 2541 2740 locum
2562 2692 2664 2739 Cie.
2688 2692 2791 2741 Off.

1773 2776 1825 2835 1,
1859 2774 1916 2830 5,
1950 2789 2002 2831 1,
2030 2771 2098 2819 sie
2124 2771 2267 2820 el'l'ert
2311 2784 2326 2820 τ
2375 2792 2397 2813 ιι
2435 2773 2652 2820 Formam
2681 2773 2793 2835 qui-

1774 2853 1883 2900 dem
1906 2851 2059 2915 ipsam
2088 2883 2127 2898 ..
2140 2884 2155 2899 .
2182 2860 2230 2899 et
2250 2862 2495 2916 tamquam
2514 2850 2684 2899 faeiem
2705 2850 2793 2899 ho·

1771 2933 1894 2979 nesti
1921 2930 2080 2994 vides;
2104 2946 2239 2994 quae,
2266 2931 2308 2979 si
2329 2930 2484 2979 oeulis
2501 2940 2793 2989 cerneretur,

1771 3008 2016 3059 mirabiles
2038 3026 2252 3065 amores,
2281 3019 2335 3057 nt
2355 3009 2422 3058 ait
2443 3009 2582 3058 Plato
2597 3046 2612 3071 ‚
2660 3010 2792 3057 exei-

1773 3099 1897 3137 taret
1923 3090 2172 3154 sapientie
2190 3110 2212 3132 ι
2227 3126 2239 3138 .
2260 3089 2279 3151 (
2300 3090 2415 3151 Quo
2436 3089 2487 3135 in
2511 3087 2627 3135 loeo
2647 3089 2791 3135 Pear·

1772 3168 1835 3215 eii
1857 3168 2212 3233 Faeciolatiqne
2230 3168 2556 3228 conjecturam
2570 3200 2584 3224 ,
2604 3187 2629 3206 α
2646 3176 2702 3213 ut
2722 3166 2796 3211 ait

1771 3247 1910 3295 Plato
1963 3247 2024 3295 de
2069 3248 2332 3311 sapientia,
2363 3244 2594 3293 excitaret
2637 3243 2791 3301 sni»,

1774 3342 1884 3373 oum
1935 3327 2127 3374 Bremio
2163 3325 2383 3372 refovere
2415 3322 2517 3370 noli
2542 3323 2792 3387 :pertinet

1772 3406 1901 3453 euim
1941 3405 2013 3452 vel
2047 3405 2129 3452 hie
2173 3403 2312 3451 locus
2354 3401 2419 3450 ad
2453 3399 2800 3465 complicatiua

1772 3485 1982 3533 auctoris
2026 3482 2220 3531 dicendi
2260 3496 2440 3546 genus,
2483 3478 2619 3542 quod
2672 3476 2795 3524 alibi.

1772 3562 1967 3611 abunde
1992 3561 2326 3621 docebimus.)
2353 3561 2419 3607 G.

1846 3643 1897 3691 5.
1948 3641 2133 3705 Quibus
2157 3650 2256 3695 est,
2288 3649 2337 3685 ee
2360 3649 2522 3685 tamen
2549 3634 2650 3691 lais,
2682 3623 2790 3696 ιιῑχῆ

1773 3736 1865 3784 pro
1894 3717 1997 3769 ἀλλ’
2034 3717 2160 3785 ὅμως
2190 3715 2341 3779 ταύτῃ
2376 3715 2521 3762 valet.
2556 3714 2635 3760 Sic
2660 3713 2790 3759 enirn

1772 3797 1834 3845 ad
1887 3796 2127 3861 vulgatam
2177 3795 2411 3842 rationem
2450 3790 2548 3839 loei
2598 3806 2790 3838 sensum

1772 3877 2058 3940 expresseris
2112 3888 2125 3921 :
2168 3896 2192 3915 α
2236 3873 2541 3935 Quamquam
2592 3867 2795 3932 quidem

1771 3956 2025 4003 oculorum
2048 3968 2213 4000 sensus
2231 3951 2516 4007 acerrimus,
2537 3959 2695 3997 tamen
2713 3947 2796 3994 his

1771 4032 2051 4098 sapientiam
2079 4047 2273 4078 eernere
2297 4044 2398 4077 non
2422 4028 2555 4078 lieet.
2576 4026 2725 4090 Quod
2747 4027 2792 4074 ai

1770 4113 1960 4171 liceret,
1979 4122 2072 4159 etc.
2091 4132 2113 4152 ι
2162 4110 2278 4159 Non
2305 4109 2428 4157 bene
2455 4109 2603 4171 igitur
2631 4108 2794 4154 Brem.

1769 4201 1880 4258 post
1901 4189 2140 4238 cemimus
2160 4187 2344 4253 virgula
2374 4188 2697 4253 interpunxit.
2722 4186 2794 4236 G.
