3217 4784
797 467 918 535 DE
969 469 1137 538 FIN.
1169 471 1568 540 'BON.‘ET
1619 475 1835 544 MAL.
1886 481 1969 564 v,
2028 504 2131 575 ¹9·
2369 484 2511 557 615

399 586 762 655 seriarum.
815 590 1065 684 Itaque
1102 591 1310 660 multi
1346 615 1571 687 quum
1613 595 1687 664 in
1728 612 2076 694 potestate
2112 622 2349 676 essent
2386 608 2510 679 ho·

400 696 613 764 stium
640 750 659 781 ,
701 712 826 768 aut
870 712 1384 794 tyrannorum;
1418 702 1625 772 multi
1669 706 1744 774 in
1785 711 2145 799 custodia,
2180 716 2510 788 multi'in

401 805 644 874 exsilio
699 805 1023 877 dolorem
1083 832 1294 877 suum
1360 808 1703 881 doctrinae
1762 818 2013 890 studiis
2078 822 2512 898 levaverunt.
2560 896 2567 902 .

401 915 732 1011 Princeps
774 915 984 1010 hujus
1016 910 1395 985 civitatis¹⁸
1436 918 1818 992 Phalereus
1847 930 2255 1003 Demetrius
2291 960 2514 1030 quum
2557 956 2618 1014 54

404 1026 625 1120 patria
669 1024 920 1120 pulsus
956 1041 1141 1096 esset
1184 1029 1481 1119 injuria,
1524 1029 1612 1100 ad
1653 1033 2116 1108 Ptolemaeum
2158 1067 2233 1113 se
2277 1069 2514 1142 regem

399 1132 978 1204 Alexandriam¹9
1015 1138 1337 1207 contulit.
1373 1139 1520 1228 Qui
1551 1163 1780 1235 quum
1816 1145 1887 1213 in
1921 1145 2050 1218 hac
2096 1152 2245 1246 ipsa
2283 1155 2517 1251 philo·

400 1242 674 1340 sophia,
707 1245 796 1314 ad
816 1269 1033 1341 quam
1060 1260 1130 1317 te
1160 1246 1556 1335 hortamur,
1590 1253 1991 1344 excelleret,
2014 1251 2553 1358 Theophrasti-²

401 1376 542 1446 que
590 1368 774 1424 esset
822 1354 1142 1442 auditor,
1186 1356 1409 1426 multa
1444 1351 1782 1455 pr‘aeclara
1817 1365 1892 1433 in
1943 1366 2066 1436 illo
2104 1370 2516 1446 calamitoso

401 1463 548 1531 otio
589 1463 906 1560 scripsit,
957 1489 1104 1534 non
1144 1464 1233 1535 ad
1269 1489 1477 1535 usum
1527 1468 1839 1564 aliquem
1882 1498 2132 1563 suum,
2170 1505 2319 1575 quo
2366 1498 2517 1553 erat

403 1571 695 1642 orbatus
711 1583 816 1661 ²⁰3
853 1572 976 1644 sed
1017 1575 1231 1644 animi
1269 1575 1503 1646 cultus
1537 1577 1656 1648 ille
1693 1598 1843 1652 erat
1880 1587 1945 1653 ei
1982 1592 2182 1682 quasi
2224 1590 2515 1685 quidam

405 1681 861 1753 humanitatis
904 1683 1125 1754 cibus.
1163 1684 1514 1780 Equidem
1544 1712 1583 1757 e
1609 1692 1743 1758 Cn.
1789 1692 2112 1784 Aufidio,
2148 1702 2518 1794 praetorio,

403 1789 686 1859 erudito
711 1790 1030 1871 homine,
1058 1792 1285 1864 oculis
1304 1809 1515 1891 capto
1531 1851 1550 1881 ,
1573 1821 1758 1894 saepe
1777 1802 2154 1875 audiebam
2176 1817 2262 1893 ²¹,
2290 1809 2517 1905 quum

402 1924 476 1970 se
513 1899 688 1970 lucis
723 1902 944 1998 magis
964 1911 1065 1986 ²²,
1101 1927 1317 1999 quam
1353 1903 1677 1976 utilitatis
1715 1907 2065 1983 desiderio
2105 1921 2374 1987 moveri
2410 1919 2516 1988 di-

402 2024 612 2079 ceret.
643 2014 990 2081 Somnum
1022 2012 1337 2110 denique
1370 2014 1618 2101 nobis,
1656 2020 1796 2089 nisi
1822 2026 2218 2118 requietem
2257 2051 2512 2124 corpo-

404 2118 600 2190 ribus
618 2173 637 2206 ,
657 2137 726 2191 et
750 2123 1179 2193 medicinam
1207 2125 1591 2222 quamdam
1624 2128 1889 2204 laboris
1913 2133 2206 2207 afferret
2222 2192 2241 2225 ‚
2268 2155 2521 2211 contra

403 2244 729 2300 naturam
761 2248 1175 2329 putaremus
1195 2236 1480 2306 datum:
1512 2236 1745 2310 aufert
1777 2246 1967 2313 enim
1996 2271 2270 2334 senSUS‚
2299 2254 2519 2321 actio-

401 2465 638 2529 supponit
665 2469 795 2515 Goer.
820 2470 1195 2518 constructionis
1227 2471 1416 2519 nullum

401 2543 561 2590 afferri
610 2561 753 2608 posse
814 2548 1087 2611 exemplum
1150 2549 1416 2610 credimus;

402 2638 551 2685 quum
579 2625 725 2672 altera
765 2628 1139 2675 constructionis
1174 2630 1295 2677 ratio
1321 2629 1417 2676 fre-

1502 2472 1649 2525 codd.
1679 2487 1955 2526 constanter
1978 2478 2308 2528 Alexandrea
2329 2482 2520 2546 legitur.

1503 2555 1611 2602 Alis
1664 2571 1737 2603 res
1787 2566 1858 2603 est
1901 2558 1955 2604 in
1998 2558 2149 2605 Darei
2189 2558 2344 2616 infra,
2405 2578 2514 2626 cap.

1505 2635 1570 2680 30
1592 2670 1606 2693 ,
1639 2633 1668 2697 S
1705 2650 1769 2698 92
1790 2669 1806 2695 ,
1844 2634 1930 2682 ubi
1967 2653 2057 2684 nos
2095 2637 2227 2686 vide.
2262 2637 2517 2699 Adiectiva

403 2705 710 2766 quentissima
745 2707 839 2753 sit:
883 2717 930 2753 et
974 2708 1114 2754 facile
1162 2707 1415 2755 subaudia-

405 2795 528 2833 tur:
572 2808 599 2827 σι
624 2788 676 2833 in
729 2804 886 2836 rerum
948 2790 1313 2853 investigatione
1368 2798 1418 2835 et

404 2865 836 2928 contemplatione,
863 2869 1029 2927 istam,
1069 2886 1135 2916 sc.
1165 2883 1309 2931 qnam
1335 2881 1416 2914 ex-

405 2944 581 3005 posui,
611 2943 982 2992 oblectationem
1009 2947 1228 2992 videmus
1250 2968 1293 2992 n.

481 3022 561 3069 18.
594 3022 744 3086 Hujus
764 3023 980 3071 civitatis.
1006 3025 1337 3079 Athenarum,
1366 3023 1418 3069 in

404 3100 581 3164 quibus
615 3118 641 3147 a
669 3102 844 3148 Pisone
879 3100 1047 3149 haberi
1076 3104 1207 3148 hunc
1232 3110 1417 3148 sermo-

404 3195 513 3225 nem
540 3178 754 3243 fingitur.
774 3207 843 3216 ——-
862 3179 1115 3228 Phalereus
1132 3169 1416 3228 Demetrius.

407 3261 499 3306 Hic
525 3257 691 3305 daecem
723 3275 875 3306 annos
910 3259 1128 3323 regendae
1152 3259 1415 3306 Athenien-

406 3339 528 3384 sium
575 3337 854 3400 reipublicae
902 3339 1121 3402 praefuit3
1170 3347 1218 3384 et
1266 3352 1414 3398 quum

407 3417 788 3480 preclarissimus
823 3418 950 3480 leges
981 3417 1189 3475 tulisset,
1219 3416 1416 3462 meritus

407 3508 478 3543 est
524 3507 579 3543 ut
624 3497 716 3543 sibi
777 3498 877 3544 360
934 3507 1101 3544 statuae
1165 3509 1310 3542 aeneae
1362 3494 1416 3538 in

409 3577 639 3623 bonorem
674 3586 985 3639 ponerentur.
1023 3574 1116 3623 Sed
1153 3583 1317 3639 postea
1355 3572 1417 3619 ab

406 3656 613 3702 inimicis
660 3655 827 3718 pulsus
881 3654 1101 3716 confugit
1147 3653 1209 3699 nd
1263 3650 1415 3698 aulam

409 3734 654 3781 Ptolemaei
680 3735 893 3793 Soteris,
937 3734 1102 3796 ibique
1130 3732 1254 3780 obiit
1291 3747 1421 3795 pun·

407 3824 514 3861 ctus
546 3812 608 3858 sb
639 3812 820 3875 aspide.
847 3814 898 3859 J.
924 3814 987 3861 V.
1017 3814 1069 3858 1..

485 3907 563 3953 ¹9·
594 3891 970 3940 Alexandriam.
1010 3891 1120 3938 Bini
1153 3889 1224 3936 illi
1261 3891 1415 3936 nostri

410 3971 539 4034 Spir.
584 3982 632 4018 et
679 3972 780 4021 Erl.
822 3972 1220 4024 Alea-andream,-
1264 3979 1314 4016 et
1353 3971 1421 4019 sic

411 4067 537 4115 saepe
582 4052 781 4116 scripti,
829 4065 886 4101 ut
934 4054 1149 4112 nescias,
1202 4073 1262 4104 an
1297 4058 1360 4104 sit
1396 4074 1425 4103 a

411 4129 579 4176 scribis
613 4132 766 4178 rarior
792 4133 942 4180 foruna
970 4135 1020 4179 in
1047 4136 1282 4183 usitatam·
1316 4151 1429 4182 mu-

427 4218 538 4255 tata.
588 4209 820 4271 Nuspinm
877 4223 1033 4259 tamen
1087 4214 1136 4260 in
1183 4217 1429 4264 Ciceronis

1504 2724 1633 2761 certe
1669 2714 1921 2761 nominum
1952 2731 2216 2777 graecorum
2238 2720 2290 2764 in
2314 2734 2402 2775 ειος
2434 2736 2519 2767 au-

1504 2804 1613 2839 ctor
1638 2803 1846 2855 utroque
1872 2795 2023 2842 modo
2049 2789 2206 2843 effert.
2234 2797 2520 2845 Notandum

1506 2882 1666 2919 tamen
1681 2881 1753 2919 est
1768 2907 1781 2930 ,
1808 2872 1857 2918 in
1877 2873 2073 2920 denario
2088 2875 2159 2920 M.
2176 2874 2347 2937 Lepidi
2361 2910 2376 2935 ‚
2395 2878 2520 2938 ejus,

1505 2951 1592 3013 qui
1614 2960 1745 2999 tutor
1769 2954 1985 3016 AEgyptii
2011 2955 2133 3015 regis
2150 2953 2270 3012 fuit,
2293 2955 2519 3003 Alexan-

1507 3029 1628 3077 drea
1654 3031 1820 3078 scribi.
1842 3033 1907 3078 G.

1577 3124 1662 3155 20.
1697 3110 1801 3169 Quo
1838 3119 1947 3154 erat
1989 3110 2205 3156 orbatus.
2233 3114 2348 3159 Haec
2376 3113 2438 3159 sd
2466 3129 2520 3159 ea

1505 3187 1736 3234 Demetrii
1776 3187 1954 3250 scriptu
1986 3190 2231 3251 pertinere
2267 3189 2523 3247 videntur,

1504 3282 1614 3330 quae
1636 3265 1824 3329 politici
1845 3277 2004 3313 essent
2034 3267 2329 3329 argumenti,
2363 3268 2520 3331 qualia

1501 3344 1644 3407 plura
1677 3344 1967 3407 composuit.
2011 3345 2153 3393 Conf.
2184 3345 2332 3409 Diog.
2362 3350 2520 3394 Laert.

1504 3425 1569 3484 V,
1593 3423 1675 3470 80.
1698 3423 1761 3470 G.

1513 3507 1518 3514 “
1577 3518 1660 3550 21.
1683 3504 1727 3549 Ε
1760 3501 1848 3549 Cn.
1883 3502 2083 3568 Aufidio
2118 3536 2165 3549 ..
2188 3537 2202 3551 .
2238 3502 2521 3553 audiebam.

1506 3585 1579 3630 De
1620 3581 1765 3642 hujus
1805 3581 2004 3628 veritate
2048 3581 2271 3628 lectionis
2312 3581 2524 3630 dubitari

1507 3661 1702 3725 nequit;
1732 3660 1797 3709 cs.
1824 3676 1933 3723 sup.
1960 3663 2010 3719 1,
2041 3661 2145 3716 11‚'
2165 3662 2396 3722 39.—De
2426 3661 2524 3710 hoc

1506 3751 1665 3788 autem
1691 3741 1782 3789 Cn.
1808 3738 2009 3787 Aufidio
2030 3774 2045 3798 ,
2069 3755 2200 3788 caeoo
2217 3774 2234 3800 ,
2260 3737 2361 3786 vid.
2380 3741 2523 3787 Tusc.

1507 3821 1577 3877 V,
1607 3820 1700 3874 38,
1743 3833 1860 3865 112.
1894 3819 1957 3864 G.
2217 3804 2227 3815 ⁸

1579 3912 1666 3943 22.
1697 3899 1759 3943 Se
1784 3894 1900 3944 IucIs
1922 3893 2081 3958 magis·
2125 3930 2137 3940 .
2160 3932 2173 3943 .
2196 3931 2208 3943 .
2249 3896 2445 3943 diceret.
2468 3898 2527 3941 Se

1509 3976 1719 4040 aequiore
1745 3976 1905 4023 animo
1930 3977 2083 4030 ferre,
2125 3975 2259 4038 quod
2295 3975 2343 4020 in
2382 3975 2525 4020 variis

1518 4056 1626 4102 vitae
1664 4054 1830 4101 usibus
1869 4055 1999 4101 visus
2038 4070 2131 4116 ope
2177 4053 2514 4100 destitueretur

1517 4150 1659 4197 quam
1678 4133 1811 4197 quod
1828 4134 1949 4182 lucis
1962 4132 2120 4180 oculis
2134 4131 2405 4179 hauriendae
2421 4129 2533 4178 dul·

1521 4214 1711 4260 cissimo
1732 4213 2009 4276 spectaculo
2039 4210 2307 4274 orbaretur.
