3217 4784
860 462 984 529 DE
1028 460 1204 530 FIN.
1256 459 1463 527 BON.
1510 461 1622 527 ET
1667 460 1886 528 MAI..
1942 460 2008 541 1,
2048 455 2114 526 6.
2464 449 2553 521 53

452 583 672 655 atomi
709 579 1205 663 declinabunt,
1248 580 1461 650 nullae
1500 603 1842 677 umquam
1881 577 2358 649 cohaerescent
2389 601 2405 643 ε
2444 578 2551 643 sin

448 692 598 762 aliae
624 689 1121 776 declinabunt,
1156 688 1306 759 aliae
1333 712 1464 760 suo
1482 704 1684 760 nutu
1722 703 1912 760 recte
1953 685 2275 758 ferentur
2300 695 2389 770 ²²,
2416 686 2556 780 pri-

453 825 654 870 mum
715 802 852 870 erit
901 798 1043 868 hoc
1119 801 1322 895 quasi
1382 799 1784 897 provincias
1843 800 2098 867 atomis
2144 795 2356 879 dare,
2396 817 2557 890 quae

453 924 680 995 recte,
712 932 873 1005 quae
911 905 1204 1003 oblique
1228 905 1603 996 .ferantur;
1652 905 1913 978 deinde
1958 904 2208 976 eadem
2256 903 2375 974 illa
2413 916 2560 974 ato-

454 1042 779 1098 morum,
805 1018 882 1087 in
925 1040 1074 1114 quo
1110 1019 1321 1087 etiam
1358 1019 1813 1089 Democritus
1845 1015 2104 1100 haeret,
2142 1011 2559 1083 turbulenta

455 1128 834 1199 concursio
884 1126 1076 1197 hunc
1124 1124 1379 1197 mundi
1419 1140 1751 1198 ornatum
1779 1120 1845 1168 ²³
1888 1122 2175 1195 efficere
2222 1146 2369 1192 non
2422 1145 2555 1219 po·

457 1236 639 1305 terit.
683 1236 791 1307 Ne
840 1233 1021 1306 illud
1059 1233 1353 1333 quidem
1418 1235 1734 1333 physici,
1767 1232 2056 1306 credere
2101 1230 2373 1328 aliquid
2404 1255 2558 1302 esse

455 1344 831 1417 minimum
845 1347 909 1395 ²⁴
939 1371 955 1414 ε
990 1345 1192 1441 quod
1235 1343 1561 1442 profecto
1612 1367 2008 1442 numquam
2046 1342 2468 1440 putavisset,
2505 1345 2563 1411 si

454 1478 496 1524 a
531 1450 970 1550 Polyaeno²⁵‚
1004 1451 1328 1524 familiari
1364 1479 1537 1541 suo,
1563 1446 2103 1551 geometriam&-
2134 1448 2407 1522 discere
2429 1473 2567 1521 ma-

455 1563 746 1649 luisset,
789 1586 1005 1658 quam
1043 1562 1235 1633 illam
1264 1564 1475 1634 etiam
1512 1565 1750 1660 ipsum
1798 1560 2171 1632 dedocere.

550 1670 671 1742 Sol
697 1671 1111 1740 Democrito
1143 1695 1441 1767 magnus
1472 1671 1779 1759 videtur,
1809 1672 2080 1769 quippe
2107 1666 2385 1739 homini
2407 1689 2569 1736 eru-

457 1779 641 1868 dito,
689 1783 766 1850 in
815 1780 1352 1877 geometriaque
1390 1779 1733 1879 perfecto.
1781 1781 1963 1850 Huic
2019 1773 2373 1875 bipedalis
2422 1771 2565 1843 for-

456 1905 641 1965 tasse
657 1901 719 1945 ²⁷
756 1915 774 1958 ε
818 1902 1095 1959 tantum
1150 1890 1339 1965 enim
1384 1915 1534 1962 esse
1574 1904 1857 1975 censet,
1894 1902 2207 1985 quantus
2260 1880 2567 1965 videtur,

461 2056 513 2113 Ι,
554 2068 614 2111 2,
657 2069 724 2115 7:
767 2053 1043 2102 conferatur
1077 2055 1279 2104 Tursell.
1320 2057 1468 2122 1189.

530 2144 614 2177 υ.
633 2131 730 2178 Suo
748 2142 864 2176 nutu
882 2131 1256 2195 recesset-entur.
1283 2134 1341 2181 Id
1365 2147 1436 2184 est
1451 2168 1469 2195 ‚

466 2230 491 2250 οι
508 2207 585 2255 sui
611 2206 838 2271 ponderis
861 2208 970 2255 nisu
993 2208 1057 2256 sd
1077 2210 1474 2273 perpendicnlum

1629 2057 1715 2106 26.
1742 2055 2081 2105 Geomeeriam.
2111 2054 2303 2102 Gruter.
2336 2067 2398 2099 ex
2433 2050 2570 2114 quin·

1557 2152 1653 2200 que
1680 2135 1855 2185 Pelstt.
1871 2132 2220 2201 geometricam
2244 2141 2383 2181 notat
2404 2143 2419 2178 :
2438 2130 2570 2178 unde

1558 2213 1717 2261 Brenni
1733 2212 2026 2277 geometr-ica
2043 2211 2280 2276 corrigere
2299 2209 2472 2271 voluit,
2483 2211 2513 2258 J
2516 2225 2565 2257 o.

466 2287 554 2336 fer.
571 2308 597 2329 ι·
616 2301 766 2351 qnnm
783 2296 929 2334 nutus
949 2301 1210 2351 corporum
1229 2303 1338 2335 cnm
1354 2305 1477 2353 pon.

466 2365 582 2419 dere
611 2364 835 2413 omnium
856 2363 1136 2428 proclivitas
1167 2367 1230 2414 sit
1248 2399 1264 2425 ,
1294 2382 1389 2430 qus
1414 2367 1476 2416 sd

465 2455 603 2495 terre
636 2454 855 2493 centrum
886 2444 974 2507 (ut
996 2441 1210 2509 vocant)
1236 2444 1471 2494 nituntur.

464 2525 536 2572 Its
565 2520 715 2574 νεύειν
754 2538 948 2587 quoque
972 2524 1131 2571 Graeci
1169 2521 1470 2588 philosophi.

465 2601 635 2651 Paucis
649 2601 857 2665 deniqne
865 2611 977 2666 post
989 2634 1005 2660 ‚
1014 2623 1039 2643 α
1047 2601 1184 2665 qussi
1200 2602 1474 2665 provincias

463 2680 637 2729 atomis
659 2679 771 2728 dm
790 2702 815 2722 ιι
831 2714 847 2739 ,
864 2691 937 2728 est
957 2713 974 2740 ,
1000 2701 1023 2722 ι
1042 2695 1136 2743 pro
1158 2679 1358 2729 arbitrio
1385 2680 1471 2729 de-

464 2775 688 2818 cernere,
716 2774 828 2821 qne
850 2759 998 2807 atomi
1016 2792 1032 2819 ,
1076 2770 1168 2808 etc.
1187 2780 1210 2803 ι
1239 2760 1306 2809 G.

538 2840 626 2887 23.
657 2841 802 2887 Hunc
825 2838 997 2886 mundi
1017 2850 1257 2887 ornatum.
1274 2840 1334 2887 In
1357 2855 1475 2888 voce

462 2915 680 2966 mundus
697 2915 797 2980 jem
819 2915 945 2964 inest
977 2927 1175 2964 ornatus
1200 2917 1340 2965 notio
1366 2953 1383 2978 ,
1420 2929 1477 2966 ut

465 2996 521 3045 in
557 3010 710 3060 groeca
764 2994 949 3064 κόσμου
974 3010 987 3043 ;
1020 3005 1178 3043 tamen
1202 3005 1252 3043 et
1276 2995 1477 3044 seriores

467 3076 626 3124 Greci
667 3091 794 3139 saepe
828 3074 1011 3141 κόσμου
1031 3067 1353 3141 διακόσμησιν
1401 3073 1478 3121 ὥ-

467 3163 602 3202 cunt.
625 3153 741 3201 Em
761 3151 989 3200 videlicet
1006 3162 1108 3200 tuin
1137 3152 1272 3199 vocis
1295 3150 1478 3200 nti-ins·

462 3247 561 3295 que
587 3231 726 3279 notio
742 3230 809 3278 its
826 3230 1020 3281 nuribus
1041 3229 1238 3278 adsueta
1256 3264 1272 3290 ‚
1292 3241 1347 3278 ut
1364 3229 1477 3276 sim·

466 3309 660 3374 pliciter
686 3308 892 3357 universi
917 3308 991 3357 vis
1025 3324 1078 3357 en
1119 3307 1475 3372 intelligeretur.

468 3390 606 3438 Hunc
630 3399 704 3438 est
718 3422 733 3447 ‚
754 3404 897 3453 quem
921 3388 1079 3437 vides.
1103 3389 1166 3436 G.

537 3475 626 3523 24.
645 3465 851 3530 Aliquid
872 3482 972 3515 esse
996 3465 1260 3514 minimum.
1290 3466 1477 3530 Nempe

466 3567 495 3587 ι·
513 3544 649 3610 quod
666 3545 731 3593 sit
753 3543 1088 3593 individuum:
1107 3560 1256 3609 quum
1273 3541 1338 3591 sit
1356 3542 1478 3591 nihil

466 3624 671 3674 omnino
703 3626 756 3671 in
786 3639 943 3672 rerum
983 3634 1152 3672 nature
1194 3621 1443 3670 minimum
1462 3655 1477 3680 ‚

466 3702 603 3768 qnod
624 3701 780 3751 dividi
807 3713 1015 3767 nequest
1036 3723 1058 3745 ι
1078 3718 1096 3764 ;
1134 3702 1247 3751 vide
1284 3699 1475 3749 Acsdd.

467 3786 493 3838 Ι
516 3818 531 3841 ,
558 3798 608 3844 7,
628 3784 844 3843 27.—1n
872 3782 1105 3830 continno
1131 3778 1337 3844 praeced.
1367 3801 1392 3821 α
1418 3795 1479 3827 ne

469 3861 595 3911 illud
619 3859 818 3925 quidem
843 3860 989 3925 phys.
1009 3881 1037 3902 a
1054 3846 1216 3925 plnr'es
1238 3868 1287 3906 et
1311 3857 1481 3921 scripti

469 3950 520 3993 ,et
550 3938 669 3987 editi
695 3953 790 4002 pro
819 3937 970 3996 illud,
1015 3936 1071 3984 id
1109 3937 1339 3986 exhibent
1378 3951 1392 3985 :
1419 3952 1480 3984 ex

478 4016 766 4080 compendio
795 4017 839 4063 τά
858 4027 973 4082 puts
990 4051 1005 4076 ,
1041 4026 1093 4063 ut
1109 4031 1253 4079 sepe.
1283 4016 1349 4063 G.

547 4097 629 4144 25.
651 4096 901 4157 Poly'oeno.
928 4096 1186 4160 Polyaenus
1211 4106 1311 4142 erat
1340 4097 1478 4144 hm-

474 4189 728 4239 psscenus;
757 4174 817 4224 de
832 4192 931 4241 quo
946 4175 1135 4227 Acadd.
1152 4178 1226 4233 11,
1245 4177 1312 4224 35
1325 4209 1341 4232 ‚
1370 4176 1478 4223 106.

1559 2293 1639 2340 Fr.
1669 2292 1891 2340 Gronov.
1937 2291 2083 2340 Obss.
2123 2292 2203 2349 11,
2248 2304 2293 2337 c.
2332 2303 2363 2336 2
2388 2322 2405 2347 ‚
2439 2287 2569 2335 idem

1557 2368 1786 2417 suadente
1817 2384 1833 2419 :
1864 2368 1950 2416 sed
1970 2385 2129 2433 opere
2153 2383 2256 2417 non
2287 2378 2567 2433 pst-nerunt.

1558 2448 1756 2512 Optime
1773 2463 1886 2495 ssne
1899 2482 1914 2506 ,
1927 2457 1977 2495 et
1993 2449 2061 2495 sic
2078 2462 2215 2512 paene
2231 2446 2431 2511 proprie
2447 2445 2571 2494 bene

1557 2526 1716 2573 Latini
1765 2527 1816 2573 in
1860 2526 2032 2574 artium
2082 2524 2362 2573 nominibus
2395 2538 2411 2573 e
2456 2524 2570 2572 vide

1559 2606 1700 2654 etism
1726 2604 1897 2653 eodem
1924 2604 2075 2653 modo
2093 2605 2239 2654 Tusc.
2262 2606 2321 2662 1,
2354 2611 2449 2662 24,
2487 2606 2569 2664 57.

1557 2684 1654 2734 Sed
1669 2685 1844 2734 horum
1861 2683 2031 2734 Pslstt.
2049 2685 2275 2733 nimisest
2289 2699 2384 2731 uns
2402 2683 2569 2739 facien

1558 2781 1650 2812 nec
1669 2763 1797 2814 nllus
1812 2763 1935 2812 allus
1948 2764 2062 2814 cod.
2077 2765 2143 2813 its
2162 2762 2377 2830 praebere
2393 2778 2573 2809 memo·

1558 2854 1694 2891 ratur
1730 2859 1744 2892 ε
1792 2844 1948 2891 nostri
1989 2859 2187 2907 quoque
2215 2852 2265 2889 et
2298 2840 2417 2889 editi
2451 2850 2570 2887 vett.

1558 2921 1800 2986 vulgatam
1851 2920 2136 2970 mordicitus
2191 2919 2415 2967 retinent.
2468 2919 2571 2966 Nec

1559 2999 1777 3063 produnt
1813 2997 1962 3046 iidem
1998 2999 2050 3045 in
2093 2997 2260 3053 illam,
2290 2995 2427 3059 quod
2455 2995 2572 3044 alias

1559 3075 1744 3134 solent,
1769 3073 2009 3136 ejusmodi
2036 3073 2260 3120 lectionis
2298 3073 2572 3137 vestigium.

1561 3152 1710 3217 Quod
1736 3167 1874 3200 secus
1900 3162 1973 3199 est
1988 3149 2151 3214 paullo
2174 3160 2285 3215 post
2303 3184 2321 3211 ,
2355 3150 2443 3199 nbi
2468 3151 2571 3199 bini

1561 3231 1725 3278 meist
1759 3244 1886 3277 nnus
1912 3230 2080 3279 Oxou.
2115 3228 2403 3295 geometrica
2431 3247 2450 3278 .·
2485 3232 2569 3279 sed

1561 3308 1630 3356 ita
1648 3323 1751 3356 non
1790 3307 1991 3368 Cicero,
2028 3317 2084 3356 ut
2107 3309 2211 3372 ipse
2237 3308 2396 3358 Brenni
2430 3309 2569 3360 vidit.

1562 3386 1818 3451 vulgatam
1834 3386 1979 3449 igitur
1995 3386 2210 3436 deserere
2226 3403 2326 3436 non
2342 3387 2496 3439 licuit.
2507 3390 2569 3439 G.

1634 3480 1721 3526 ²7·
1763 3462 1888 3512 Huic
1934 3463 2165 3530 bipedalis
2195 3463 2432 3530 fortasse.
2476 3470 2572 3517 Hic

1561 3544 1702 3593 locus
1741 3560 1804 3592 ne
1848 3560 2063 3609 pugnare
2099 3556 2299 3610 putetur
2338 3562 2448 3594 cnm
2488 3546 2574 3596 illo

1562 3620 1756 3670 Acsdd.
1778 3624 1856 3680 11,
1881 3623 1975 3679 26,
2001 3623 2065 3671 82
2092 3636 2108 3672 τ
2135 3645 2160 3665 ιι
2182 3623 2441 3687 quantulus
2462 3625 2574 3687 (sol)

1561 3700 1706 3749 nobis
1752 3699 1941 3749 videtur
1959 3701 1983 3748 Ρ
2031 3701 2151 3749 mihi
2194 3701 2390 3766 quidem
2438 3705 2576 3768 qnasi

1563 3779 1763 3844 pedalis.
1789 3778 2024 3844 Epicurus
2061 3790 2219 3828 sutem
2256 3797 2398 3845 posse
2435 3794 2578 3847 putat

1563 3860 1704 3908 etiam
1722 3858 1956 3907 minorem
1974 3874 2077 3907 esse
2100 3876 2210 3908 eum
2227 3893 2243 3918 ,
2260 3876 2403 3924 qnam
2420 3860 2579 3907 vides·

1565 3949 1673 3996 tur,
1718 3936 1804 3984 sed
1841 3953 1940 3984 non
1965 3937 2169 3985 multum
2194 3953 2208 3987 :
2234 3954 2323 3987 nec
2352 3939 2579 3999 majorem

1564 4017 1760 4081 quidem
1792 4016 1946 4064 multo
1973 4026 2109 4079 putat
2141 4032 2270 4075 esse,
2292 4016 2367 4063 vel
2401 4026 2582 4064 tantum

1566 4112 1697 4154 esse,
1722 4104 1929 4158 quantus
1966 4094 2189 4142 videatur
2218 4109 2231 4143 ε
2263 4106 2320 4142 ut
2348 4092 2479 4142 oculi
2499 4103 2582 4140 ant

1570 4190 1672 4221 non
1706 4174 1910 4227 multum
1941 4175 2234 4226 mentientur
2255 4209 2270 4233 ,
2300 4182 2381 4219 sut
2398 4170 2522 4220 nihil.
2542 4194 2585 4218 n.
