3217 4784
799 390 923 460 DE
965 392 1139 464 FIN.
1189 393 1395 460 BON.
1448 393 1561 461 ET
1615 393 1830 460 MAI..
1884 393 1973 478 V,
2017 417 2128 459 22.

2385 391 2526 463 625

397 528 664 611 quanta
698 515 851 612 ipsa
871 513 1259 585 certamina
1281 514 1310 583 Ρ
1329 528 1410 584 ut
1435 513 1532 583 illi
1574 510 1985 585 efferuntur
2006 512 2277 599 laetitia,
2297 537 2527 611 quum

395 623 877 695 vicerint4Put
897 621 1124 720 pudet
1135 623 1405 693 victos?
1424 637 1507 693 ut
1533 646 1608 693 se
1639 625 1955 694 accusari
1978 622 2286 694 nolunt?
2307 650 2527 721 quam

393 735 699 830 cupiunt
720 731 1210 828 laudarquuos
1224 731 1323 801 illi
1341 729 1626 802 labores
1640 755 1791 801 non
1805 730 2527 831 perferunt‚utaequa-

394 841 570 913 lium
594 844 958 940 principes
981 842 1168 911 sint?
1186 861 1347 937 quae
1374 844 1723 912 memoria
1743 856 1851 912 est
1888 843 1963 912 in
2002 842 2116 914 his
2150 842 2339 915 bene
2380 869 2527 916 me·

391 952 747 1023 rentium?
766 975 928 1049 quae
944 948 1338 1022 referendae
1361 951 1603 1048 gratiae
1623 950 2020 1048 cupiditas?
2035 956 2274 1050 Atque
2294 977 2375 1024 ea
2396 949 2424 994 ⁵
2449 955 2524 1023 in

392 1066 663 1157 optima
688 1085 980 1158 quaque
1008 1058 1251 1132 indole
1282 1061 1592 1132 maxime
1627 1063 2013 1158 apparent:
2055 1063 2133 1132 in
2159 1058 2350 1160 qua⁶
2377 1063 2526 1135 haec

389 1171 726 1258 honesta,
766 1197 927 1267 quae
963 1169 1471 1268 intelligimu5‚
1504 1194 1545 1242 a
1576 1184 1831 1242 natura
1860 1185 2231 1269 tamquam
2270 1171 2524 1245 adum-

388 1281 691 1352 brantur
705 1292 760 1351 7.
797 1280 940 1353 Sed
976 1280 1126 1351 haec
1162 1282 1238 1350 in
1278 1273 1578 1379 pueris⁸
1611 1278 1636 1377 [
1664 1278 2058 1378 expressa}
2099 1286 2186 1351 In
2230 1282 2317 1352 iis
2350 1309 2524 1354 vero
2561 1312 2631 1362 62

386 1390 715 1461 aetatibns
735 1444 756 1476 ,
790 1399 952 1490 quae
977 1391 1125 1485 jam
1156 1388 1600 1461 confirmatae
1629 1404 1798 1461 sunt
1821 1445 1840 1479 ,
1874 1395 2040 1488 quis
2071 1404 2180 1462 est
2207 1404 2355 1462 tam
2389 1393 2529 1465 dis-

389 1507 639 1579 similis
679 1506 996 1592 homini,
1038 1507 1167 1603 qui
1207 1529 1356 1578 non
1392 1520 1771 1578 moveatur
1822 1520 1898 1578 et
1937 1503 2342 1580 offensione
2379 1523 2529 1580 tur·

387 1618 774 1715 pitudini3‚
812 1633 886 1689 et
922 1615 1521 1714 comprobatione
1549 1616 1993 1688 honestatis?
2026 1619 2191 1715 quis
2218 1631 2363 1707 est,
2399 1623 2525 1717 qui

384 1752 535 1797 non
580 1723 817 1799 oderit
858 1721 1310 1797 libidinosam
1335 1781 1354 1814 ‚
1408 1736 1878 1825 protervam9
1927 1725 2528 1810 adolescentiam?

382 1841 548 1934 quis
563 1852 815 1909 contra
833 1837 908 1907 iu
927 1837 1046 1908 illa
1064 1852 1270 1909 oetate
1291 1837 1648 1936 pudorem
1669 1890 1698 1925 ,
1719 1831 2199 1910 constantiam
2212 1891 2232 1926 ‚
2248 1841 2526 1913 etiamsi

381 1972 509 2018 sua
538 1947 720 2017 nihil
748 1949 1068 2034 intersit,
1095 1972 1248 2019 non
1279 1963 1521 2021 tamen
1552 1947 1849 2046 diligat?
1874 1950 2040 2046 quis
2067 1949 2350 2021 Pullum
2379 1956 2524 2024 Nu·

382 2059 750 2140 mitorium
776 2111 796 2146 ,
853 2058 1385 2156 Fregellanum,
1407 2091 1418 2102 ·
1437 2056 1885 2157 proditorem
1904 2069 1968 2103 ¹⁰
1989 2111 2009 2146 ,
2072 2083 2517 2156 quamquam

454 2238 503 2287 4.
521 2227 809 2295 Ejstruntur
832 2231 933 2280 loet.
962 2245 1113 2294 quum
1147 2227 1363 2279 vicerint
1379 2235 1407 2279 ,ὃ

380 2312 584 2358 Prorsus
619 2303 795 2357 similia
832 2321 949 2358 eunt
977 2323 1148 2374 snpra.
1178 2325 1288 2373 cap.
1311 2309 1374 2356 15
1391 2343 1406 2368 ,

379 2390 412 2454 S
443 2397 504 2446 4²
531 2406 544 2437 ε
584 2412 611 2431 α
629 2390 680 2438 Si
703 2391 908 2437 vincunt
930 2424 946 2451 ,
979 2388 1193 2436 efferunt
1214 2403 1266 2435 ee
1288 2387 1405 2436 laeti·

378 2470 444 2516 tia
464 2493 505 2516 n.
535 2496 603 2506 ——
632 2469 753 2531 Qum
771 2484 914 2515 mem.
948 2503 962 2516 .
983 2501 996 2517 .
1017 2501 1030 2515 .
1064 2467 1185 2516 bene
1215 2483 1396 2515 meren-

378 2548 538 2596 tium?
585 2547 746 2596 Intell.
795 2548 957 2608 Quam
1004 2561 1241 2594 memores
1288 2554 1404 2594 eunt

376 2640 691 2694 acceptorum
713 2624 1092 2675 beneficiorum!

450 2708 498 2754 5.
529 2711 695 2772 Atque
723 2723 797 2754 ea.
821 2695 1018 2754 Excidit
1036 2720 1097 2753 ea
1121 2717 1179 2754 ex
1199 2715 1403 2769 utreque

379 2788 686 2846 Ernestiana;
711 2802 803 2834 nec
820 2784 1114 2852 pronomine
1125 2784 1224 2833 hoc
1236 2818 1252 2844 ,
1265 2784 1403 2849 quod

373 2886 400 2906 ··
422 2864 560 2922 talia,
595 2864 758 2927 qualia
782 2862 888 2910 dixi
903 2885 954 2919 a,
989 2872 1155 2922 notet,
1174 2869 1401 2911 contexta

374 2943 477 2990 ullo
498 2945 608 3004 jure
635 2937 889 2988 carebunt.
912 2941 974 2987 G.

444 3023 495 3071 6.
533 3024 593 3068 1ae
637 3034 741 3084 qua
781 3017 934 3079 valet,
979 3038 1005 3058 α
1027 3032 1318 3080 quamquem
1344 3020 1396 3066 in

371 3101 578 3148 eadem·
605 3115 619 3156 3
662 3099 726 3147 cs.
766 3096 827 3145 nd
857 3097 1042 3145 Acadd.
1070 3099 1143 3155 11,
1174 3097 1268 3156 ²5,
1310 3113 1394 3160 79.

373 3183 511 3227 Hanc
537 3178 637 3224 vim
663 3176 850 3225 relativi
876 3192 937 3224 ne
962 3191 1076 3223 cnm
1102 3174 1397 3239 quibusdam

374 3258 424 3303 in
457 3255 659 3303 dubium
691 3272 861 3314 voce33
890 3270 1002 3302 nam
1032 3252 1148 3301 inde
1174 3253 1291 3301 hnic
1317 3249 1396 3302 vel

372 3348 535 3383 tamen
584 3334 857 3397 subjicitur.
902 3317 1078 3382 offic)
1096 3334 1145 3391 1,
1185 3339 1278 3389 44,
1328 3350 1349 3382 1
1376 3349 1390 3383 ε

371 3439 396 3457 κ
415 3418 576 3479 Atque
601 3414 700 3471 illi,
741 3429 952 3478 quornm
992 3410 1158 3461 studio
1199 3412 1396 3475 vitaque

371 3495 528 3542 omnis
549 3495 599 3541 in
619 3509 778 3541 rernm
794 3490 1079 3554 cognitione
1101 3501 1285 3538 versata
1303 3503 1395 3552 eet,

370 3585 532 3623 tamen
558 3574 620 3623 ab
657 3573 890 3638 augendis
913 3563 1170 3620 hominum
1209 3570 1392 3618 utilita-

368 3653 500 3701 tibus
525 3688 592 3703 ...
630 3669 732 3701 non
762 3662 1061 3700 recesserunt
1079 3672 1117 3695 a.
1157 3649 1395 3698 G.-·rali

368 3733 762 3798 interpretationi
789 3732 944 3780 ullum
982 3731 1064 3778 hic
1101 3744 1205 3777 esse
1230 3729 1393 3778 locum

367 3813 565 3860 minime
594 3812 814 3861 videmus
830 3847 845 3871 ,
868 3826 1020 3875 quum
1041 3809 1174 3857 nulla
1192 3810 1255 3858 sit
1273 3809 1397 3858 inter

364 3891 470 3940 hoec
498 3901 546 3941 et'
573 3894 822 3957 praecedd.
840 3890 1111 3957 oppositio.

440 3988 487 4031 7.
526 3973 574 4018 A
608 3984 789 4021 natura
818 3984 1070 4036 tamquam
1097 3969 1396 4018 adumbran-

366 4061 459 4098 tur.
491 4053 723 4114 Ignorant
745 4051 877 4102 Gud.
907 4069 926 4099 ι
961 4062 1011 4099 et
1038 4067 1066 4098 2
1101 4063 1351 4115 tamquam
1374 4068 1391 4097 .-

366 4129 448 4176 sed
497 4130 600 4179 sine
649 4131 836 4179 ratione
852 4166 866 4190 ,
908 4131 1092 4196 qnippe
1139 4146 1239 4195 qno
1287 4146 1392 4178 ver-

512 4219 595 4284 ῙῙ.
656 4231 751 4279 Cic.
781 4248 901 4297 pars
924 4230 1075 4280 tertia.

1491 2227 1611 2279 bum
1647 2229 1878 2279 audacius
1913 2230 2130 2294 positum
2159 2242 2430 2280 excusetur.
2458 2234 2522 2283 G.

1566 2310 1616 2357 8.
1653 2310 1754 2357 Sed
1794 2307 1900 2356 ltaec
1932 2307 1984 2356 ιἰι
2014 2308 2185 2371 pneris
2211 2305 2515 2378 [expressal.

1490 2387 1628 2436 Goer.
1670 2387 1800 2435 delet
1837 2402 2092 2450 expressa.
2140 2388 2251 2436 Hoc
2270 2422 2286 2446 ,
2327 2391 2509 2453 inquit,

1490 2465 1631 2531 quod
1659 2468 1717 2515 P.
1755 2466 1947 2513 Merene
1972 2465 2165 2529 ignoret
2187 2498 2204 2524 ,
2239 2476 2370 2513 recte
2396 2470 2513 2516 Ern.

1492 2545 1689 2594 damnat
1707 2579 1723 2605 ,
1756 2560 1907 2609 quum
1931 2545 2020 2592 ieta
2038 2546 2203 2609 potius
2221 2546 2517 2597 admnbrata

1490 2624 1607 2673 sint.
1637 2626 1813 2673 Ortum
1844 2623 1963 2672 dicit
1999 2640 2027 2672 e
2065 2624 2222 2688 gloeee
2257 2628 2515 2676 verborum

1489 2704 1815 2769 sequentinm.
1847 2705 1918 2752 At
1953 2702 2263 2753 librariorum
2290 2717 2365 2755 eet
2384 2709 2512 2767 eius-

1489 2781 1627 2831 modi
1653 2782 1845 2847 ellipeee
1883 2798 1978 2846 pro
2021 2798 2115 2832 eno
2151 2785 2356 2833 modulo
2399 2802 2514 2852 enp-

1489 2862 1623 2926 plere
1641 2895 1657 2922 ,
1685 2872 1741 2910 ut
1760 2861 1885 2909 nihil
1908 2860 2001 2923 eit,
2021 2877 2108 2914 cnr
2131 2862 2193 2910 ad
2215 2863 2374 2912 vicina
2393 2882 2513 2914 con-

1485 2941 1742 3005 fugiemus.
1766 2938 2093 3005 cogitandum
2118 2952 2196 2990 eet
2210 2943 2408 3002 valent,
2432 2945 2509 2994 vel

1485 3014 1641 3066 locum
1658 3018 1859 3068 habent.

1556 3113 1606 3164 9.
1646 3095 2001 3153 Libidinosam,
2031 3106 2306 3159 protervam
2338 3098 2507 3148 adole-

1482 3174 1716 3224 scentiam
1729 3180 1758 3221 ?
1780 3175 1980 3222 Monac.
1992 3185 2366 3241 protervumque
2382 3194 2401 3225 .·
2418 3180 2505 3228 ned

1482 3270 1547 3302 ex
1567 3253 1666 3300 hoe
1696 3267 1797 3300 nno
1825 3260 2012 3299 mutare
2042 3267 2146 3299 non
2179 3251 2321 3316 licet,
2352 3272 2503 3319 quum

1481 3342 1652 3381 auctor
1679 3330 1753 3378 vel
1778 3330 1893 3378 alins
1909 3329 2036 3378 inter
2053 3330 2323 3394 adjectiva,
2359 3349 2504 3383 renen

1481 3411 1612 3460 inter
1646 3426 1698 3460 ee
1745 3419 1977 3473 cognata,
2014 3408 2239 3473 copulam
2283 3413 2499 3473 omittnt;

1479 3490 1593 3538 vide
1619 3505 1762 3555 supra
1787 3489 1893 3536 Fin.
1915 3491 1995 3547 11,
2020 3489 2049 3535 3
2067 3523 2081 3547 ‚
2105 3489 2155 3538 6.
2191 3493 2255 3540 G.

1559 3585 1638 3618 ιο.
1678 3569 1867 3617 Pullum
1909 3567 2269 3630 Numitorium,
2306 3572 2504 3636 Fregel.

1441 3677 1448 3682 ·
1484 3650 1678 3709 Ianum,
1696 3647 2015 3713 proditorem.
2043 3650 2118 3697 lta
2146 3665 2371 3714 expresse
2403 3652 2502 3700 Erl.

1480 3741 1629 3794 atque
1657 3745 1719 3778 ex
1756 3727 1883 3793 Spir.
1912 3737 2042 3775 certe
2070 3726 2397 3778 Numitorium
2413 3746 2503 3779 no-

1481 3820 1647 3858 tetur:
1692 3803 1869 3871 reliqui
1902 3806 2058 3855 nostri
2089 3805 2422 3869 Numicomm,
2453 3822 2502 3858 et

1484 3886 1617 3937 Gud.
1640 3904 1668 3933 α
1685 3885 2034 3951 jumentorum.
2056 3888 2208 3935 Recte
2224 3887 2389 3951 igitur,
2423 3890 2503 3937 vel

1482 3981 1546 4015 ex
1589 3965 1818 4014 codicum
1862 3967 2151 4013 anctoritate
2168 4002 2185 4028 ,
2230 3966 2409 4014 Ursino
2454 3980 2501 4016 et

1484 4047 1687 4095 Davisio
1713 4045 1992 4094 suasoribus
2007 4079 2023 4104 ,
2042 4045 2158 4091 Em.
2178 4041 2501 4094 Numitorium

1485 4128 1617 4175 dedit
1632 4162 1645 4184 ,
1667 4141 1815 4189 quum
1844 4124 1992 4188 vulgo
2018 4123 2314 4171 Numitorem
2332 4123 2506 4173 scriba-

2166 4209 2293 4304 [ιολ
