3217 4784
628 488 752 532 102

1304 467 1402 534 M.
1453 468 1530 536 T.
1582 466 2069 538 CICERONIS

613 598 778 646 mus
805 629 824 660 ‚
867 589 940 647 et
976 573 1291 647 secunda
1334 576 1660 671 jucunde
1695 604 1778 650 ac
1811 581 2123 652 suaviter
2175 580 2733 651 meminerimus,

616 684 756 758 Sed
800 709 1031 782 quum
1071 709 1153 754 ea
1178 737 1198 768 ,
1243 710 1404 782 quae
1455 690 1993 784 praeterierunt,
2047 690 2194 760 acri
2235 688 2475 759 animo
2517 702 2589 759 et
2630 703 2737 758 at-

618 809 820 867 tento
861 799 1341 880 intuemur¹9‚
1382 809 1559 867 tunc
1593 794 1677 867 fit
1705 807 1810 884 ²⁰,
1851 813 1933 869 ut
1975 797 2325 897 aegritudo
2367 812 2737 895 sequatur,

625 908 686 978 si
722 903 840 975 illa
879 902 1062 974 mala
1101 905 1282 991 sint;
1320 904 1551 977 laetitia
1576 963 1594 995 ,
1634 909 1692 978 si
1730 907 1944 980 bona.

706 1018 962 1085 XVIII.
1003 1018 1066 1085 O
1095 1014 1499 1112 praeclaram
1537 1015 1748 1088 beate
1771 1018 2096 1106 vivendi,
2133 1034 2205 1090 et
2240 1030 2631 1117 apertam¹‚
2667 1034 2741 1090 et

617 1122 1013 1221 simplicem
1035 1178 1053 1210 ,
1088 1138 1161 1194 et
1202 1123 1546 1195 directam
1583 1125 1801 1199 viam!
1841 1153 2070 1225 quum
2101 1129 2294 1199 enim
2336 1144 2530 1201 certe
2561 1127 2739 1201 nihil

615 1233 899 1304 homini
923 1236 1151 1331 possit
1180 1232 1437 1304 melius
1465 1259 1616 1306 esse
1638 1248 1691 1324 ²,
1724 1261 1942 1333 quam
1983 1262 2232 1309 vacare
2265 1242 2463 1310 omni
2488 1238 2740 1310 dolore

622 1356 694 1412 et
722 1341 1050 1414 molestia
1067 1339 1119 1428 ³,
1148 1340 1565 1441 perfruique
1592 1347 1913 1418 maximis
1939 1361 2010 1419 et
2029 1348 2287 1432 animi,
2317 1363 2389 1418 et
2414 1350 2739 1446 corporis

614 1596 885 1650 tumatqne
918 1584 1124 1636 infixum
1159 1597 1268 1637 eet·
1310 1602 1327 1637 x
1367 1588 1632 1637 tenendum

612 1676 685 1715 est
707 1666 910 1730 cogitari
943 1666 1013 1715 ibi
1039 1684 1073 1715 a
1099 1666 1193 1715 diis
1222 1667 1414 1716 debere.
1458 1669 1521 1715 Et
1560 1668 1633 1715 sic

611 1747 755 1794 etiam
780 1748 831 1794 in
848 1746 958 1795 aliis
983 1746 1271 1811 quibusdam
1292 1747 1419 1796 locis
1434 1764 1631 1797 accura-

617 1829 715 1877 tius
740 1828 1109 1877 attendendum.
1133 1830 1195 1876 G.

687 1922 769 1971 19.
810 1908 934 1957 Acri
966 1906 1155 1963 animo,
1190 1916 1240 1954 et
1267 1917 1451 1954 attento
1475 1907 1632 1955 intue-

614 2002 740 2035 mur.
792 1990 912 2035 Trea
964 1986 1140 2050 optimi
1200 1986 1358 2033 nostri
1409 1985 1595 2033 intento
1613 2003 1635 2042 ,-

612 2065 748 2130 quod
775 2068 943 2131 utique
966 2065 1160 2113 videtur
1185 2064 1384 2121 melius,
1412 2064 1637 2112 similitu-

614 2142 729 2192 dine
769 2144 829 2191 ab
883 2143 1139 2192 oculorum
1195 2143 1298 2190 acie
1362 2142 1631 2208 desumpta.

617 2224 766 2269 Tusc.
799 2224 888 2281 IV,
914 2237 1002 2283 17,
1033 2223 1096 2270 38
1117 2258 1132 2281 ,
1158 2243 1181 2265 ι
1203 2238 1362 2270 acrem
1387 2223 1440 2270 in
1466 2238 1638 2271 omnes

613 2310 781 2365 partes
820 2300 971 2348 acie-
1013 2300 1224 2349 iutendit
1259 2322 1311 2350 n.
1350 2300 1506 2351 Flacc.
1545 2317 1635 2361 n,

619 2381 688 2427 26
710 2414 726 2438 ‚
769 2380 1013 2429 «intentis
1050 2380 1207 2429 oculis
1248 2382 1481 2430 acerrime
1514 2397 1638 2429 con-

618 2458 843 2523 templari
866 2481 907 2508 ι».
935 2461 1005 2509 At
1035 2460 1231 2523 vulgata
1267 2461 1411 2508 etiem
1440 2471 1565 2510 recte
1586 2476 1640 2508 se

616 2538 793 2598 habet3
820 2540 886 2589 cf.
907 2542 1044 2589 om.
1069 2540 1173 2598 m,
1194 2541 1253 2597 5,
1278 2555 1374 2601 17:
1402 2541 1489 2588 «in
1507 2556 1638 2588 acer-

590 2667 599 2675 ,
619 2618 738 2665 rima
764 2630 908 2682 atque
931 2619 1249 2668 attentissima
1277 2619 1572 2683 cogitatione
1596 2640 1640 2665 ιι.

619 2696 763 2745 Adde
789 2699 933 2745 etiam
946 2734 961 2758 ‚
982 2715 1151 2763 parum
1168 2714 1308 2746 aures
1326 2697 1567 2762 duplicem
1586 2696 1639 2744 ἐπ’

621 2776 845 2840 probare.
873 2780 941 2826 G.

692 2872 773 2906 no.
793 2857 1018 2924 nane-fit.
1040 2859 1178 2907 Goer.
1202 2856 1284 2904 dat
1304 2856 1502 2924 eumfit.
1516 2855 1641 2904 Vul-
1669 2834 1674 2839 .

622 2946 776 3001 gatar,
796 2936 958 3000 inquit
969 2971 984 2995 ,
1004 2952 1151 3001 quum
1168 2966 1185 2984 .
1199 2972 1213 2985 .
1228 2971 1240 2983 .
1264 2946 1379 2983 mne
1396 2933 1563 2997 :quod
1579 2951 1642 2981 ne

620 3014 823 3064 latinum
836 3015 1034 3080 quidem
1050 3015 1349 3077 judic-mnu
1374 3013 1519 3061 nobis
1534 3015 1641 3060 cer-

622 3103 670 3141 te
693 3093 882 3142 nullum
906 3108 1109 3157 nsquam
1130 3093 1223 3141 tale
1248 3090 1526 3157 exemplum
1551 3090 1643 3138 ob·

620 3184 860 3221 servatum
884 3182 982 3231 est,
1023 3172 1076 3218 in
1102 3188 1204 3235 qno
1238 3187 1343 3219 non
1369 3171 1537 3234 scripti
1563 3186 1641 3218 ne-

621 3249 747 3297 ctins
779 3249 1026 3297 suadeant.
1056 3251 1291 3298 Peccatur
1314 3250 1407 3299 hac
1423 3266 1486 3298 ex
1501 3259 1641 3315 parte

621 3327 829 3375 maxime
865 3326 999 3391 apud
1030 3340 1231 3392 poetas,
1264 3340 1313 3377 et
1350 3325 1639 3377 nominatim

622 3406 753 3472 apud
772 3406 1036 3455 Tibullum.
1056 3409 1116 3454 In
1141 3424 1241 3471 quo
1265 3424 1422 3473 nuper
1436 3412 1641 3457 Vossius

622 3499 733 3550 pag.
765 3494 857 3543 ιω
887 3521 901 3544 ,
952 3487 1120 3533 statuit
1167 3497 1283 3534 mne
1320 3488 1459 3535 aliter
1494 3504 1638 3552 qnam

620 3576 732 3613 ante
760 3564 971 3613 vocalem
1012 3581 1115 3614 non
1145 3566 1267 3629 poni
1295 3565 1486 3625 debere,
1503 3567 1636 3629 quod

622 3643 684 3690 ad
709 3659 866 3707 prosoe
890 3645 1152 3710 scriptores
1191 3645 1472 3692 translatum
1510 3644 1640 3692 noli-

622 3736 746 3772 mus.
773 3725 951 3783 Yet-um
977 3725 1127 3788 igitur
1147 3724 1197 3772 h.
1223 3722 1263 3772 1.
1288 3723 1461 3770 vitium
1480 3732 1639 3771 sustu-

622 3802 734 3850 lisse
759 3800 1070 3859 arbitramur,
1110 3818 1262 3867 quum
1290 3819 1318 3851 e
1348 3801 1503 3849 tribus
1547 3816 1640 3848 no-

620 3880 733 3930 stris
750 3914 767 3939 ‚
816 3880 1114 3945 totidemque
1162 3883 1363 3929 Oxonn.
1410 3891 1511 3926 mm
1559 3878 1640 3926 cdi

620 3959 922 4017 curavimus3
959 3960 1023 4008 cf.
1065 3960 1204 4007 Vct-r.
1235 3962 1317 4020 V,
1349 3961 1410 4021 57
1441 3992 1457 4017 ,
1506 3965 1638 4019 147:

626 4060 648 4082 ιι
678 4040 844 4102 Quum
875 4039 1142 4104 completus
1181 4039 1281 4099 jem·
1321 4047 1641 4086 mercatorum

623 4133 785 4166 carcer
810 4128 963 4177 esset,
1008 4129 1114 4165 tum
1155 4116 1237 4163 illa
1275 4114 1484 4173 fiebant,
1529 4132 1639 4178 qua

624 4198 678 4247 1..
712 4198 933 4246 Suetium
974 4197 1133 4245 dicere
1159 4194 1360 4244 audistis
1383 4216 1427 4243 n.
1468 4195 1638 4243 Paullo

1717 1601 1832 1655 post
1858 1590 2029 1640 ordine
2063 1591 2257 1639 inverso
2291 1589 2485 1654 Erlang.
2511 1589 2557 1637 si
2574 1590 2704 1637 bena
2720 1625 2735 1647 ,

1719 1669 1922 1729 latitia,
1961 1670 2099 1734 qnod
2148 1686 2211 1718 ex
2245 1669 2464 1718 auctoris
2495 1669 2741 1718 enuntiata

1718 1750 1813 1798 sibi
1846 1750 2073 1814 opposita
2107 1748 2382 1797 invertendi
2408 1764 2541 1796 more
2569 1747 2742 1812 proba·
2777 1740 2782 1745 ⁴

1719 1843 1840 1876 mus.

1789 1908 1977 1954 xvm.
2004 1921 2046 1955 1.
2069 1909 2319 1970 Apertam.
2334 1908 2376 1954 1.
2390 1922 2437 1954 e.
2451 1904 2710 1970 planatum
2725 1939 2741 1963 ‚

1721 1983 1955 2031 munitam
1970 2003 1991 2041 ,·
2027 1996 2085 2032 nt
2116 1983 2324 2048 simplex
2353 1999 2501 2031 unam
2541 1999 2742 2048 eamque

1722 2078 1883 2111 veram
1911 2065 2074 2114 innuit
2093 2099 2109 2123 ‚
2152 2064 2340 2112 directa
2361 2064 2595 2129 denique,
2633 2079 2744 2128 quoe

1721 2158 1824 2190 non
1836 2158 1927 2207 per
1945 2142 2195 2208 ambages,
2219 2143 2304 2193 sed
2326 2144 2389 2192 ad
2407 2156 2587 2194 rectam
2605 2144 2744 2209 quasi

1720 2223 1901 2271 lineam
1929 2223 2083 2274 ducit.
2112 2226 2177 2274 G.

1798 2319 1844 2353 2.
1868 2304 2044 2353 Helius
2057 2320 2172 2354 esse.
2196 2304 2344 2368 Quod
2371 2305 2410 2353 si
2428 2305 2478 2352 h.
2497 2304 2533 2353 1.
2551 2302 2742 2369 simpli-

1723 2397 1826 2429 cem
1855 2384 1955 2435 veri
1981 2383 2197 2447 rectique
2220 2399 2412 2431 sensum
2438 2383 2576 2445 sequi
2597 2382 2743 2440 velia,

1723 2460 1847 2508 nulli
1868 2460 2119 2518 interiori,
2142 2472 2191 2509 et
2215 2461 2278 2507 ad
2307 2460 2519 2523 regulam
2545 2475 2746 2508 revoc·-

1725 2549 1817 2596 τε,
1874 2538 2206 2586 observationi
2259 2537 2542 2585 adstrictum
2564 2571 2580 2598 ‚
2643 2553 2744 2588 esse

1725 2616 1892 2664 melius
1911 2615 2137 2664 suadebis
2151 2650 2166 2675 ,
2186 2627 2243 2663 nt
2260 2616 2367 2663 Bas.
2390 2616 2535 2664 refert
2562 2631 2576 2664 z
2603 2632 2744 2666 aurea

1726 2695 1853 2742 enim
1884 2694 2018 2743 huuc
2045 2694 2256 2759 positum
2287 2693 2566 2758 probabunt
2584 2732 2601 2757 ‚
2634 2712 2745 2760 φη

1727 2783 1830 2820 tum
1862 2774 1961 2821 fere
1986 2772 2226 2835 judicium
2245 2784 2437 2838 regunt.
2457 2776 2622 2839 Atque
2646 2775 2744 2824 hoc

1726 2852 1885 2917 ipsum
1922 2862 1994 2901 eat
2013 2887 2028 2912 ‚
2059 2853 2110 2900 in
2141 2868 2240 2917 quo
2270 2853 2416 2901 toties
2441 2854 2557 2901 Ern.
2583 2854 2745 2920 lapm

1728 2940 1827 2987 est,
1862 2932 1978 2995 qni,
2002 2931 2195 2994 quoties
2218 2931 2385 2996 aliquo
2404 2931 2553 2980 modo
2571 2932 2742 2993 licuit,

1727 3009 1826 3058 hoc
1852 3025 1954 3058 esse
1974 3010 2184 3067 delevit,
2219 3010 2427 3058 delet-ive
2458 3011 2619 3071 jussit.
2648 3014 2746 3060 lte-

1727 3089 1939 3138 ctissime
1957 3100 2118 3138 autem
2133 3090 2204 3138 sic
2217 3106 2319 3139 esse
2331 3088 2595 3137 clausulam
2606 3089 2744 3149 facit,

1727 3169 1768 3216 si
1802 3167 1902 3217 loci
1938 3169 2012 3216 vis
2050 3171 2106 3217 in
2139 3169 2491 3218 asseveratione
2517 3168 2741 3233 ponitur.

1729 3249 1941 3296 Herenn.
1963 3249 2069 3305 lv,
2107 3263 2165 3308 ¹7
2189 3283 2204 3309 ‚
2244 3250 2308 3308 ²4
2336 3262 2397 3297 :-
2427 3248 2587 3312 Egens
2610 3263 2746 3310 eque

1725 3336 1794 3372 est
1819 3326 1887 3387 is,
1911 3325 1997 3388 qui
2019 3342 2123 3373 non
2153 3325 2267 3372 satia
2295 3324 2442 3373 habet
2460 3360 2475 3383 ,
2498 3336 2547 3373 et
2570 3325 2613 3372 ia
2627 3358 2642 3384 ‚
2664 3325 2749 3373 cni

1723 3403 1846 3450 nihil
1870 3404 1986 3451 satia
2013 3414 2297 3468 potestesse
2319 3424 2360 3451 ··.
2387 3403 2615 3463 Tusc.V‚
2643 3419 2706 3451 αι
2732 3429 2748 3454 9

1725 3483 1789 3529 62
1814 3518 1830 3543 ,
1875 3502 1899 3525 ιι
1934 3482 2145 3546 denique
2174 3481 2397 3530 exoravit
2423 3474 2752 3545 (Damocles)

1725 3570 2013 3625 tyrannum,
2035 3571 2091 3609 nt
2112 3560 2246 3609 abire
2268 3561 2464 3621 liceret,
2488 3561 2624 3624 quod
2650 3562 2753 3621 jam

1724 3639 1889 3688 heatus
1911 3639 2242 3688 nannetem».
2286 3640 2507 3697 N.D.1‚
2535 3648 2623 3696 14,
2648 3640 2746 3686 36:

1727 3740 1749 3762 ιι
1770 3718 1945 3766 ethera
1988 3718 2131 3766 deum
2160 3717 2287 3765 dixit
2312 3733 2483 3775 esse»,
2526 3716 2614 3765 ubi
2649 3717 2750 3777 jam

1725 3798 1886 3845 Davis.
1907 3813 2008 3846 esse
2027 3796 2240 3844 sustulit.
2259 3794 2355 3843 Sed
2378 3795 2442 3843 cf.
2457 3794 2582 3842 ibid.
2600 3793 2631 3858 S
2653 3795 2719 3842 38
2735 3828 2750 3851 ‚

1731 3898 1754 3921 ι
1775 3888 1878 3925 tum
1894 3878 2051 3942 ipsum
2071 3873 2307 3923 mundum
2325 3873 2471 3922 deum
2485 3873 2605 3921 dicit
2618 3888 2745 3931 esse,

1726 3967 1822 4005 etc.
1849 3978 1875 3999 υ
1895 3957 1970 4005 Cf.
1989 3943 2180 4005 λοιᾶἆ.
2211 3956 2261 4013 I,
2288 3969 2308 4001 t
2330 3990 2346 4016 ‚
2377 3950 2425 4002 3.
2445 3954 2507 4001 G.

1803 4038 1849 4086 3.
1897 4038 2057 4101 Quam
2107 4049 2291 4081 vacare
2333 4032 2469 4081 omni
2502 4031 2670 4079 dolore
2704 4043 2755 4079 ec

1728 4116 1966 4165 molestia.
1994 4118 2103 4164 Una
2129 4113 2326 4179 Epicuri
2346 4128 2443 4161 vox
2470 4109 2641 4163 ἀπονία
2659 4130 2743 4161 ex·

1726 4196 1966 4259 primitur.
1988 4198 2055 4244 G.
