3217 4784
494 4390 631 4571 a,

698 497 780 543 10
1233 476 1369 543 JO.
1418 476 1655 544 AUG.
1706 475 2266 544 GOERENZII

683 611 913 660 auctor
953 616 1163 661 unum
1210 595 1411 660 modo
1455 595 1858 685 dialogorum
1906 618 2113 684 genus
2157 611 2382 660 notare
2419 596 2640 681 pellet,
2675 598 2810 677 ejus

680 701 827 766 loco
857 699 1034 765 haud
1071 699 1267 765 dubie
1304 714 1337 765 ἅ
1368 703 1740 790 scripsisset.
1779 701 1964 766 Adde
1997 702 2168 783 huc,
2201 699 2381 789 quod
2411 702 2647 766 rectius
2673 704 2809 767 for·

683 820 849 870 tasse
873 806 1074 869 altero
1100 804 1297 868 Tullii
1323 806 1469 869 loco
1499 806 1695 871 verba
1716 854 1734 888 ,
1763 805 2130 870 Aristotelea
2157 828 2330 870 more
2348 853 2367 887 ,
2402 828 2535 871 non
2565 822 2692 871 tam
2725 808 2804 871 ad

681 910 1089 999 dialogorum
1112 933 1453 999 personas,
1480 929 1545 976 et
1563 914 1873 1001 reliquam
1901 912 2134 1001 dialogi
2164 914 2436 976 formam
2455 928 2805 997 externam,

682 1037 875 1103 quam
897 1015 979 1079 ad
1005 1039 1224 1081 rerum
1257 1018 1321 1080 in
1351 1018 1426 1081 iis
1457 1034 1868 1083 tractatarum
1900 1019 2215 1083 rationem
2243 1033 2308 1082 et
2329 1017 2493 1084 viam
2521 1034 2807 1105 spectare

680 1119 969 1185 dixeris.
1009 1142 1160 1184 nam
1209 1144 1353 1209 quae
1394 1101 1763 1205 adduntur,
1818 1128 1886 1187 in
1926 1124 2347 1212 disputatione
2391 1142 2471 1186 ae
2512 1122 2805 1211 dialogo,

679 1227 961 1291 auctoris
991 1248 1173 1292 more
1202 1244 1322 1316 per
1352 1240 1398 1291 tv
1427 1235 1516 1292 διὰ
1537 1236 1671 1294 δυοῖν
1701 1252 2030 1319 expressa,
2056 1229 2433 1318 dzkputandi
2451 1253 2574 1316 per
2598 1229 2809 1293 dialo-

676 1354 829 1421 gum
862 1336 1168 1398 rationem
1193 1334 1595 1437 sigmnt:
1631 1360 1715 1402 ne
1740 1358 2120 1403 moneamus
2139 1386 2157 1417 ‚
2183 1338 2397 1419 hunc,
2428 1338 2477 1401 si
2506 1336 2682 1401 duo
2665 1338 2808 1401 imi-

683 1430 942 1503 tationis
992 1461 1224 1528 genera
1265 1463 1508 1528 ponere
1540 1442 1880 1524 voluisset,
1915 1446 2164 1530 pariter
2193 1464 2307 1522 ac,
2340 1442 2443 1506 vel
2482 1441 2804 1524 similiter,

680 1544 1072 1634 scripturum
1130 1547 1346 1612 fuisse.
1408 1547 1645 1614 Addita
1695 1549 1961 1636 insuper
2008 1548 2112 1612 vel
2175 1546 2324 1611 ideo
2375 1547 2562 1610 etiam
2613 1546 2808 1610 verba

680 1650 1056 1715 Aristotelea
1107 1674 1277 1717 more
1326 1655 1538 1742 putari
1593 1655 1845 1743 possint
1866 1701 1885 1735 ,
1934 1675 2017 1718 ne
2071 1653 2196 1716 hac
2253 1653 2320 1715 in
2384 1675 2453 1715 re
2521 1651 2810 1715 Platonis

678 1754 761 1818 ab
821 1753 933 1820 illo
987 1756 1491 1821 diversissimum
1541 1781 1791 1822 morem
1845 1780 2038 1848 prave
2103 1756 2391 1820 imitatus
2443 1755 2770 1819 videretur
2788 1804 2805 1837 ,

680 1882 886 1951 quum
934 1865 1002 1927 in
1055 1865 1302 1952 reliqua
1344 1864 1698 1929 disserendi
1744 1867 1995 1930 ratione
2045 1887 2229 1953 poene
2270 1881 2450 1929 totus
2498 1863 2580 1927 ad
2628 1864 2807 1927 hunc

680 1990 753 2032 se
804 1966 1185 2057 applicasset
1220 1991 1236 2033 t
1280 1969 1406 2032 boc
1466 1985 1638 2032 certe
1707 1970 1970 2033 nomine
2022 1970 2308 2033 Tullium
2380 1969 2531 2033 satis
2588 1968 2807 2056 inepte

676 2074 778 2137 vel
826 2072 1023 2137 hodie
1070 2074 1415 2162 vituperari
1457 2096 1494 2137 a
1530 2072 1828 2162 pluribus
1868 2075 2114 2151 solere,
2166 2074 2413 2137 nemini
2453 2093 2586 2138 non
2643 2096 2804 2138 con·

680 2193 823 2241 stat.
877 2179 1098 2243 Altero
1146 2195 1366 2243 autem
1386 2228 1404 2263 ,
1454 2201 1650 2268 quem
1704 2196 2050 2244 tractamus
2068 2229 2086 2263 ,
2130 2180 2275 2245 loco
2329 2180 2526 2245 verba
2572 2182 2639 2242 in
2681 2202 2805 2268 quo

676 2302 860 2370 oeque
884 2305 1020 2347 non
1056 2284 1430 2348 universum
1470 2284 1782 2374 Stagiritae
1822 2286 1889 2349 in
1926 2284 2192 2374 dialogis
2239 2306 2525 2365 morem,
2567 2283 2683 2347 sed
2726 2306 2805 2346 ex

675 2402 857 2475 parte
888 2388 1087 2453 modo
1114 2405 1469 2477 spectatum
1492 2439 1510 2474 ,
1538 2392 1822 2456 indicare
1853 2390 2156 2455 videntur
2181 2412 2198 2453 z
2229 2390 2446 2452 valent
2470 2389 2645 2450 enim
2683 2416 2708 2441 a
2734 2388 2801 2450 in

675 2512 811 2579 quo
857 2515 1036 2558 more
1070 2494 1198 2559 hoc
1240 2518 1504 2584 quoque
1548 2497 1752 2576 inest,
1787 2511 1862 2558 ut
1901 2516 2113 2558 sermo
2137 2540 2154 2573 ,
2198 2510 2318 2556 etc.
2340 2523 2366 2546 ν
2408 2493 2504 2556 Ita
2538 2489 2802 2579 quidem

674 2597 814 2661 haec
841 2598 977 2662 loca
1010 2598 1166 2663 nihil
1201 2601 1372 2664 inter
1405 2623 1475 2665 se
1507 2600 1931 2689 pugnabunt3
1967 2597 2165 2686 idque
2200 2597 2401 2685 magis
2431 2614 2572 2661 tum
2605 2618 2802 2684 appa-

674 2703 876 2785 rebit,
905 2705 958 2767 si
988 2703 1225 2768 ibidem
1263 2722 1411 2792 post
1437 2728 1671 2770 morem
1690 2754 1707 2787 ,
1740 2728 1819 2769 ex
1851 2704 2076 2768 crebra
2111 2701 2284 2792 apud
2315 2718 2644 2767 auctorem
2689 2701 2803 2765 de-

673 2810 1077 2873 monstrativi
1102 2826 1251 2873 ante
1284 2811 1620 2873 relativum
1659 2810 2040 2890 omissione,
2072 2830 2213 2871 eum
2245 2808 2540 2897 cogitaris
2561 2856 2579 2887 ,
2609 2822 2804 2894 atque

673 2912 836 2996 coli,
883 2914 1062 3003 quod
1111 2915 1441 3002 sequitur,
1486 2915 1634 2978 loco
1675 2915 1989 3003 virgulam
2047 2914 2354 3001 posueris·
2406 2912 2604 2994 Quod
2648 2935 2802 2977 vero

672 3010 842 3103 hae‘c,
871 3021 1063 3108 paulo
1096 3019 1300 3084 fusius
1335 3019 1620 3107 exposita
1641 3068 1660 3099 ,
1700 3018 2170 3105 interjecimus,
2206 3017 2275 3081 id
2309 3032 2573 3081 eatenus
2608 3038 2803 3081 excu-

672 3141 883 3189 satum
924 3127 1225 3190 volumus
1244 3173 1263 3206 ,
1315 3123 1532 3212 quoad
1576 3147 1677 3188 res
1713 3125 1848 3212 ipsa
1890 3123 1971 3187 ab
2019 3123 2116 3188 his
2153 3121 2330 3185 libris
2375 3121 2555 3186 haud
2597 3123 2802 3186 aliena

669 3227 1047 3294 videbatur:
1082 3229 1194 3293 sed
1221 3228 1303 3293 ad
1329 3244 1787 3320 argumentum
1819 3228 2112 3317 proxime
2138 3227 2497 3291 redeamus.

756 3333 956 3396 Primi
995 3333 1194 3422 igitur
1229 3334 1625 3423 secundique
1661 3334 1810 3397 libri
1845 3355 2058 3396 sermo
2091 3333 2156 3395 in
2197 3354 2443 3395 annum
2478 3331 2608 3418 703
2638 3352 2801 3395 con·

670 3438 974 3504 ferendus
1005 3456 1133 3519 est,
1164 3454 1228 3501 et
1264 3438 1525 3525 quidem
1562 3441 1632 3502 in
1666 3439 1862 3518 hujus
1897 3439 2158 3501 exitum.
2194 3438 2263 3501 L.
2304 3437 2478 3500 enim
2501 3434 2801 3523 “For-qua·

672 3558 812 3626 tus,
843 3544 992 3632 qui,
1031 3544 1269 3632 pariter
1307 3560 1501 3631 atque
1539 3547 1609 3608 C.
1643 3543 1969 3624 Triarius,
2001 3544 2069 3605 in
2105 3542 2246 3629 ipso
2278 3542 2446 3604 civili
2481 3540 2651 3604 bello
2689 3564 2800 3604 oc·

671 3651 901 3715 cubuit
929 3649 1096 3736 (vid.
1123 3649 1205 3714 ad
1239 3650 1291 3731 1,
1329 3648 1389 3731 5,
1427 3647 1561 3736 13),
1589 3664 1667 3711 ut
1699 3664 1936 3736 praetor
1973 3646 2343 3735 designatus
2378 3647 2799 3735 proponitur,

668 3772 1010 3848 praeturam
1046 3757 1223 3820 brevi
1261 3757 1539 3820 initurus
1567 3778 1584 3818 ε
1616 3777 1811 3842 quam
1844 3754 1951 3818 hic
1975 3776 2125 3817 vere
2152 3753 2345 3841 gessit
2379 3755 2507 3838 704
2534 3752 2656 3840 (cf.
2692 3752 2801 3815 Pi-

667 3863 801 3953 ghii
845 3863 1105 3927 annales
1144 3863 1212 3926 h.
1244 3886 1299 3926 a.
1336 3886 1398 3950 p.
1446 3860 1627 3949 435).
1673 3861 1840 3924 Huic
1884 3859 2158 3947 tempori
2196 3858 2689 3938 convenienter,
2728 3874 2803 3921 ut

668 3968 784 4033 alia
807 4014 825 4048 ,
864 3968 951 4032 ita
985 3990 1234 4031 summa
1272 3967 1561 4055 potentia
1584 4014 1601 4046 ‚
1637 3988 1764 4052 qua
1799 3980 1940 4030 tum
1985 3964 2258 4028 maxime
2290 3965 2409 4028 Cn.
2449 3962 2799 4049 Pompeius

672 4073 952 4161 pollebat
972 4121 989 4149 ,
1016 4086 1561 4137 commemoratur
1589 4070 1696 4156 (cf.
1723 4071 1830 4151 11,
1874 4068 1948 4134 18
1969 4117 1987 4150 ,
2028 4069 2159 4155 57);
2201 4052 2411 4155 neque
2444 4066 2796 4155 quidquam

677 4196 842 4269 opus
878 4194 1012 4260 est,
1064 4194 1141 4243 ut
1192 4202 1269 4243 eo
1317 4179 1383 4240 in
1426 4178 1574 4242 loco
1606 4199 1758 4241 cum
1806 4176 1941 4239 aliis
1972 4175 2071 4238 vel
2100 4175 2632 4240 anachronismus
2669 4190 2798 4239 sta-
