<?xml version="1.0" encoding="UTF-8"?>
<!DOCTYPE html PUBLIC "-//W3C//DTD XHTML 1.0 Transitional//EN"
    "http://www.w3.org/TR/xhtml1/DTD/xhtml1-transitional.dtd">
<html xmlns="http://www.w3.org/1999/xhtml" xml:lang="en" lang="en">
 <head>
  <title>
</title>
<meta http-equiv="Content-Type" content="text/html;charset=utf-8" />
  <meta name='ocr-system' content='tesseract 3.04.00' />
  <meta name='ocr-capabilities' content='ocr_page ocr_carea ocr_par ocr_line ocrx_word'/>
</head>
<body>
  <div class='ocr_page' id='page_1' title='image "./mtciceronisquae00clergoog/mtciceronisquae00clergoog_0253.png"; bbox 0 0 3217 4784; ppageno 0'>
   <div class='ocr_carea' id='block_1_1' title="bbox 841 464 2169 555">
    <p class='ocr_par' dir='ltr' id='par_1_1' title="bbox 841 464 2169 555">
     <span class='ocr_line' id='line_1_1' title="bbox 841 464 2169 555; baseline -0.005 -21"><span class='ocrx_word' id='word_1_1' title='bbox 841 468 963 534; x_wconf 86' lang='lat' dir='ltr'>DE</span> <span class='ocrx_word' id='word_1_2' title='bbox 1012 466 1185 535; x_wconf 87' lang='lat' dir='ltr'><strong>FlN.</strong></span> <span class='ocrx_word' id='word_1_3' title='bbox 1242 467 1444 534; x_wconf 76' lang='grc' dir='ltr'><strong>ΒΟΝ.</strong></span> <span class='ocrx_word' id='word_1_4' title='bbox 1497 468 1614 533; x_wconf 83' lang='lat' dir='ltr'>ET</span> <span class='ocrx_word' id='word_1_5' title='bbox 1665 464 2018 543; x_wconf 77' lang='lat' dir='ltr'><strong>MAL.11‚</strong></span> <span class='ocrx_word' id='word_1_6' title='bbox 2069 486 2169 555; x_wconf 79' lang='lat'>19.</span> 
     </span>
    </p>
   </div>
   <div class='ocr_carea' id='block_1_2' title="bbox 2421 460 2557 531">
    <p class='ocr_par' dir='ltr' id='par_1_2' title="bbox 2421 460 2557 531">
     <span class='ocr_line' id='line_1_2' title="bbox 2421 460 2557 531; baseline 0.015 -2"><span class='ocrx_word' id='word_1_7' title='bbox 2421 460 2557 531; x_wconf 83' lang='lat'>233</span> 
     </span>
    </p>
   </div>
   <div class='ocr_carea' id='block_1_3' title="bbox 422 582 2561 1676">
    <p class='ocr_par' dir='ltr' id='par_1_3' title="bbox 422 582 2561 1676">
     <span class='ocr_line' id='line_1_3' title="bbox 426 582 2561 684; baseline -0.005 -24"><span class='ocrx_word' id='word_1_8' title='bbox 426 588 589 676; x_wconf 84' lang='lat' dir='ltr'>bat,</span> <span class='ocrx_word' id='word_1_9' title='bbox 658 613 888 684; x_wconf 89' lang='lat' dir='ltr'>quum</span> <span class='ocrx_word' id='word_1_10' title='bbox 917 642 937 674; x_wconf 89' lang='lat'>,</span> <span class='ocrx_word' id='word_1_11' title='bbox 996 585 1181 657; x_wconf 82' lang='lat' dir='ltr'>datis</span> <span class='ocrx_word' id='word_1_12' title='bbox 1243 584 1587 670; x_wconf 73' lang='lat' dir='ltr'>testibu8‚</span> <span class='ocrx_word' id='word_1_13' title='bbox 1652 584 1770 654; x_wconf 86' lang='lat' dir='ltr'>alii</span> <span class='ocrx_word' id='word_1_14' title='bbox 1847 597 2088 652; x_wconf 83' lang='lat' dir='ltr'>tamen</span> <span class='ocrx_word' id='word_1_15' title='bbox 2146 582 2561 665; x_wconf 75' lang='lat' dir='ltr'>citarentur,</span> 
     </span>
     <span class='ocr_line' id='line_1_4' title="bbox 423 690 2556 787; baseline -0.008 -16"><span class='ocrx_word' id='word_1_16' title='bbox 423 704 619 771; x_wconf 76' lang='lat' dir='ltr'>«Aut</span> <span class='ocrx_word' id='word_1_17' title='bbox 643 698 784 770; x_wconf 89' lang='lat' dir='ltr'>hoc</span> <span class='ocrx_word' id='word_1_18' title='bbox 820 701 1111 769; x_wconf 88' lang='lat' dir='ltr'>testium</span> <span class='ocrx_word' id='word_1_19' title='bbox 1140 698 1308 766; x_wconf 85' lang='lat' dir='ltr'>satis</span> <span class='ocrx_word' id='word_1_20' title='bbox 1346 710 1490 780; x_wconf 88' lang='lat' dir='ltr'>est,</span> <span class='ocrx_word' id='word_1_21' title='bbox 1525 708 1652 764; x_wconf 81' lang='lat' dir='ltr'>aut</span> <span class='ocrx_word' id='word_1_22' title='bbox 1681 695 1957 776; x_wconf 86' lang='lat' dir='ltr'>nesci0‚</span> <span class='ocrx_word' id='word_1_23' title='bbox 1985 690 2163 787; x_wconf 86' lang='lat' dir='ltr'>quid</span> <span class='ocrx_word' id='word_1_24' title='bbox 2192 693 2359 760; x_wconf 85' lang='lat' dir='ltr'>satis</span> <span class='ocrx_word' id='word_1_25' title='bbox 2386 693 2556 777; x_wconf 77' lang='lat' dir='ltr'>sit»;</span> 
     </span>
     <span class='ocr_line' id='line_1_5' title="bbox 423 800 2560 890; baseline -0.005 -10"><span class='ocrx_word' id='word_1_26' title='bbox 423 813 524 880; x_wconf 88' lang='lat' dir='ltr'>sic</span> <span class='ocrx_word' id='word_1_27' title='bbox 572 833 614 878; x_wconf 86' lang='lat' dir='ltr'>a</span> <span class='ocrx_word' id='word_1_28' title='bbox 669 833 783 879; x_wconf 88' lang='lat' dir='ltr'>me</span> <span class='ocrx_word' id='word_1_29' title='bbox 827 809 994 877; x_wconf 87' lang='lat' dir='ltr'>satis</span> <span class='ocrx_word' id='word_1_30' title='bbox 1045 804 1290 875; x_wconf 87' lang='lat' dir='ltr'>datum</span> <span class='ocrx_word' id='word_1_31' title='bbox 1343 820 1451 875; x_wconf 90' lang='lat' dir='ltr'>est</span> <span class='ocrx_word' id='word_1_32' title='bbox 1512 805 1798 875; x_wconf 89' lang='lat' dir='ltr'>testium</span> <span class='ocrx_word' id='word_1_33' title='bbox 1829 800 1911 870; x_wconf 87' lang='lat'>¹⁵.</span> <span class='ocrx_word' id='word_1_34' title='bbox 1961 802 2151 890; x_wconf 89' lang='lat' dir='ltr'><strong>Quid</strong></span> <span class='ocrx_word' id='word_1_35' title='bbox 2196 802 2440 872; x_wconf 78' lang='lat' dir='ltr'>enim?</span> <span class='ocrx_word' id='word_1_36' title='bbox 2490 815 2560 871; x_wconf 89' lang='lat' dir='ltr'>te</span> 
     </span>
     <span class='ocr_line' id='line_1_6' title="bbox 424 913 2559 1018; baseline -0.003 -29"><span class='ocrx_word' id='word_1_37' title='bbox 424 925 701 1018; x_wconf 88' lang='lat' dir='ltr'>ipsum,</span> <span class='ocrx_word' id='word_1_38' title='bbox 753 917 1251 1013; x_wconf 88' lang='lat' dir='ltr'>dignissimum</span> <span class='ocrx_word' id='word_1_39' title='bbox 1313 915 1706 1013; x_wconf 87' lang='lat' dir='ltr'>majoribus</span> <span class='ocrx_word' id='word_1_40' title='bbox 1749 914 1931 997; x_wconf 79' lang='lat' dir='ltr'>tui5‚</span> <span class='ocrx_word' id='word_1_41' title='bbox 1980 913 2405 1009; x_wconf 82' lang='lat' dir='ltr'>voluptasne</span> <span class='ocrx_word' id='word_1_42' title='bbox 2447 916 2559 982; x_wconf 88' lang='lat' dir='ltr'>in-</span> 
     </span>
     <span class='ocr_line' id='line_1_7' title="bbox 423 1022 2558 1124; baseline -0.003 -24"><span class='ocrx_word' id='word_1_43' title='bbox 423 1030 670 1111; x_wconf 77' lang='lat' dir='ltr'>duxit,</span> <span class='ocrx_word' id='word_1_44' title='bbox 719 1044 802 1098; x_wconf 88' lang='lat' dir='ltr'>ut</span> <span class='ocrx_word' id='word_1_45' title='bbox 851 1025 1435 1098; x_wconf 82' lang='lat' dir='ltr'>adolescentulus</span> <span class='ocrx_word' id='word_1_46' title='bbox 1487 1027 1801 1124; x_wconf 82' lang='lat' dir='ltr'>eriperes</span> <span class='ocrx_word' id='word_1_47' title='bbox 1850 1028 1926 1093; x_wconf 90' lang='lat' dir='ltr'>P.</span> <span class='ocrx_word' id='word_1_48' title='bbox 1973 1022 2179 1093; x_wconf 80' lang='lat' dir='ltr'>Suttae</span> <span class='ocrx_word' id='word_1_49' title='bbox 2234 1023 2558 1093; x_wconf 84' lang='lat' dir='ltr'>consula-</span> 
     </span>
     <span class='ocr_line' id='line_1_8' title="bbox 427 1134 2560 1235; baseline -0.002 -27"><span class='ocrx_word' id='word_1_50' title='bbox 427 1153 582 1208; x_wconf 88' lang='lat' dir='ltr'>tum</span> <span class='ocrx_word' id='word_1_51' title='bbox 610 1135 724 1206; x_wconf 77' lang='lat'>¹⁶?</span> <span class='ocrx_word' id='word_1_52' title='bbox 784 1161 1005 1232; x_wconf 88' lang='lat' dir='ltr'>quem</span> <span class='ocrx_word' id='word_1_53' title='bbox 1072 1161 1296 1233; x_wconf 89' lang='lat' dir='ltr'>quum</span> <span class='ocrx_word' id='word_1_54' title='bbox 1367 1135 1457 1207; x_wconf 81' lang='lat' dir='ltr'>ad</span> <span class='ocrx_word' id='word_1_55' title='bbox 1521 1150 1802 1235; x_wconf 88' lang='lat' dir='ltr'>patrem</span> <span class='ocrx_word' id='word_1_56' title='bbox 1881 1147 2087 1202; x_wconf 87' lang='lat' dir='ltr'>tuum</span> <span class='ocrx_word' id='word_1_57' title='bbox 2160 1134 2560 1220; x_wconf 75' lang='lat' dir='ltr'>retulisse5‚</span> 
     </span>
     <span class='ocr_line' id='line_1_9' title="bbox 424 1243 2558 1346; baseline -0.001 -28"><span class='ocrx_word' id='word_1_58' title='bbox 424 1247 891 1319; x_wconf 88' lang='lat' dir='ltr'>fortissimum</span> <span class='ocrx_word' id='word_1_59' title='bbox 936 1248 1210 1337; x_wconf 87' lang='lat' dir='ltr'>virum,</span> <span class='ocrx_word' id='word_1_60' title='bbox 1262 1248 1493 1346; x_wconf 91' lang='lat' dir='ltr'>qualis</span> <span class='ocrx_word' id='word_1_61' title='bbox 1549 1248 1667 1318; x_wconf 89' lang='lat' dir='ltr'>ille</span> <span class='ocrx_word' id='word_1_62' title='bbox 1720 1245 1831 1314; x_wconf 88' lang='lat' dir='ltr'>vel</span> <span class='ocrx_word' id='word_1_63' title='bbox 1889 1243 2182 1328; x_wconf 86' lang='lat' dir='ltr'>consul,</span> <span class='ocrx_word' id='word_1_64' title='bbox 2221 1245 2332 1315; x_wconf 88' lang='lat' dir='ltr'>vel</span> <span class='ocrx_word' id='word_1_65' title='bbox 2390 1246 2558 1315; x_wconf 87' lang='lat' dir='ltr'>civis</span> 
     </span>
     <span class='ocr_line' id='line_1_10' title="bbox 424 1352 2558 1457; baseline -0.001 -30"><span class='ocrx_word' id='word_1_66' title='bbox 424 1382 652 1454; x_wconf 89' lang='lat' dir='ltr'>quum</span> <span class='ocrx_word' id='word_1_67' title='bbox 682 1382 984 1456; x_wconf 83' lang='lat' dir='ltr'>semper,</span> <span class='ocrx_word' id='word_1_68' title='bbox 1012 1373 1167 1429; x_wconf 89' lang='lat' dir='ltr'>tum</span> <span class='ocrx_word' id='word_1_69' title='bbox 1201 1374 1365 1457; x_wconf 90' lang='lat' dir='ltr'>post</span> <span class='ocrx_word' id='word_1_70' title='bbox 1398 1358 1852 1428; x_wconf 86' lang='lat' dir='ltr'>consulatum</span> <span class='ocrx_word' id='word_1_71' title='bbox 1887 1352 2024 1423; x_wconf 87' lang='lat' dir='ltr'>fuit</span> <span class='ocrx_word' id='word_1_72' title='bbox 2057 1362 2110 1406; x_wconf 86' lang='lat'>¹7</span> <span class='ocrx_word' id='word_1_73' title='bbox 2140 1355 2171 1421; x_wconf 68' lang='grc' dir='ltr'>Ρ</span> <span class='ocrx_word' id='word_1_74' title='bbox 2205 1356 2372 1442; x_wconf 92' lang='lat' dir='ltr'>Quo</span> <span class='ocrx_word' id='word_1_75' title='bbox 2402 1358 2558 1450; x_wconf 88' lang='lat' dir='ltr'>qui·</span> 
     </span>
     <span class='ocr_line' id='line_1_11' title="bbox 423 1460 2559 1566; baseline -0.001 -29"><span class='ocrx_word' id='word_1_76' title='bbox 423 1466 588 1538; x_wconf 87' lang='lat' dir='ltr'>dem</span> <span class='ocrx_word' id='word_1_77' title='bbox 615 1482 906 1539; x_wconf 82' lang='lat' dir='ltr'>auctore</span> <span class='ocrx_word' id='word_1_78' title='bbox 942 1494 1076 1539; x_wconf 87' lang='lat' dir='ltr'>nos</span> <span class='ocrx_word' id='word_1_79' title='bbox 1109 1470 1243 1566; x_wconf 89' lang='lat' dir='ltr'>ipsi</span> <span class='ocrx_word' id='word_1_80' title='bbox 1276 1493 1357 1537; x_wconf 83' lang='lat' dir='ltr'>ea</span> <span class='ocrx_word' id='word_1_81' title='bbox 1388 1469 1738 1562; x_wconf 84' lang='lat' dir='ltr'>gessimus</span> <span class='ocrx_word' id='word_1_82' title='bbox 1763 1519 1781 1549; x_wconf 88' lang='lat'>‚</span> <span class='ocrx_word' id='word_1_83' title='bbox 1820 1477 1900 1532; x_wconf 89' lang='lat' dir='ltr'>ut</span> <span class='ocrx_word' id='word_1_84' title='bbox 1927 1460 2266 1532; x_wconf 81' lang='lat' dir='ltr'>omnibus</span> <span class='ocrx_word' id='word_1_85' title='bbox 2297 1466 2559 1559; x_wconf 77' lang='lat' dir='ltr'>potiuS,</span> 
     </span>
     <span class='ocr_line' id='line_1_12' title="bbox 422 1567 1833 1676; baseline -0.004 -30"><span class='ocrx_word' id='word_1_86' title='bbox 422 1602 640 1673; x_wconf 83' lang='lat' dir='ltr'>quam</span> <span class='ocrx_word' id='word_1_87' title='bbox 688 1580 855 1676; x_wconf 88' lang='lat' dir='ltr'>ipsis</span> <span class='ocrx_word' id='word_1_88' title='bbox 890 1576 1107 1648; x_wconf 90' lang='lat' dir='ltr'>nobis</span> <span class='ocrx_word' id='word_1_89' title='bbox 1146 1577 1728 1647; x_wconf 87' lang='lat' dir='ltr'>consuluerimus</span> <span class='ocrx_word' id='word_1_90' title='bbox 1754 1567 1833 1640; x_wconf 75' lang='lat'>¹3.</span> 
     </span>
    </p>
   </div>
   <div class='ocr_carea' id='block_1_4' title="bbox 416 1749 1452 4254">
    <p class='ocr_par' dir='ltr' id='par_1_4' title="bbox 421 1749 1452 2449">
     <span class='ocr_line' id='line_1_13' title="bbox 496 1749 1447 1805; baseline -0.006 1"><span class='ocrx_word' id='word_1_91' title='bbox 496 1758 581 1805; x_wconf 83' lang='lat'>15.</span> <span class='ocrx_word' id='word_1_92' title='bbox 614 1756 743 1805; x_wconf 78' lang='lat' dir='ltr'>Sacis</span> <span class='ocrx_word' id='word_1_93' title='bbox 783 1759 953 1805; x_wconf 77' lang='lat' dir='ltr'>datum</span> <span class='ocrx_word' id='word_1_94' title='bbox 994 1767 1065 1801; x_wconf 81' lang='lat' dir='ltr'>est</span> <span class='ocrx_word' id='word_1_95' title='bbox 1092 1753 1297 1801; x_wconf 74' lang='lat' dir='ltr'>testium.</span> <span class='ocrx_word' id='word_1_96' title='bbox 1327 1749 1447 1801; x_wconf 84' lang='lat' dir='ltr'>Haec</span> 
     </span>
     <span class='ocr_line' id='line_1_14' title="bbox 421 1832 1452 1898; baseline -0.001 -18"><span class='ocrx_word' id='word_1_97' title='bbox 421 1852 481 1882; x_wconf 74' lang='lat' dir='ltr'>ex</span> <span class='ocrx_word' id='word_1_98' title='bbox 509 1837 661 1884; x_wconf 84' lang='lat' dir='ltr'>Palat.</span> <span class='ocrx_word' id='word_1_99' title='bbox 702 1853 719 1882; x_wconf 84' lang='lat'>1</span> <span class='ocrx_word' id='word_1_100' title='bbox 754 1845 972 1898; x_wconf 80' lang='lat' dir='ltr'>recepta,</span> <span class='ocrx_word' id='word_1_101' title='bbox 1010 1832 1301 1880; x_wconf 79' lang='lat' dir='ltr'>confirmant</span> <span class='ocrx_word' id='word_1_102' title='bbox 1330 1834 1452 1880; x_wconf 90' lang='lat' dir='ltr'>toti-</span> 
     </span>
     <span class='ocr_line' id='line_1_15' title="bbox 427 1912 1448 1976; baseline -0.001 -18"><span class='ocrx_word' id='word_1_103' title='bbox 427 1915 536 1961; x_wconf 84' lang='lat' dir='ltr'>dem</span> <span class='ocrx_word' id='word_1_104' title='bbox 552 1914 712 1961; x_wconf 78' lang='lat' dir='ltr'>verbis</span> <span class='ocrx_word' id='word_1_105' title='bbox 726 1915 852 1976; x_wconf 89' lang='lat' dir='ltr'>Spir.</span> <span class='ocrx_word' id='word_1_106' title='bbox 869 1924 918 1960; x_wconf 86' lang='lat' dir='ltr'>et</span> <span class='ocrx_word' id='word_1_107' title='bbox 934 1912 1035 1960; x_wconf 80' lang='lat' dir='ltr'>Erl.</span> <span class='ocrx_word' id='word_1_108' title='bbox 1058 1912 1283 1973; x_wconf 79' lang='lat' dir='ltr'>idemque</span> <span class='ocrx_word' id='word_1_109' title='bbox 1301 1912 1448 1959; x_wconf 86' lang='lat' dir='ltr'>habet</span> 
     </span>
     <span class='ocr_line' id='line_1_16' title="bbox 427 1991 1444 2054; baseline -0.002 -15"><span class='ocrx_word' id='word_1_110' title='bbox 427 1994 560 2039; x_wconf 85' lang='lat' dir='ltr'>Crat.</span> <span class='ocrx_word' id='word_1_111' title='bbox 604 1993 657 2038; x_wconf 85' lang='lat' dir='ltr'>in</span> <span class='ocrx_word' id='word_1_112' title='bbox 708 2008 858 2054; x_wconf 86' lang='lat' dir='ltr'>marg.</span> <span class='ocrx_word' id='word_1_113' title='bbox 898 1991 1093 2053; x_wconf 82' lang='lat' dir='ltr'>Reliqui</span> <span class='ocrx_word' id='word_1_114' title='bbox 1144 1992 1298 2040; x_wconf 79' lang='lat' dir='ltr'>nostri</span> <span class='ocrx_word' id='word_1_115' title='bbox 1333 2008 1444 2038; x_wconf 92' lang='lat' dir='ltr'>cum</span> 
     </span>
     <span class='ocr_line' id='line_1_17' title="bbox 431 2069 1447 2133; baseline 0.003 -18"><span class='ocrx_word' id='word_1_116' title='bbox 431 2069 549 2115; x_wconf 76' lang='lat' dir='ltr'>olim</span> <span class='ocrx_word' id='word_1_117' title='bbox 582 2070 774 2132; x_wconf 84' lang='lat' dir='ltr'>vulgata</span> <span class='ocrx_word' id='word_1_118' title='bbox 802 2081 1030 2133; x_wconf 84' lang='lat' dir='ltr'>peccant,</span> <span class='ocrx_word' id='word_1_119' title='bbox 1071 2092 1092 2112; x_wconf 73' lang='grc' dir='ltr'>ι</span> <span class='ocrx_word' id='word_1_120' title='bbox 1115 2071 1229 2117; x_wconf 81' lang='lat' dir='ltr'>satis</span> <span class='ocrx_word' id='word_1_121' title='bbox 1254 2070 1447 2119; x_wconf 87' lang='lat' dir='ltr'>testium</span> 
     </span>
     <span class='ocr_line' id='line_1_18' title="bbox 427 2148 1446 2213; baseline 0.003 -20"><span class='ocrx_word' id='word_1_122' title='bbox 427 2159 499 2194; x_wconf 81' lang='lat' dir='ltr'>est</span> <span class='ocrx_word' id='word_1_123' title='bbox 522 2148 707 2195; x_wconf 88' lang='lat' dir='ltr'>dictum</span> <span class='ocrx_word' id='word_1_124' title='bbox 731 2170 772 2194; x_wconf 74' lang='lat' dir='ltr'>n.</span> <span class='ocrx_word' id='word_1_125' title='bbox 799 2151 920 2196; x_wconf 78' lang='lat' dir='ltr'>Puta</span> <span class='ocrx_word' id='word_1_126' title='bbox 948 2149 1064 2195; x_wconf 91' lang='lat' dir='ltr'>olim</span> <span class='ocrx_word' id='word_1_127' title='bbox 1101 2150 1446 2213; x_wconf 83' lang='lat' dir='ltr'>transpositum</span> 
     </span>
     <span class='ocr_line' id='line_1_19' title="bbox 425 2226 1449 2285; baseline 0.001 -12"><span class='ocrx_word' id='word_1_128' title='bbox 425 2244 451 2273; x_wconf 83' lang='lat' dir='ltr'>a</span> <span class='ocrx_word' id='word_1_129' title='bbox 482 2226 654 2273; x_wconf 86' lang='lat' dir='ltr'>scribis</span> <span class='ocrx_word' id='word_1_130' title='bbox 695 2242 821 2285; x_wconf 89' lang='lat' dir='ltr'>esse,</span> <span class='ocrx_word' id='word_1_131' title='bbox 855 2248 880 2267; x_wconf 74' lang='grc' dir='ltr'><em>υ</em></span> <span class='ocrx_word' id='word_1_132' title='bbox 907 2229 1023 2275; x_wconf 82' lang='lat' dir='ltr'>satis</span> <span class='ocrx_word' id='word_1_133' title='bbox 1053 2239 1086 2275; x_wconf 90' lang='lat' dir='ltr'>t.</span> <span class='ocrx_word' id='word_1_134' title='bbox 1120 2239 1191 2274; x_wconf 84' lang='lat' dir='ltr'>est</span> <span class='ocrx_word' id='word_1_135' title='bbox 1217 2229 1449 2282; x_wconf 72' lang='lat' dir='ltr'>datum»,</span> 
     </span>
     <span class='ocr_line' id='line_1_20' title="bbox 426 2305 1450 2369; baseline 0.003 -16"><span class='ocrx_word' id='word_1_136' title='bbox 426 2317 481 2353; x_wconf 88' lang='lat' dir='ltr'>ut</span> <span class='ocrx_word' id='word_1_137' title='bbox 508 2305 748 2369; x_wconf 82' lang='lat' dir='ltr'>genitivus</span> <span class='ocrx_word' id='word_1_138' title='bbox 791 2305 855 2351; x_wconf 89' lang='lat' dir='ltr'>ad</span> <span class='ocrx_word' id='word_1_139' title='bbox 893 2306 1037 2365; x_wconf 77' lang='lat' dir='ltr'>satis,</span> <span class='ocrx_word' id='word_1_140' title='bbox 1067 2305 1200 2353; x_wconf 91' lang='lat' dir='ltr'>unde</span> <span class='ocrx_word' id='word_1_141' title='bbox 1236 2306 1450 2369; x_wconf 71' lang='lat' dir='ltr'>pendet,</span> 
     </span>
     <span class='ocr_line' id='line_1_21' title="bbox 422 2384 1413 2449; baseline 0.002 -18"><span class='ocrx_word' id='word_1_142' title='bbox 422 2396 725 2449; x_wconf 80' lang='lat' dir='ltr'>poneretur:</span> <span class='ocrx_word' id='word_1_143' title='bbox 756 2395 902 2447; x_wconf 88' lang='lat' dir='ltr'>atque</span> <span class='ocrx_word' id='word_1_144' title='bbox 924 2386 1039 2431; x_wconf 84' lang='lat' dir='ltr'>iude</span> <span class='ocrx_word' id='word_1_145' title='bbox 1067 2384 1331 2433; x_wconf 82' lang='lat' dir='ltr'>turbatum.</span> <span class='ocrx_word' id='word_1_146' title='bbox 1352 2387 1413 2433; x_wconf 90' lang='lat' dir='ltr'>G.</span> 
     </span>
    </p>

    <p class='ocr_par' dir='ltr' id='par_1_5' title="bbox 418 2462 1450 2766">
     <span class='ocr_line' id='line_1_22' title="bbox 499 2462 1450 2527; baseline 0.001 -16"><span class='ocrx_word' id='word_1_147' title='bbox 499 2465 579 2511; x_wconf 90' lang='grc'>16.</span> <span class='ocrx_word' id='word_1_148' title='bbox 604 2462 827 2527; x_wconf 74' lang='lat' dir='ltr'>Eriperes</span> <span class='ocrx_word' id='word_1_149' title='bbox 855 2466 912 2511; x_wconf 80' lang='lat' dir='ltr'>P.</span> <span class='ocrx_word' id='word_1_150' title='bbox 927 2464 1077 2511; x_wconf 77' lang='lat' dir='ltr'>Seelloe</span> <span class='ocrx_word' id='word_1_151' title='bbox 1103 2465 1407 2512; x_wconf 80' lang='lat' dir='ltr'>consulatum</span> <span class='ocrx_word' id='word_1_152' title='bbox 1423 2471 1450 2511; x_wconf 62' lang='grc' dir='ltr'>,ν’</span> 
     </span>
     <span class='ocr_line' id='line_1_23' title="bbox 420 2543 1446 2607; baseline 0 -16"><span class='ocrx_word' id='word_1_153' title='bbox 420 2546 495 2591; x_wconf 90' lang='lat' dir='ltr'>De</span> <span class='ocrx_word' id='word_1_154' title='bbox 523 2543 776 2591; x_wconf 76' lang='lat' dir='ltr'>consulatu</span> <span class='ocrx_word' id='word_1_155' title='bbox 816 2559 843 2590; x_wconf 83' lang='lat' dir='ltr'>a</span> <span class='ocrx_word' id='word_1_156' title='bbox 884 2546 1136 2607; x_wconf 81' lang='lat' dir='ltr'>Torquato</span> <span class='ocrx_word' id='word_1_157' title='bbox 1180 2546 1234 2591; x_wconf 90' lang='lat' dir='ltr'>P.</span> <span class='ocrx_word' id='word_1_158' title='bbox 1267 2544 1446 2603; x_wconf 71' lang='lat' dir='ltr'>Sullae,</span> 
     </span>
     <span class='ocr_line' id='line_1_24' title="bbox 418 2621 1448 2687; baseline 0.001 -17"><span class='ocrx_word' id='word_1_159' title='bbox 418 2639 508 2687; x_wconf 87' lang='lat' dir='ltr'>per</span> <span class='ocrx_word' id='word_1_160' title='bbox 561 2621 772 2670; x_wconf 81' lang='lat' dir='ltr'>ambitus</span> <span class='ocrx_word' id='word_1_161' title='bbox 833 2625 1193 2671; x_wconf 75' lang='lat' dir='ltr'>accusationem</span> <span class='ocrx_word' id='word_1_162' title='bbox 1248 2634 1416 2687; x_wconf 89' lang='lat' dir='ltr'>erepto</span> <span class='ocrx_word' id='word_1_163' title='bbox 1435 2659 1448 2683; x_wconf 91' lang='lat'>,</span> 
     </span>
     <span class='ocr_line' id='line_1_25' title="bbox 420 2703 1248 2766; baseline 0.001 -17"><span class='ocrx_word' id='word_1_164' title='bbox 420 2704 640 2749; x_wconf 85' lang='lat' dir='ltr'>conferas</span> <span class='ocrx_word' id='word_1_165' title='bbox 666 2718 759 2766; x_wconf 89' lang='lat' dir='ltr'>pro</span> <span class='ocrx_word' id='word_1_166' title='bbox 785 2703 916 2750; x_wconf 86' lang='lat' dir='ltr'>Sulla</span> <span class='ocrx_word' id='word_1_167' title='bbox 940 2738 954 2762; x_wconf 92' lang='lat'>,</span> <span class='ocrx_word' id='word_1_168' title='bbox 982 2720 1011 2750; x_wconf 70' lang='lat' dir='ltr'>a</span> <span class='ocrx_word' id='word_1_169' title='bbox 1034 2715 1081 2750; x_wconf 86' lang='lat' dir='ltr'>et</span> <span class='ocrx_word' id='word_1_170' title='bbox 1112 2705 1164 2752; x_wconf 83' lang='lat'>3.</span> <span class='ocrx_word' id='word_1_171' title='bbox 1186 2705 1248 2750; x_wconf 89' lang='lat' dir='ltr'>G.</span> 
     </span>
    </p>

    <p class='ocr_par' dir='ltr' id='par_1_6' title="bbox 416 2780 1448 3698">
     <span class='ocr_line' id='line_1_26' title="bbox 496 2780 1445 2846; baseline 0.003 -19"><span class='ocrx_word' id='word_1_172' title='bbox 496 2796 575 2841; x_wconf 77' lang='lat'>¹7·</span> <span class='ocrx_word' id='word_1_173' title='bbox 604 2783 721 2827; x_wconf 81' lang='lat' dir='ltr'>Tum</span> <span class='ocrx_word' id='word_1_174' title='bbox 745 2792 863 2842; x_wconf 82' lang='lat' dir='ltr'>pose</span> <span class='ocrx_word' id='word_1_175' title='bbox 883 2780 1299 2846; x_wconf 76' lang='lat' dir='ltr'>consulammsm‘t</span> <span class='ocrx_word' id='word_1_176' title='bbox 1312 2787 1339 2829; x_wconf 65' lang='grc' dir='ltr'>,θ</span> <span class='ocrx_word' id='word_1_177' title='bbox 1360 2785 1445 2830; x_wconf 89' lang='lat' dir='ltr'>Iu·</span> 
     </span>
     <span class='ocr_line' id='line_1_27' title="bbox 420 2860 1443 2925; baseline 0.003 -20"><span class='ocrx_word' id='word_1_178' title='bbox 420 2860 527 2907; x_wconf 89' lang='lat' dir='ltr'>nuit</span> <span class='ocrx_word' id='word_1_179' title='bbox 566 2876 667 2906; x_wconf 86' lang='lat' dir='ltr'>rem</span> <span class='ocrx_word' id='word_1_180' title='bbox 709 2861 759 2905; x_wconf 90' lang='lat' dir='ltr'>in</span> <span class='ocrx_word' id='word_1_181' title='bbox 800 2860 1121 2918; x_wconf 78' lang='lat' dir='ltr'>Macedonia,</span> <span class='ocrx_word' id='word_1_182' title='bbox 1148 2861 1405 2925; x_wconf 86' lang='lat' dir='ltr'>provincia</span> <span class='ocrx_word' id='word_1_183' title='bbox 1429 2899 1443 2921; x_wconf 86' lang='lat'>‚</span> 
     </span>
     <span class='ocr_line' id='line_1_28' title="bbox 428 2938 1445 3006; baseline 0.004 -22"><span class='ocrx_word' id='word_1_184' title='bbox 428 2938 554 2985; x_wconf 70' lang='lat' dir='ltr'>liene</span> <span class='ocrx_word' id='word_1_185' title='bbox 590 2949 801 3001; x_wconf 84' lang='lat' dir='ltr'>gestam,</span> <span class='ocrx_word' id='word_1_186' title='bbox 836 2948 884 2984; x_wconf 92' lang='lat' dir='ltr'>et</span> <span class='ocrx_word' id='word_1_187' title='bbox 906 2938 1048 2996; x_wconf 87' lang='lat' dir='ltr'>inde,</span> <span class='ocrx_word' id='word_1_188' title='bbox 1078 2940 1313 2987; x_wconf 87' lang='lat' dir='ltr'>Cicerone</span> <span class='ocrx_word' id='word_1_189' title='bbox 1337 2941 1445 3006; x_wconf 87' lang='lat' dir='ltr'>ipso</span> 
     </span>
     <span class='ocr_line' id='line_1_29' title="bbox 423 3017 1446 3083; baseline 0.006 -22"><span class='ocrx_word' id='word_1_190' title='bbox 423 3017 659 3065; x_wconf 79' lang='lat' dir='ltr'>referente</span> <span class='ocrx_word' id='word_1_191' title='bbox 671 3052 685 3075; x_wconf 90' lang='lat'><strong>‚</strong></span> <span class='ocrx_word' id='word_1_192' title='bbox 701 3017 1010 3079; x_wconf 80' lang='lat' dir='ltr'>imperatoris</span> <span class='ocrx_word' id='word_1_193' title='bbox 1023 3019 1219 3066; x_wconf 86' lang='lat' dir='ltr'>nomine</span> <span class='ocrx_word' id='word_1_194' title='bbox 1233 3020 1446 3083; x_wconf 86' lang='lat' dir='ltr'>appella-</span> 
     </span>
     <span class='ocr_line' id='line_1_30' title="bbox 422 3096 1445 3157; baseline 0.006 -17"><span class='ocrx_word' id='word_1_195' title='bbox 422 3106 542 3144; x_wconf 84' lang='lat' dir='ltr'>tum.</span> <span class='ocrx_word' id='word_1_196' title='bbox 576 3096 653 3145; x_wconf 82' lang='lat' dir='ltr'>Cf.</span> <span class='ocrx_word' id='word_1_197' title='bbox 680 3096 732 3142; x_wconf 89' lang='lat' dir='ltr'>in</span> <span class='ocrx_word' id='word_1_198' title='bbox 770 3097 871 3143; x_wconf 82' lang='lat' dir='ltr'>Pis.</span> <span class='ocrx_word' id='word_1_199' title='bbox 923 3110 1021 3157; x_wconf 86' lang='lat'>19,</span> <span class='ocrx_word' id='word_1_200' title='bbox 1067 3103 1150 3152; x_wconf 71' lang='grc'>44.</span> <span class='ocrx_word' id='word_1_201' title='bbox 1191 3098 1445 3146; x_wconf 80' lang='lat' dir='ltr'>Houorifi-</span> 
     </span>
     <span class='ocr_line' id='line_1_31' title="bbox 422 3177 1447 3239; baseline 0.004 -19"><span class='ocrx_word' id='word_1_202' title='bbox 422 3191 526 3221; x_wconf 85' lang='lat' dir='ltr'>cam</span> <span class='ocrx_word' id='word_1_203' title='bbox 549 3186 710 3222; x_wconf 84' lang='lat' dir='ltr'>autem</span> <span class='ocrx_word' id='word_1_204' title='bbox 738 3177 1003 3238; x_wconf 84' lang='lat' dir='ltr'>Torquati,</span> <span class='ocrx_word' id='word_1_205' title='bbox 1040 3178 1222 3239; x_wconf 81' lang='lat' dir='ltr'>patris,</span> <span class='ocrx_word' id='word_1_206' title='bbox 1241 3178 1447 3225; x_wconf 87' lang='lat' dir='ltr'>mentio-</span> 
     </span>
     <span class='ocr_line' id='line_1_32' title="bbox 422 3253 1447 3318; baseline 0.004 -19"><span class='ocrx_word' id='word_1_207' title='bbox 422 3267 535 3300; x_wconf 85' lang='lat' dir='ltr'>nem</span> <span class='ocrx_word' id='word_1_208' title='bbox 558 3254 674 3300; x_wconf 87' lang='lat' dir='ltr'>inde</span> <span class='ocrx_word' id='word_1_209' title='bbox 698 3254 926 3313; x_wconf 83' lang='lat' dir='ltr'>injectam</span> <span class='ocrx_word' id='word_1_210' title='bbox 949 3253 1145 3318; x_wconf 84' lang='lat' dir='ltr'>putabis</span> <span class='ocrx_word' id='word_1_211' title='bbox 1161 3288 1176 3315; x_wconf 79' lang='lat'>,</span> <span class='ocrx_word' id='word_1_212' title='bbox 1201 3255 1343 3317; x_wconf 87' lang='lat' dir='ltr'>quod</span> <span class='ocrx_word' id='word_1_213' title='bbox 1365 3257 1447 3303; x_wconf 81' lang='lat' dir='ltr'>hic</span> 
     </span>
     <span class='ocr_line' id='line_1_33' title="bbox 420 3333 1446 3393; baseline 0.005 -16"><span class='ocrx_word' id='word_1_214' title='bbox 420 3333 554 3379; x_wconf 82' lang='lat' dir='ltr'>omni</span> <span class='ocrx_word' id='word_1_215' title='bbox 581 3333 870 3380; x_wconf 76' lang='lat' dir='ltr'>anctoritate</span> <span class='ocrx_word' id='word_1_216' title='bbox 892 3349 977 3380; x_wconf 84' lang='lat' dir='ltr'>sua</span> <span class='ocrx_word' id='word_1_217' title='bbox 1006 3334 1363 3393; x_wconf 73' lang='lat' dir='ltr'>intercesserat,</span> <span class='ocrx_word' id='word_1_218' title='bbox 1384 3350 1446 3382; x_wconf 89' lang='lat' dir='ltr'>ne</span> 
     </span>
     <span class='ocr_line' id='line_1_34' title="bbox 417 3411 1446 3475; baseline 0.001 -16"><span class='ocrx_word' id='word_1_219' title='bbox 417 3413 591 3459; x_wconf 80' lang='lat' dir='ltr'>Cicero</span> <span class='ocrx_word' id='word_1_220' title='bbox 636 3413 688 3457; x_wconf 91' lang='lat' dir='ltr'>in</span> <span class='ocrx_word' id='word_1_221' title='bbox 709 3411 937 3458; x_wconf 82' lang='lat' dir='ltr'>exsilium</span> <span class='ocrx_word' id='word_1_222' title='bbox 975 3411 1109 3459; x_wconf 83' lang='lat' dir='ltr'>abire</span> <span class='ocrx_word' id='word_1_223' title='bbox 1160 3425 1446 3475; x_wconf 78' lang='lat' dir='ltr'>cogeretur,</span> 
     </span>
     <span class='ocr_line' id='line_1_35' title="bbox 417 3490 1448 3556; baseline 0.004 -19"><span class='ocrx_word' id='word_1_224' title='bbox 417 3490 539 3538; x_wconf 84' lang='lat' dir='ltr'>ibid.</span> <span class='ocrx_word' id='word_1_225' title='bbox 558 3492 656 3539; x_wconf 82' lang='lat' dir='ltr'>Pis.</span> <span class='ocrx_word' id='word_1_226' title='bbox 682 3493 745 3538; x_wconf 85' lang='grc'><strong>31</strong></span> <span class='ocrx_word' id='word_1_227' title='bbox 771 3525 786 3549; x_wconf 92' lang='grc'><em>,</em></span> <span class='ocrx_word' id='word_1_228' title='bbox 814 3507 875 3552; x_wconf 84' lang='lat'>77</span> <span class='ocrx_word' id='word_1_229' title='bbox 900 3525 915 3550; x_wconf 89' lang='lat'><strong>,</strong></span> <span class='ocrx_word' id='word_1_230' title='bbox 949 3492 1030 3551; x_wconf 84' lang='lat'>78.</span> <span class='ocrx_word' id='word_1_231' title='bbox 1049 3495 1159 3540; x_wconf 80' lang='lat' dir='ltr'>Huc</span> <span class='ocrx_word' id='word_1_232' title='bbox 1178 3506 1229 3537; x_wconf 84' lang='lat' dir='ltr'>ea</span> <span class='ocrx_word' id='word_1_233' title='bbox 1250 3507 1448 3556; x_wconf 88' lang='lat' dir='ltr'>quoque</span> 
     </span>
     <span class='ocr_line' id='line_1_36' title="bbox 416 3570 1446 3635; baseline 0.004 -19"><span class='ocrx_word' id='word_1_234' title='bbox 416 3570 663 3618; x_wconf 71' lang='lat' dir='ltr'>referenda</span> <span class='ocrx_word' id='word_1_235' title='bbox 690 3570 945 3629; x_wconf 79' lang='lat' dir='ltr'>videntur,</span> <span class='ocrx_word' id='word_1_236' title='bbox 975 3586 1085 3633; x_wconf 78' lang='lat' dir='ltr'>quae</span> <span class='ocrx_word' id='word_1_237' title='bbox 1106 3571 1330 3635; x_wconf 80' lang='lat' dir='ltr'>proxime</span> <span class='ocrx_word' id='word_1_238' title='bbox 1357 3571 1446 3620; x_wconf 86' lang='lat' dir='ltr'>ad-</span> 
     </span>
     <span class='ocr_line' id='line_1_37' title="bbox 418 3650 712 3698; baseline 0.007 -3"><span class='ocrx_word' id='word_1_239' title='bbox 418 3650 618 3698; x_wconf 88' lang='lat' dir='ltr'>duntur.</span> <span class='ocrx_word' id='word_1_240' title='bbox 649 3652 712 3697; x_wconf 91' lang='lat' dir='ltr'>G.</span> 
     </span>
    </p>

    <p class='ocr_par' dir='ltr' id='par_1_7' title="bbox 416 3727 1448 4254">
     <span class='ocr_line' id='line_1_38' title="bbox 494 3727 1447 3785; baseline 0.003 -9"><span class='ocrx_word' id='word_1_241' title='bbox 494 3731 578 3777; x_wconf 85' lang='grc'>18.</span> <span class='ocrx_word' id='word_1_242' title='bbox 617 3727 890 3785; x_wconf 81' lang='lat' dir='ltr'>Gesse&#39;mus,</span> <span class='ocrx_word' id='word_1_243' title='bbox 934 3740 991 3775; x_wconf 80' lang='lat' dir='ltr'>ue</span> <span class='ocrx_word' id='word_1_244' title='bbox 1025 3764 1037 3776; x_wconf 97' lang='lat'><strong>.</strong></span> <span class='ocrx_word' id='word_1_245' title='bbox 1061 3763 1074 3776; x_wconf 95' lang='lat'><strong>.</strong></span> <span class='ocrx_word' id='word_1_246' title='bbox 1097 3765 1110 3777; x_wconf 93' lang='lat'><strong>.</strong></span> <span class='ocrx_word' id='word_1_247' title='bbox 1149 3730 1447 3779; x_wconf 81' lang='lat' dir='ltr'>consulueri-</span> 
     </span>
     <span class='ocr_line' id='line_1_39' title="bbox 416 3803 1448 3865; baseline 0.006 -12"><span class='ocrx_word' id='word_1_248' title='bbox 416 3824 538 3856; x_wconf 79' lang='lat' dir='ltr'>mus.</span> <span class='ocrx_word' id='word_1_249' title='bbox 574 3807 706 3855; x_wconf 88' lang='lat' dir='ltr'>Gud.</span> <span class='ocrx_word' id='word_1_250' title='bbox 744 3825 764 3854; x_wconf 97' lang='grc'><strong>1</strong></span> <span class='ocrx_word' id='word_1_251' title='bbox 795 3820 845 3856; x_wconf 88' lang='lat' dir='ltr'>et</span> <span class='ocrx_word' id='word_1_252' title='bbox 872 3810 1071 3858; x_wconf 82' lang='lat' dir='ltr'>Oxonn.</span> <span class='ocrx_word' id='word_1_253' title='bbox 1098 3803 1139 3865; x_wconf 83' lang='grc' dir='ltr'><strong>ξ.</strong></span> <span class='ocrx_word' id='word_1_254' title='bbox 1169 3810 1448 3858; x_wconf 76' lang='lat' dir='ltr'>consulere-</span> 
     </span>
     <span class='ocr_line' id='line_1_40' title="bbox 418 3886 1442 3953; baseline 0.007 -21"><span class='ocrx_word' id='word_1_255' title='bbox 418 3903 521 3933; x_wconf 77' lang='lat' dir='ltr'>mus</span> <span class='ocrx_word' id='word_1_256' title='bbox 571 3904 588 3933; x_wconf 92' lang='lat'>.·</span> <span class='ocrx_word' id='word_1_257' title='bbox 632 3886 719 3934; x_wconf 83' lang='lat' dir='ltr'>sed</span> <span class='ocrx_word' id='word_1_258' title='bbox 755 3904 873 3935; x_wconf 78' lang='lat' dir='ltr'>cave</span> <span class='ocrx_word' id='word_1_259' title='bbox 893 3923 908 3945; x_wconf 89' lang='lat'>,</span> <span class='ocrx_word' id='word_1_260' title='bbox 954 3905 1017 3936; x_wconf 89' lang='lat' dir='ltr'>ne</span> <span class='ocrx_word' id='word_1_261' title='bbox 1060 3888 1156 3935; x_wconf 87' lang='lat' dir='ltr'>hoc</span> <span class='ocrx_word' id='word_1_262' title='bbox 1201 3890 1442 3953; x_wconf 68' lang='lat' dir='ltr'>praeferas.</span> 
     </span>
     <span class='ocr_line' id='line_1_41' title="bbox 418 3965 1443 4027; baseline 0.006 -17"><span class='ocrx_word' id='word_1_263' title='bbox 418 3965 571 4027; x_wconf 79' lang='lat' dir='ltr'>Apud</span> <span class='ocrx_word' id='word_1_264' title='bbox 600 3981 769 4013; x_wconf 88' lang='lat' dir='ltr'>omnes</span> <span class='ocrx_word' id='word_1_265' title='bbox 806 3967 935 4014; x_wconf 87' lang='lat' dir='ltr'>enim</span> <span class='ocrx_word' id='word_1_266' title='bbox 975 3967 1173 4015; x_wconf 86' lang='lat' dir='ltr'>Latinos</span> <span class='ocrx_word' id='word_1_267' title='bbox 1197 3969 1301 4016; x_wconf 81' lang='lat' dir='ltr'>haec</span> <span class='ocrx_word' id='word_1_268' title='bbox 1325 3986 1443 4017; x_wconf 89' lang='lat' dir='ltr'>con·</span> 
     </span>
     <span class='ocr_line' id='line_1_42' title="bbox 419 4044 1441 4111; baseline 0.006 -22"><span class='ocrx_word' id='word_1_269' title='bbox 419 4044 624 4091; x_wconf 81' lang='lat' dir='ltr'>structio</span> <span class='ocrx_word' id='word_1_270' title='bbox 657 4045 787 4094; x_wconf 74' lang='lat' dir='ltr'>valet</span> <span class='ocrx_word' id='word_1_271' title='bbox 803 4080 819 4105; x_wconf 88' lang='lat'>‚</span> <span class='ocrx_word' id='word_1_272' title='bbox 840 4059 895 4094; x_wconf 86' lang='lat' dir='ltr'>ut</span> <span class='ocrx_word' id='word_1_273' title='bbox 917 4047 1165 4111; x_wconf 63' lang='lat' dir='ltr'>preterito</span> <span class='ocrx_word' id='word_1_274' title='bbox 1190 4048 1441 4095; x_wconf 72' lang='lat' dir='ltr'>indicativi</span> 
     </span>
     <span class='ocr_line' id='line_1_43' title="bbox 421 4119 1440 4189; baseline 0.009 -24"><span class='ocrx_word' id='word_1_275' title='bbox 421 4119 549 4166; x_wconf 87' lang='lat' dir='ltr'>idem</span> <span class='ocrx_word' id='word_1_276' title='bbox 572 4124 875 4182; x_wconf 79' lang='lat' dir='ltr'>conjunctivi</span> <span class='ocrx_word' id='word_1_277' title='bbox 899 4125 1105 4173; x_wconf 77' lang='lat' dir='ltr'>addatur</span> <span class='ocrx_word' id='word_1_278' title='bbox 1124 4140 1137 4173; x_wconf 71' lang='grc' dir='ltr'>ε</span> <span class='ocrx_word' id='word_1_279' title='bbox 1158 4137 1304 4189; x_wconf 82' lang='lat' dir='ltr'>atque</span> <span class='ocrx_word' id='word_1_280' title='bbox 1327 4143 1440 4174; x_wconf 88' lang='lat' dir='ltr'>sane</span> 
     </span>
     <span class='ocr_line' id='line_1_44' title="bbox 422 4199 1438 4254; baseline 0.01 -10"><span class='ocrx_word' id='word_1_281' title='bbox 422 4199 509 4245; x_wconf 82' lang='lat' dir='ltr'>ista</span> <span class='ocrx_word' id='word_1_282' title='bbox 565 4202 847 4250; x_wconf 76' lang='lat' dir='ltr'>consecutio</span> <span class='ocrx_word' id='word_1_283' title='bbox 904 4214 1039 4251; x_wconf 83' lang='lat' dir='ltr'>certo</span> <span class='ocrx_word' id='word_1_284' title='bbox 1097 4207 1146 4251; x_wconf 89' lang='lat' dir='ltr'>in</span> <span class='ocrx_word' id='word_1_285' title='bbox 1202 4216 1438 4254; x_wconf 81' lang='lat' dir='ltr'>contextu</span> 
     </span>
    </p>
   </div>
   <div class='ocr_carea' id='block_1_5' title="bbox 1528 1749 2563 4269">
    <p class='ocr_par' dir='ltr' id='par_1_8' title="bbox 1528 1749 2563 4269">
     <span class='ocr_line' id='line_1_45' title="bbox 1537 1749 2562 1811; baseline -0.004 -11"><span class='ocrx_word' id='word_1_286' title='bbox 1537 1750 1670 1800; x_wconf 86' lang='lat' dir='ltr'>haud</span> <span class='ocrx_word' id='word_1_287' title='bbox 1695 1750 1854 1798; x_wconf 85' lang='lat' dir='ltr'>minus</span> <span class='ocrx_word' id='word_1_288' title='bbox 1878 1766 1939 1797; x_wconf 85' lang='lat' dir='ltr'>ex</span> <span class='ocrx_word' id='word_1_289' title='bbox 1966 1749 2128 1811; x_wconf 85' lang='lat' dir='ltr'>regula</span> <span class='ocrx_word' id='word_1_290' title='bbox 2157 1757 2257 1804; x_wconf 83' lang='lat' dir='ltr'>est,</span> <span class='ocrx_word' id='word_1_291' title='bbox 2279 1763 2423 1810; x_wconf 87' lang='lat' dir='ltr'>quam</span> <span class='ocrx_word' id='word_1_292' title='bbox 2445 1749 2525 1797; x_wconf 80' lang='lat' dir='ltr'>illa</span> <span class='ocrx_word' id='word_1_293' title='bbox 2546 1787 2562 1811; x_wconf 86' lang='lat'>‚</span> 
     </span>
     <span class='ocr_line' id='line_1_46' title="bbox 1536 1826 2563 1895; baseline -0.003 -17"><span class='ocrx_word' id='word_1_294' title='bbox 1536 1849 1632 1895; x_wconf 87' lang='lat' dir='ltr'>qua</span> <span class='ocrx_word' id='word_1_295' title='bbox 1651 1830 1898 1895; x_wconf 84' lang='lat' dir='ltr'>praeterito</span> <span class='ocrx_word' id='word_1_296' title='bbox 1927 1828 2260 1891; x_wconf 86' lang='lat' dir='ltr'>imperfectum</span> <span class='ocrx_word' id='word_1_297' title='bbox 2285 1826 2400 1873; x_wconf 86' lang='lat' dir='ltr'>addi</span> <span class='ocrx_word' id='word_1_298' title='bbox 2420 1828 2563 1887; x_wconf 68' lang='lat' dir='ltr'>jube—-</span> 
     </span>
     <span class='ocr_line' id='line_1_47' title="bbox 1538 1906 2562 1973; baseline -0.007 -13"><span class='ocrx_word' id='word_1_299' title='bbox 1538 1922 1636 1960; x_wconf 88' lang='lat' dir='ltr'>tur.</span> <span class='ocrx_word' id='word_1_300' title='bbox 1679 1909 1913 1973; x_wconf 81' lang='lat' dir='ltr'>Exempla</span> <span class='ocrx_word' id='word_1_301' title='bbox 1956 1923 2114 1971; x_wconf 83' lang='lat' dir='ltr'>nuper</span> <span class='ocrx_word' id='word_1_302' title='bbox 2156 1906 2397 1969; x_wconf 71' lang='lat' dir='ltr'>congessit</span> <span class='ocrx_word' id='word_1_303' title='bbox 2435 1909 2562 1953; x_wconf 82' lang='lat' dir='ltr'>Mat-</span> 
     </span>
     <span class='ocr_line' id='line_1_48' title="bbox 1536 1985 2561 2053; baseline -0.006 -14"><span class='ocrx_word' id='word_1_304' title='bbox 1536 1991 1651 2039; x_wconf 79' lang='lat' dir='ltr'>thiae</span> <span class='ocrx_word' id='word_1_305' title='bbox 1677 1993 1956 2053; x_wconf 79' lang='lat' dir='ltr'>Programm</span> <span class='ocrx_word' id='word_1_306' title='bbox 1972 2020 1984 2032; x_wconf 93' lang='lat'><strong>.</strong></span> <span class='ocrx_word' id='word_1_307' title='bbox 2014 1987 2078 2034; x_wconf 81' lang='lat' dir='ltr'>ad</span> <span class='ocrx_word' id='word_1_308' title='bbox 2097 1985 2186 2034; x_wconf 91' lang='lat' dir='ltr'>lib.</span> <span class='ocrx_word' id='word_1_309' title='bbox 2212 1987 2236 2032; x_wconf 91' lang='lat'>1</span> <span class='ocrx_word' id='word_1_310' title='bbox 2264 1986 2325 2032; x_wconf 87' lang='lat' dir='ltr'>de</span> <span class='ocrx_word' id='word_1_311' title='bbox 2341 1987 2561 2043; x_wconf 75' lang='lat' dir='ltr'>Oratore,</span> 
     </span>
     <span class='ocr_line' id='line_1_49' title="bbox 1534 2067 2561 2135; baseline -0.006 -17"><span class='ocrx_word' id='word_1_312' title='bbox 1534 2088 1646 2135; x_wconf 84' lang='lat' dir='ltr'>pag.</span> <span class='ocrx_word' id='word_1_313' title='bbox 1679 2074 1708 2120; x_wconf 77' lang='lat'>8</span> <span class='ocrx_word' id='word_1_314' title='bbox 1724 2105 1738 2130; x_wconf 88' lang='lat'><strong>,</strong></span> <span class='ocrx_word' id='word_1_315' title='bbox 1776 2070 1956 2134; x_wconf 89' lang='lat' dir='ltr'>quibus</span> <span class='ocrx_word' id='word_1_316' title='bbox 1983 2069 2053 2115; x_wconf 87' lang='lat' dir='ltr'>sic</span> <span class='ocrx_word' id='word_1_317' title='bbox 2073 2067 2313 2132; x_wconf 80' lang='lat' dir='ltr'>praeterita</span> <span class='ocrx_word' id='word_1_318' title='bbox 2336 2083 2425 2131; x_wconf 86' lang='lat' dir='ltr'>per</span> <span class='ocrx_word' id='word_1_319' title='bbox 2446 2067 2561 2130; x_wconf 79' lang='lat' dir='ltr'>quin</span> 
     </span>
     <span class='ocr_line' id='line_1_50' title="bbox 1535 2146 2562 2214; baseline -0.007 -17"><span class='ocrx_word' id='word_1_320' title='bbox 1535 2161 1582 2197; x_wconf 89' lang='lat' dir='ltr'>et</span> <span class='ocrx_word' id='word_1_321' title='bbox 1600 2152 1690 2214; x_wconf 79' lang='lat' dir='ltr'>qui</span> <span class='ocrx_word' id='word_1_322' title='bbox 1707 2167 1805 2197; x_wconf 81' lang='lat' dir='ltr'>non</span> <span class='ocrx_word' id='word_1_323' title='bbox 1825 2152 2125 2212; x_wconf 83' lang='lat' dir='ltr'>junguntur:</span> <span class='ocrx_word' id='word_1_324' title='bbox 2145 2146 2379 2194; x_wconf 76' lang='lat' dir='ltr'>addamus</span> <span class='ocrx_word' id='word_1_325' title='bbox 2393 2162 2562 2209; x_wconf 76' lang='lat' dir='ltr'>pauca,</span> 
     </span>
     <span class='ocr_line' id='line_1_51' title="bbox 1536 2226 2562 2291; baseline -0.006 -15"><span class='ocrx_word' id='word_1_326' title='bbox 1536 2230 1621 2276; x_wconf 88' lang='lat' dir='ltr'>ubi</span> <span class='ocrx_word' id='word_1_327' title='bbox 1648 2230 1776 2275; x_wconf 89' lang='lat' dir='ltr'>idem</span> <span class='ocrx_word' id='word_1_328' title='bbox 1797 2245 1884 2291; x_wconf 88' lang='lat' dir='ltr'>per</span> <span class='ocrx_word' id='word_1_329' title='bbox 1903 2240 1956 2274; x_wconf 82' lang='lat' dir='ltr'>ut</span> <span class='ocrx_word' id='word_1_330' title='bbox 1978 2226 2207 2275; x_wconf 83' lang='lat' dir='ltr'>efficitur.</span> <span class='ocrx_word' id='word_1_331' title='bbox 2235 2226 2446 2289; x_wconf 78' lang='lat' dir='ltr'>Philipp.</span> <span class='ocrx_word' id='word_1_332' title='bbox 2463 2226 2562 2277; x_wconf 75' lang='lat' dir='ltr'>XI,</span> 
     </span>
     <span class='ocr_line' id='line_1_52' title="bbox 1540 2304 2562 2369; baseline -0.005 -15"><span class='ocrx_word' id='word_1_333' title='bbox 1540 2309 1567 2353; x_wconf 86' lang='lat'><strong>3</strong></span> <span class='ocrx_word' id='word_1_334' title='bbox 1587 2343 1600 2364; x_wconf 93' lang='lat'>‚</span> <span class='ocrx_word' id='word_1_335' title='bbox 1625 2308 1654 2354; x_wconf 78' lang='lat'>8</span> <span class='ocrx_word' id='word_1_336' title='bbox 1681 2324 1694 2354; x_wconf 77' lang='lat' dir='ltr'>t</span> <span class='ocrx_word' id='word_1_337' title='bbox 1723 2329 1744 2349; x_wconf 76' lang='grc' dir='ltr'>ι</span> <span class='ocrx_word' id='word_1_338' title='bbox 1768 2323 1822 2353; x_wconf 83' lang='lat' dir='ltr'>ac</span> <span class='ocrx_word' id='word_1_339' title='bbox 1841 2306 2092 2353; x_wconf 81' lang='lat' dir='ltr'>Dolabella</span> <span class='ocrx_word' id='word_1_340' title='bbox 2122 2305 2320 2369; x_wconf 87' lang='lat' dir='ltr'>quidem</span> <span class='ocrx_word' id='word_1_341' title='bbox 2349 2314 2444 2351; x_wconf 83' lang='lat' dir='ltr'>tam</span> <span class='ocrx_word' id='word_1_342' title='bbox 2471 2304 2562 2350; x_wconf 83' lang='lat' dir='ltr'>suit</span> 
     </span>
     <span class='ocr_line' id='line_1_53' title="bbox 1537 2383 2561 2448; baseline -0.005 -14"><span class='ocrx_word' id='word_1_343' title='bbox 1537 2388 1793 2434; x_wconf 88' lang='lat' dir='ltr'>immemor</span> <span class='ocrx_word' id='word_1_344' title='bbox 1846 2385 2160 2433; x_wconf 77' lang='lat' dir='ltr'>humanitatis</span> <span class='ocrx_word' id='word_1_345' title='bbox 2209 2383 2230 2448; x_wconf 97' lang='lat'>(</span> <span class='ocrx_word' id='word_1_346' title='bbox 2269 2400 2561 2447; x_wconf 81' lang='lat' dir='ltr'>quamquam</span> 
     </span>
     <span class='ocr_line' id='line_1_54' title="bbox 1538 2463 2561 2527; baseline -0.004 -14"><span class='ocrx_word' id='word_1_347' title='bbox 1538 2468 1641 2527; x_wconf 89' lang='lat' dir='ltr'>ejus</span> <span class='ocrx_word' id='word_1_348' title='bbox 1694 2480 1957 2527; x_wconf 86' lang='lat' dir='ltr'>numquam</span> <span class='ocrx_word' id='word_1_349' title='bbox 2000 2465 2244 2527; x_wconf 74' lang='lat' dir='ltr'>particeps</span> <span class='ocrx_word' id='word_1_350' title='bbox 2301 2463 2396 2510; x_wconf 81' lang='lat' dir='ltr'>suit</span> <span class='ocrx_word' id='word_1_351' title='bbox 2413 2463 2432 2525; x_wconf 90' lang='lat'>)</span> <span class='ocrx_word' id='word_1_352' title='bbox 2451 2496 2465 2519; x_wconf 90' lang='lat'>‚</span> <span class='ocrx_word' id='word_1_353' title='bbox 2508 2474 2561 2510; x_wconf 92' lang='lat' dir='ltr'>ut</span> 
     </span>
     <span class='ocr_line' id='line_1_55' title="bbox 1537 2544 2561 2596; baseline -0.005 0"><span class='ocrx_word' id='word_1_354' title='bbox 1537 2565 1673 2596; x_wconf 80' lang='lat' dir='ltr'>suam</span> <span class='ocrx_word' id='word_1_355' title='bbox 1704 2546 2021 2594; x_wconf 83' lang='lat' dir='ltr'>insatiabilem</span> <span class='ocrx_word' id='word_1_356' title='bbox 2061 2544 2394 2592; x_wconf 83' lang='lat' dir='ltr'>crudelitatem</span> <span class='ocrx_word' id='word_1_357' title='bbox 2421 2559 2561 2592; x_wconf 83' lang='lat' dir='ltr'>exer-</span> 
     </span>
     <span class='ocr_line' id='line_1_56' title="bbox 1541 2622 2562 2681; baseline -0.005 -6"><span class='ocrx_word' id='word_1_358' title='bbox 1541 2629 1694 2675; x_wconf 86' lang='lat' dir='ltr'>cuerit</span> <span class='ocrx_word' id='word_1_359' title='bbox 1724 2643 1825 2674; x_wconf 88' lang='lat' dir='ltr'>nou</span> <span class='ocrx_word' id='word_1_360' title='bbox 1857 2626 2014 2674; x_wconf 85' lang='lat' dir='ltr'>solum</span> <span class='ocrx_word' id='word_1_361' title='bbox 2044 2625 2096 2671; x_wconf 85' lang='lat' dir='ltr'>in</span> <span class='ocrx_word' id='word_1_362' title='bbox 2123 2625 2236 2670; x_wconf 77' lang='lat' dir='ltr'>vivo</span> <span class='ocrx_word' id='word_1_363' title='bbox 2257 2657 2270 2681; x_wconf 91' lang='lat'>,</span> <span class='ocrx_word' id='word_1_364' title='bbox 2299 2622 2383 2670; x_wconf 87' lang='lat' dir='ltr'>sed</span> <span class='ocrx_word' id='word_1_365' title='bbox 2418 2624 2562 2670; x_wconf 84' lang='lat' dir='ltr'>etiam</span> 
     </span>
     <span class='ocr_line' id='line_1_57' title="bbox 1534 2701 2557 2765; baseline -0.005 -11"><span class='ocrx_word' id='word_1_366' title='bbox 1534 2708 1585 2754; x_wconf 88' lang='lat' dir='ltr'>iu</span> <span class='ocrx_word' id='word_1_367' title='bbox 1615 2717 1815 2754; x_wconf 86' lang='lat' dir='ltr'>mortuo</span> <span class='ocrx_word' id='word_1_368' title='bbox 1852 2729 1894 2753; x_wconf 70' lang='lat' dir='ltr'>n.</span> <span class='ocrx_word' id='word_1_369' title='bbox 1948 2702 2174 2752; x_wconf 86' lang='lat' dir='ltr'>Parenth.</span> <span class='ocrx_word' id='word_1_370' title='bbox 2219 2701 2369 2765; x_wconf 77' lang='lat' dir='ltr'>vulgo</span> <span class='ocrx_word' id='word_1_371' title='bbox 2404 2701 2557 2750; x_wconf 77' lang='lat' dir='ltr'>abest.</span> 
     </span>
     <span class='ocr_line' id='line_1_58' title="bbox 1533 2781 2562 2847; baseline -0.007 -13"><span class='ocrx_word' id='word_1_372' title='bbox 1533 2787 1686 2835; x_wconf 80' lang='lat' dir='ltr'>Arch.</span> <span class='ocrx_word' id='word_1_373' title='bbox 1711 2790 1849 2835; x_wconf 86' lang='lat' dir='ltr'>Poet.</span> <span class='ocrx_word' id='word_1_374' title='bbox 1881 2785 1910 2833; x_wconf 80' lang='lat'><em>5</em></span> <span class='ocrx_word' id='word_1_375' title='bbox 1925 2820 1939 2842; x_wconf 93' lang='lat'>‚</span> <span class='ocrx_word' id='word_1_376' title='bbox 1964 2801 1996 2847; x_wconf 85' lang='lat'><strong>9</strong></span> <span class='ocrx_word' id='word_1_377' title='bbox 2037 2799 2049 2832; x_wconf 91' lang='lat'>:</span> <span class='ocrx_word' id='word_1_378' title='bbox 2076 2805 2097 2824; x_wconf 76' lang='grc' dir='ltr'>ι</span> <span class='ocrx_word' id='word_1_379' title='bbox 2113 2782 2343 2831; x_wconf 87' lang='lat' dir='ltr'>Metellus</span> <span class='ocrx_word' id='word_1_380' title='bbox 2367 2816 2382 2842; x_wconf 89' lang='lat'>,</span> <span class='ocrx_word' id='word_1_381' title='bbox 2411 2781 2562 2828; x_wconf 89' lang='lat' dir='ltr'>homo</span> 
     </span>
     <span class='ocr_line' id='line_1_59' title="bbox 1528 2862 2561 2923; baseline -0.009 -9"><span class='ocrx_word' id='word_1_382' title='bbox 1528 2867 1864 2915; x_wconf 75' lang='lat' dir='ltr'>sanctissimus</span> <span class='ocrx_word' id='word_1_383' title='bbox 1918 2862 2395 2923; x_wconf 83' lang='lat' dir='ltr'>modestissimusque</span> <span class='ocrx_word' id='word_1_384' title='bbox 2459 2876 2561 2907; x_wconf 89' lang='lat' dir='ltr'>om-</span> 
     </span>
     <span class='ocr_line' id='line_1_60' title="bbox 1532 2938 2559 3004; baseline -0.011 -9"><span class='ocrx_word' id='word_1_385' title='bbox 1532 2947 1695 3004; x_wconf 90' lang='lat' dir='ltr'>nium,</span> <span class='ocrx_word' id='word_1_386' title='bbox 1725 2956 1855 2992; x_wconf 85' lang='lat' dir='ltr'>tanta</span> <span class='ocrx_word' id='word_1_387' title='bbox 1885 2942 2132 3004; x_wconf 81' lang='lat' dir='ltr'>diligentia</span> <span class='ocrx_word' id='word_1_388' title='bbox 2161 2940 2283 2996; x_wconf 78' lang='lat' dir='ltr'>fuit,</span> <span class='ocrx_word' id='word_1_389' title='bbox 2321 2948 2376 2985; x_wconf 86' lang='lat' dir='ltr'>ut</span> <span class='ocrx_word' id='word_1_390' title='bbox 2403 2938 2466 2984; x_wconf 85' lang='lat' dir='ltr'>ad</span> <span class='ocrx_word' id='word_1_391' title='bbox 2507 2942 2559 2985; x_wconf 90' lang='lat' dir='ltr'>L.</span> 
     </span>
     <span class='ocr_line' id='line_1_61' title="bbox 1532 3015 2561 3088; baseline -0.01 -16"><span class='ocrx_word' id='word_1_392' title='bbox 1532 3025 1817 3086; x_wconf 89' lang='lat' dir='ltr'>Lucullum,</span> <span class='ocrx_word' id='word_1_393' title='bbox 1856 3032 2139 3088; x_wconf 72' lang='lat' dir='ltr'>praetorem,</span> <span class='ocrx_word' id='word_1_394' title='bbox 2185 3028 2232 3064; x_wconf 90' lang='lat' dir='ltr'>et</span> <span class='ocrx_word' id='word_1_395' title='bbox 2273 3017 2336 3063; x_wconf 87' lang='lat' dir='ltr'>ad</span> <span class='ocrx_word' id='word_1_396' title='bbox 2372 3015 2561 3075; x_wconf 80' lang='lat' dir='ltr'>judices</span> 
     </span>
     <span class='ocr_line' id='line_1_62' title="bbox 1532 3094 2560 3160; baseline -0.008 -11"><span class='ocrx_word' id='word_1_397' title='bbox 1532 3105 1750 3160; x_wconf 80' lang='lat' dir='ltr'>venerit,</span> <span class='ocrx_word' id='word_1_398' title='bbox 1793 3113 1841 3150; x_wconf 90' lang='lat' dir='ltr'>et</span> <span class='ocrx_word' id='word_1_399' title='bbox 1886 3101 2033 3149; x_wconf 88' lang='lat' dir='ltr'>unius</span> <span class='ocrx_word' id='word_1_400' title='bbox 2074 3095 2286 3144; x_wconf 89' lang='lat' dir='ltr'>nominis</span> <span class='ocrx_word' id='word_1_401' title='bbox 2323 3094 2466 3141; x_wconf 84' lang='lat' dir='ltr'>litura</span> <span class='ocrx_word' id='word_1_402' title='bbox 2507 3111 2560 3141; x_wconf 81' lang='lat' dir='ltr'>se</span> 
     </span>
     <span class='ocr_line' id='line_1_63' title="bbox 1532 3176 2559 3238; baseline -0.008 -9"><span class='ocrx_word' id='word_1_403' title='bbox 1532 3194 1832 3231; x_wconf 86' lang='lat' dir='ltr'>commotum</span> <span class='ocrx_word' id='word_1_404' title='bbox 1858 3196 1961 3227; x_wconf 87' lang='lat' dir='ltr'>esse</span> <span class='ocrx_word' id='word_1_405' title='bbox 1990 3177 2168 3224; x_wconf 87' lang='lat' dir='ltr'>dixerit</span> <span class='ocrx_word' id='word_1_406' title='bbox 2190 3198 2231 3223; x_wconf 69' lang='lat' dir='ltr'>n.</span> <span class='ocrx_word' id='word_1_407' title='bbox 2249 3176 2357 3222; x_wconf 80' lang='lat' dir='ltr'>Att.</span> <span class='ocrx_word' id='word_1_408' title='bbox 2375 3176 2422 3220; x_wconf 94' lang='lat'>11</span> <span class='ocrx_word' id='word_1_409' title='bbox 2438 3210 2454 3235; x_wconf 86' lang='lat'>‚</span> <span class='ocrx_word' id='word_1_410' title='bbox 2481 3190 2559 3238; x_wconf 89' lang='lat' dir='ltr'>ep.</span> 
     </span>
     <span class='ocr_line' id='line_1_64' title="bbox 1539 3251 2560 3323; baseline -0.006 -16"><span class='ocrx_word' id='word_1_411' title='bbox 1539 3261 1601 3307; x_wconf 83' lang='lat'>16</span> <span class='ocrx_word' id='word_1_412' title='bbox 1638 3276 1651 3309; x_wconf 89' lang='lat'>:</span> <span class='ocrx_word' id='word_1_413' title='bbox 1693 3283 1715 3305; x_wconf 73' lang='grc' dir='ltr'>ι</span> <span class='ocrx_word' id='word_1_414' title='bbox 1735 3260 1868 3323; x_wconf 84' lang='lat' dir='ltr'>Quid</span> <span class='ocrx_word' id='word_1_415' title='bbox 1897 3251 2118 3322; x_wconf 72' lang='lat' dir='ltr'>quaeris?</span> <span class='ocrx_word' id='word_1_416' title='bbox 2152 3255 2362 3319; x_wconf 85' lang='lat' dir='ltr'>primum</span> <span class='ocrx_word' id='word_1_417' title='bbox 2389 3254 2454 3300; x_wconf 86' lang='lat' dir='ltr'>ita</span> <span class='ocrx_word' id='word_1_418' title='bbox 2483 3270 2560 3301; x_wconf 91' lang='lat' dir='ltr'>me</span> 
     </span>
     <span class='ocr_line' id='line_1_65' title="bbox 1532 3331 2559 3402; baseline -0.006 -16"><span class='ocrx_word' id='word_1_419' title='bbox 1532 3338 1746 3402; x_wconf 83' lang='lat' dir='ltr'>pupugit</span> <span class='ocrx_word' id='word_1_420' title='bbox 1765 3372 1781 3394; x_wconf 93' lang='lat'><em>,</em></span> <span class='ocrx_word' id='word_1_421' title='bbox 1808 3347 1860 3383; x_wconf 90' lang='lat' dir='ltr'>ut</span> <span class='ocrx_word' id='word_1_422' title='bbox 1879 3349 2104 3383; x_wconf 82' lang='lat' dir='ltr'>somnum</span> <span class='ocrx_word' id='word_1_423' title='bbox 2124 3333 2244 3380; x_wconf 88' lang='lat' dir='ltr'>mihi</span> <span class='ocrx_word' id='word_1_424' title='bbox 2264 3331 2495 3379; x_wconf 84' lang='lat' dir='ltr'>ademerit</span> <span class='ocrx_word' id='word_1_425' title='bbox 2515 3354 2559 3380; x_wconf 74' lang='grc' dir='ltr'><strong>ιι.</strong></span> 
     </span>
     <span class='ocr_line' id='line_1_66' title="bbox 1533 3412 2563 3479; baseline -0.005 -17"><span class='ocrx_word' id='word_1_426' title='bbox 1533 3416 1607 3463; x_wconf 85' lang='lat' dir='ltr'>lh.</span> <span class='ocrx_word' id='word_1_427' title='bbox 1635 3418 1726 3473; x_wconf 86' lang='lat' dir='ltr'>1v,</span> <span class='ocrx_word' id='word_1_428' title='bbox 1751 3431 1835 3479; x_wconf 87' lang='lat' dir='ltr'>ep.</span> <span class='ocrx_word' id='word_1_429' title='bbox 1871 3431 1892 3460; x_wconf 86' lang='lat'>1</span> <span class='ocrx_word' id='word_1_430' title='bbox 1925 3412 2057 3461; x_wconf 90' lang='lat' dir='ltr'>med.</span> <span class='ocrx_word' id='word_1_431' title='bbox 2091 3434 2113 3456; x_wconf 78' lang='grc' dir='ltr'>ι</span> <span class='ocrx_word' id='word_1_432' title='bbox 2139 3414 2212 3460; x_wconf 83' lang='lat' dir='ltr'>Ita</span> <span class='ocrx_word' id='word_1_433' title='bbox 2243 3413 2336 3459; x_wconf 87' lang='lat' dir='ltr'>iter</span> <span class='ocrx_word' id='word_1_434' title='bbox 2362 3412 2481 3470; x_wconf 78' lang='lat' dir='ltr'>feci,</span> <span class='ocrx_word' id='word_1_435' title='bbox 2507 3421 2563 3458; x_wconf 90' lang='lat' dir='ltr'>ut</span> 
     </span>
     <span class='ocr_line' id='line_1_67' title="bbox 1531 3491 2563 3556; baseline -0.004 -15"><span class='ocrx_word' id='word_1_436' title='bbox 1531 3494 1752 3556; x_wconf 85' lang='lat' dir='ltr'>undique</span> <span class='ocrx_word' id='word_1_437' title='bbox 1784 3492 1847 3540; x_wconf 84' lang='lat' dir='ltr'>ad</span> <span class='ocrx_word' id='word_1_438' title='bbox 1883 3509 1958 3539; x_wconf 89' lang='lat' dir='ltr'>me</span> <span class='ocrx_word' id='word_1_439' title='bbox 2003 3509 2115 3540; x_wconf 88' lang='lat' dir='ltr'>cnm</span> <span class='ocrx_word' id='word_1_440' title='bbox 2147 3491 2471 3555; x_wconf 80' lang='lat' dir='ltr'>gratulatione</span> <span class='ocrx_word' id='word_1_441' title='bbox 2493 3491 2563 3538; x_wconf 88' lang='lat' dir='ltr'>le-</span> 
     </span>
     <span class='ocr_line' id='line_1_68' title="bbox 1534 3571 2562 3636; baseline -0.003 -17"><span class='ocrx_word' id='word_1_442' title='bbox 1534 3573 1635 3636; x_wconf 85' lang='lat' dir='ltr'>gati</span> <span class='ocrx_word' id='word_1_443' title='bbox 1653 3571 1972 3619; x_wconf 79' lang='lat' dir='ltr'>convenerint</span> <span class='ocrx_word' id='word_1_444' title='bbox 1991 3592 2035 3619; x_wconf 66' lang='lat' dir='ltr'>a.</span> <span class='ocrx_word' id='word_1_445' title='bbox 2060 3573 2137 3619; x_wconf 82' lang='lat' dir='ltr'>Ex</span> <span class='ocrx_word' id='word_1_446' title='bbox 2160 3571 2388 3619; x_wconf 79' lang='lat' dir='ltr'>hocloco</span> <span class='ocrx_word' id='word_1_447' title='bbox 2408 3571 2562 3618; x_wconf 84' lang='lat' dir='ltr'>corri-</span> 
     </span>
     <span class='ocr_line' id='line_1_69' title="bbox 1534 3649 2562 3717; baseline -0.004 -17"><span class='ocrx_word' id='word_1_448' title='bbox 1534 3669 1619 3717; x_wconf 77' lang='lat' dir='ltr'>gas</span> <span class='ocrx_word' id='word_1_449' title='bbox 1645 3667 1736 3715; x_wconf 89' lang='lat' dir='ltr'>pro</span> <span class='ocrx_word' id='word_1_450' title='bbox 1764 3650 1943 3698; x_wconf 89' lang='lat' dir='ltr'>Milon.</span> <span class='ocrx_word' id='word_1_451' title='bbox 1992 3651 2052 3698; x_wconf 81' lang='lat'>31</span> <span class='ocrx_word' id='word_1_452' title='bbox 2073 3685 2088 3711; x_wconf 88' lang='lat'>‚</span> <span class='ocrx_word' id='word_1_453' title='bbox 2122 3651 2187 3698; x_wconf 81' lang='lat'>86</span> <span class='ocrx_word' id='word_1_454' title='bbox 2215 3663 2227 3696; x_wconf 91' lang='lat'>:</span> <span class='ocrx_word' id='word_1_455' title='bbox 2258 3671 2279 3691; x_wconf 81' lang='grc' dir='ltr'>ι</span> <span class='ocrx_word' id='word_1_456' title='bbox 2312 3649 2404 3697; x_wconf 88' lang='lat' dir='ltr'>nisi</span> <span class='ocrx_word' id='word_1_457' title='bbox 2434 3650 2562 3698; x_wconf 81' lang='lat' dir='ltr'>sorte</span> 
     </span>
     <span class='ocr_line' id='line_1_70' title="bbox 1532 3727 2562 3784; baseline -0.005 -4"><span class='ocrx_word' id='word_1_458' title='bbox 1532 3732 1633 3780; x_wconf 87' lang='lat' dir='ltr'>hoc</span> <span class='ocrx_word' id='word_1_459' title='bbox 1657 3730 1804 3778; x_wconf 84' lang='lat' dir='ltr'>etiam</span> <span class='ocrx_word' id='word_1_460' title='bbox 1831 3745 1945 3776; x_wconf 88' lang='lat' dir='ltr'>casu</span> <span class='ocrx_word' id='word_1_461' title='bbox 1974 3728 2155 3776; x_wconf 80' lang='lat' dir='ltr'>factum</span> <span class='ocrx_word' id='word_1_462' title='bbox 2183 3744 2284 3775; x_wconf 86' lang='lat' dir='ltr'>esse</span> <span class='ocrx_word' id='word_1_463' title='bbox 2310 3727 2526 3776; x_wconf 81' lang='lat' dir='ltr'>dicemus</span> <span class='ocrx_word' id='word_1_464' title='bbox 2547 3764 2562 3784; x_wconf 81' lang='grc'><strong>,</strong></span> 
     </span>
     <span class='ocr_line' id='line_1_71' title="bbox 1537 3806 2562 3870; baseline -0.004 -14"><span class='ocrx_word' id='word_1_465' title='bbox 1537 3820 1590 3856; x_wconf 91' lang='lat' dir='ltr'>ut</span> <span class='ocrx_word' id='word_1_466' title='bbox 1617 3819 1733 3856; x_wconf 85' lang='lat' dir='ltr'>aute</span> <span class='ocrx_word' id='word_1_467' title='bbox 1761 3807 1921 3870; x_wconf 87' lang='lat' dir='ltr'>ipsum</span> <span class='ocrx_word' id='word_1_468' title='bbox 1950 3806 2209 3853; x_wconf 84' lang='lat' dir='ltr'>sacrarium</span> <span class='ocrx_word' id='word_1_469' title='bbox 2247 3807 2398 3854; x_wconf 77' lang='lat' dir='ltr'>Bonae</span> <span class='ocrx_word' id='word_1_470' title='bbox 2445 3809 2562 3853; x_wconf 75' lang='lat' dir='ltr'>Deoe</span> 
     </span>
     <span class='ocr_line' id='line_1_72' title="bbox 1546 3884 2559 3952; baseline -0.005 -16"><span class='ocrx_word' id='word_1_471' title='bbox 1546 3923 1614 3938; x_wconf 87' lang='lat'>...</span> <span class='ocrx_word' id='word_1_472' title='bbox 1657 3887 1870 3952; x_wconf 86' lang='lat' dir='ltr'>primum</span> <span class='ocrx_word' id='word_1_473' title='bbox 1907 3884 2031 3932; x_wconf 77' lang='lat' dir='ltr'>illud</span> <span class='ocrx_word' id='word_1_474' title='bbox 2069 3885 2248 3932; x_wconf 82' lang='lat' dir='ltr'>vulnus</span> <span class='ocrx_word' id='word_1_475' title='bbox 2282 3885 2559 3948; x_wconf 86' lang='lat' dir='ltr'>acciperet,</span> 
     </span>
     <span class='ocr_line' id='line_1_73' title="bbox 1531 3964 2558 4033; baseline -0.007 -17"><span class='ocrx_word' id='word_1_476' title='bbox 1531 3985 1632 4033; x_wconf 90' lang='lat' dir='ltr'>quo</span> <span class='ocrx_word' id='word_1_477' title='bbox 1648 3965 1956 4015; x_wconf 84' lang='lat' dir='ltr'>deterrimam</span> <span class='ocrx_word' id='word_1_478' title='bbox 1975 3975 2179 4012; x_wconf 89' lang='lat' dir='ltr'>mortem</span> <span class='ocrx_word' id='word_1_479' title='bbox 2200 3964 2360 4012; x_wconf 87' lang='lat' dir='ltr'>obiret</span> <span class='ocrx_word' id='word_1_480' title='bbox 2379 3986 2422 4010; x_wconf 70' lang='lat' dir='ltr'>u.</span> <span class='ocrx_word' id='word_1_481' title='bbox 2446 3964 2558 4010; x_wconf 84' lang='lat' dir='ltr'>Plu-</span> 
     </span>
     <span class='ocr_line' id='line_1_74' title="bbox 1530 4042 2558 4109; baseline -0.008 -14"><span class='ocrx_word' id='word_1_482' title='bbox 1530 4065 1608 4097; x_wconf 89' lang='lat' dir='ltr'>res</span> <span class='ocrx_word' id='word_1_483' title='bbox 1655 4047 1724 4095; x_wconf 91' lang='lat' dir='ltr'>ibi</span> <span class='ocrx_word' id='word_1_484' title='bbox 1767 4044 1937 4109; x_wconf 86' lang='lat' dir='ltr'>scripti</span> <span class='ocrx_word' id='word_1_485' title='bbox 1983 4043 2222 4108; x_wconf 77' lang='lat' dir='ltr'>acceperit</span> <span class='ocrx_word' id='word_1_486' title='bbox 2239 4078 2253 4101; x_wconf 88' lang='lat'>‚</span> <span class='ocrx_word' id='word_1_487' title='bbox 2299 4042 2436 4106; x_wconf 87' lang='lat' dir='ltr'>quod</span> <span class='ocrx_word' id='word_1_488' title='bbox 2487 4054 2558 4088; x_wconf 83' lang='lat' dir='ltr'>est</span> 
     </span>
     <span class='ocr_line' id='line_1_75' title="bbox 1530 4121 2554 4191; baseline -0.013 -15"><span class='ocrx_word' id='word_1_489' title='bbox 1530 4125 1867 4191; x_wconf 88' lang='lat' dir='ltr'>reponendum</span> <span class='ocrx_word' id='word_1_490' title='bbox 1907 4140 1920 4171; x_wconf 71' lang='grc' dir='ltr'><strong><em>ε</em></strong></span> <span class='ocrx_word' id='word_1_491' title='bbox 1962 4140 2080 4171; x_wconf 85' lang='lat' dir='ltr'>nam</span> <span class='ocrx_word' id='word_1_492' title='bbox 2129 4121 2431 4171; x_wconf 86' lang='lat' dir='ltr'>constructio</span> <span class='ocrx_word' id='word_1_493' title='bbox 2473 4135 2554 4165; x_wconf 86' lang='lat' dir='ltr'>es-</span> 
     </span>
     <span class='ocr_line' id='line_1_76' title="bbox 1530 4197 2558 4269; baseline -0.012 -16"><span class='ocrx_word' id='word_1_494' title='bbox 1530 4206 1640 4253; x_wconf 84' lang='lat' dir='ltr'>dem</span> <span class='ocrx_word' id='word_1_495' title='bbox 1669 4218 1739 4253; x_wconf 90' lang='lat' dir='ltr'>est</span> <span class='ocrx_word' id='word_1_496' title='bbox 1762 4242 1778 4269; x_wconf 87' lang='lat'>,</span> <span class='ocrx_word' id='word_1_497' title='bbox 1804 4222 1861 4253; x_wconf 87' lang='lat' dir='ltr'>ac</span> <span class='ocrx_word' id='word_1_498' title='bbox 1887 4205 1927 4252; x_wconf 87' lang='lat' dir='ltr'>si</span> <span class='ocrx_word' id='word_1_499' title='bbox 1956 4204 2193 4266; x_wconf 81' lang='lat' dir='ltr'>scriptum</span> <span class='ocrx_word' id='word_1_500' title='bbox 2221 4211 2343 4248; x_wconf 80' lang='lat' dir='ltr'>esset</span> <span class='ocrx_word' id='word_1_501' title='bbox 2353 4197 2558 4261; x_wconf 75' lang='lat' dir='ltr'>sactum</span> 
     </span>
    </p>
   </div>
  </div>
 </body>
</html>
