3217 4784
860 452 982 520 DE
1029 448 1205 521 FIN.
1259 453 1463 521 ΒΟΝ.
1510 454 1624 520 ET
1677 454 1891 520 MAL.
1947 454 2049 537 11,
2097 453 2161 520 8.

702 578 766 628 In
791 576 956 650 quo¹⁵
983 573 1180 632 Laeliu’
1194 574 1475 631 clamores
1503 573 1721 651 sophos
1749 572 1845 630 ille
1871 571 2096 631 solebat

694 664 881 722 Edere
898 665 960 739 ¹⁶,
991 667 1341 744 compellans
1368 667 1653 743 gumias¹⁷
1680 687 1751 723 ex
1778 660 1982 725 ordine
2005 681 2252 725 nostros.

2440 479 2566 550 ¹77

442 802 779 875 Praeclare
806 806 1098 890 Laelius,
1143 820 1215 875 et
1252 821 1444 877 recte
1481 808 1701 902 σοφὸς,
1747 804 2146 904 illudque-¹⁸
2182 833 2348 879 vere
2380 838 2395 879 ε

667 958 721 1012 O
745 953 944 1026 Publi,
973 976 1010 1012 o
1038 975 1272 1033 gurges,
1300 957 1565 1026 Galloni,
1597 976 1660 1013 es
1692 954 1871 1012 homo
1906 956 2092 1027 miser,
2126 957 2404 1034 inquit193

664 1047 915 1104 Coenasti
948 1047 1006 1104 in
1031 1048 1151 1106 vita
1180 1067 1492 1125 numquam
1516 1046 1694 1119 hene,
1722 1068 1901 1124 quum
1931 1049 2124 1106 omnia
2155 1050 2213 1106 in
2246 1051 2355 1108 ista

661 1141 962 1198 Consumis
999 1141 1238 1217 squilla,
1272 1155 1445 1220 atque
1477 1141 1810 1225 acipensere
1836 1161 1968 1198 cum
1996 1140 2335 1200 decumano.

444 1299 514 1364 Is
542 1294 690 1367 haec
727 1296 1071 1394 loquitur,
1111 1300 1238 1396 qui
1271 1301 1346 1369 in
1380 1299 1746 1397 voluptate
1789 1298 1964 1368 nihil
2007 1324 2324 1397 ponens,
2362 1319 2574 1401 negat

342 1496 353 1503 α
443 1428 608 1473 eum
641 1403 829 1478 bene
866 1432 1192 1495 coenare,
1226 1411 1350 1507 qui
1391 1411 1631 1480 omnia
1667 1423 1889 1507 ponat
1926 1413 1999 1479 in
2039 1409 2409 1508 voluptate
2445 1440 2459 1482 ε
2505 1427 2573 1485 et

443 1525 682 1584 tamen
721 1542 872 1588 non
919 1535 1167 1616 negat,
1228 1520 1543 1591 libenter
1583 1542 1928 1614 umquam
1978 1542 2297 1593 coenasse
2331 1523 2573 1595 Gallo-

442 1746 671 1795 natura,-
685 1740 751 1785 sis
769 1740 808 1786 si
827 1749 957 1786 recte
977 1738 1225 1801 cognitum
1237 1771 1253 1796 ,
1264 1738 1409 1784 fueris
1421 1760 1463 1796 a,

440 1826 499 1863 ut
519 1818 664 1865 etiam
684 1818 847 1882 plures
868 1818 1081 1865 referunt
1102 1816 1123 1879 (
1142 1817 1240 1865 Erl.
1267 1827 1316 1864 et
1335 1817 1462 1882 Spir.

441 1910 588 1960 cogn.
618 1897 726 1960 quis
751 1897 888 1960 sis),
925 1896 1072 1959 idque
1106 1896 1249 1953 ideo,
1291 1896 1424 1959 quod
1446 1930 1462 1955 ,

441 1976 743 2039 apostrophe
790 1977 895 2034 uti,
945 1975 1209 2023 scribarum
1250 1992 1350 2023 non
1383 1978 1463 2024 sit.

443 2048 540 2097 Sed
560 2051 641 2098 cui
664 2053 834 2100 melius
860 2052 924 2099 ad
943 2064 1170 2101 contexta
1191 2054 1316 2111 coit,
1346 2066 1393 2102 et
1413 2055 1463 2101 in

442 2127 524 2201 cui
564 2130 746 2193 ubique
792 2142 1055 2193 peccatum
1091 2132 1240 2196 idque
1285 2135 1433 2198 magis
1450 2170 1465 2194 ,

443 2207 580 2270 quod
602 2225 629 2255 a
656 2209 844 2257 Lucilio
863 2210 995 2258 baud
1022 2210 1169 2258 dubie
1197 2212 1317 2275 quoi
1344 2213 1465 2260 scri-

442 2285 663 2337 bebatur.

520 2383 541 2413 ι
552 2367 602 2414 5.
617 2371 677 2414 ln
695 2385 806 2431 quo.
822 2371 937 2417 Post
954 2371 1010 2415 In
1032 2368 1299 2433 quo(quod
1311 2370 1373 2418 sd
1389 2380 1466 2417 to·

445 2456 540 2494 tam
561 2446 881 2509 precedentis
906 2464 1067 2496 versus
1085 2450 1371 2496 sententiam
1394 2466 1467 2496 re·

443 2524 611 2581 fertur,
631 2540 804 2588 nempe
818 2527 1082 2586 «jactando
1098 2561 1113 2586 ,
1132 2528 1465 2592 praedicando,

442 2605 572 2668 quali
620 2607 798 2653 virtute
839 2609 904 2655 sis
941 2608 1004 2672 n)
1033 2645 1048 2668 ,
1091 2610 1236 2658 codd.
1264 2608 1462 2673 plnres,

441 2682 639 2748 cognitu
659 2718 674 2740 ,
702 2701 764 2731 ex
801 2696 969 2750 aperta
1005 2686 1163 2751 glossa
1204 2699 1464 2753 repetunt,

442 2762 579 2825 qnod
597 2763 754 2810 nostri
779 2764 1020 2826 ignorant.
1046 2770 1109 2815 G.

521 2841 599 2889 xci.
627 2842 870 2889 Clamores
1000 2845 1172 2891 Edere.
1199 2844 1335 2892 Idem
1361 2857 1462 2903 est,

442 2919 578 2983 quod
614 2934 760 2984 snpra
795 2919 1176 2982 explicavimus,
1196 2923 1462 2986 clamabat3

442 2999 579 3057 0121,
610 2997 640 3062 S
669 2997 1028 3062 58311,§23.
1050 2999 1111 3047 G.

521 3092 603 3139 17.
644 3077 846 3126 Gumias
864 3112 878 3134 ‚
920 3093 983 3124 ex
1028 3079 1129 3124 Pal.
1182 3094 1199 3124 1
1245 3079 1430 3128 editum
1448 3119 1463 3144 ,

370 3206 375 3215 ‚
442 3156 548 3204 bini
572 3172 770 3220 qnoque
816 3157 973 3203 nostri
1011 3154 1230 3218 firmant,
1263 3159 1464 3222 reliquis

254 3212 267 3239 ἰ
286 3268 314 3299 ⁸.
339 3248 361 3289 j
436 3252 612 3301 gamas
635 3235 966 3299 peccantibus.
991 3237 1055 3283 G.

411 3356 417 3361 .
519 3317 600 3365 ιΒ.
619 3315 858 3363 Proeclare
874 3312 1143 3373 Laelius‚ee
1159 3326 1287 3362 recte
1299 3314 1463 3379 σοφὸς,

416 3392 662 3457 smulque
689 3410 827 3442 vere.
849 3392 964 3441 Non
999 3392 1155 3440 solum
1186 3393 1283 3441 hoc
1316 3392 1431 3441 loco
1447 3428 1464 3456 ,

442 3471 529 3519 aed
570 3472 713 3521 etiam
753 3487 899 3535 supra
943 3472 998 3518 in
1035 3487 1113 3518 vv.
1143 3469 1316 3534 sophos
1347 3472 1462 3533 ille,

442 3550 579 3600 Goer.
603 3550 777 3616 sophos
798 3566 951 3614 graece
973 3549 1156 3598 scribit.
1186 3552 1305 3598 Hoec
1330 3534 1463 3598 izem-

440 3648 505 3696 pe
523 3665 537 3688 ,
581 3629 742 3695 inquit
761 3663 776 3687 ,
805 3629 1075 3693 -praeclare
1111 3629 1286 3677 Laelins
1297 3662 1452 3677 .....

440 3710 662 3775 illudque
699 3724 850 3756 vere»
867 3742 880 3763 .
919 3708 1171 3756 Ciceronis
1202 3724 1336 3768 esse,
1363 3724 1462 3756 non

441 3789 646 3848 Lucilii,
688 3800 743 3836 nt
773 3787 969 3851 quidam
997 3785 1254 3843 volebant,
1295 3787 1460 3851 legen·

443 3880 515 3917 ιω
574 3888 600 3909 ι
628 3865 794 3915 Laeliu'
837 3864 1065 3928 praeclare
1118 3876 1165 3912 et
1212 3877 1340 3913 recte
1382 3880 1461 3912 so·

442 3946 596 4011 phos,
641 3945 821 4007 illaque
855 3960 968 3992 vere
989 3964 1011 3985 ι
1061 3954 1188 3991 recte
1236 3942 1460 3991 viderunt

444 4026 671 4073 Davisius
710 4035 761 4073 et
797 4023 1031 4071 Bremius.
1058 4022 1153 4070 Sed
1192 4037 1282 4085 pro
1316 4022 1462 4072 illud·

447 4119 544 4165 que
577 4119 720 4160 vere,
761 4102 862 4152 Erl.
903 4114 953 4149 et
978 4102 1107 4166 Spir.
1139 4100 1268 4149 illud
1303 4118 1428 4149 vero
1452 4137 1463 4158 ,

445 4181 581 4246 quod
608 4198 709 4231 esse
744 4181 954 4245 aliquid,
1004 4192 1053 4229 et
1095 4192 1229 4231 recte
1268 4181 1463 4229 defendi

640 4271 727 4337 ῙῙ.
781 4285 875 4335 Cic.
889 4301 1009 4353 pars
1033 4284 1183 4334 tertia.

1552 1752 1721 1800 posse,
1746 1736 1957 1798 videtur,
1979 1738 2019 1785 si
2051 1749 2165 1801 post
2192 1748 2289 1786 tres
2315 1739 2462 1799 istos,
2486 1745 2574 1808 qui

1552 1827 1842 1879 sequnntur,
1867 1832 2033 1864 versus
2048 1850 2063 1875 ,
2099 1814 2204 1864 koec
2227 1834 2316 1881 per
2339 1820 2574 1867 anacolu-

1554 1893 1704 1952 thon,
1748 1895 1976 1943 Ciceroni
1997 1912 2058 1943 ex
2080 1893 2302 1959 longiore
2337 1893 2467 1964 ῥήσει
2501 1898 2573 1945 in-

1556 1974 1789 2037 terposita
1818 1974 2258 2037 frequentissimum
2277 2010 2292 2031 ‚
2327 1975 2570 2036 adjectum

1546 2051 1781 2113 indicaris
1824 2067 1836 2101 :
1886 2062 1941 2099 nt
1992 2054 2176 2116 integra
2226 2057 2532 2103 constructio
2558 2089 2574 2113 ,

1554 2129 1682 2178 iliud
1694 2147 1819 2179 vero
1865 2165 1905 2180 ..
1922 2167 1933 2178 .
1982 2130 2023 2179 is
2059 2131 2303 2196 quuitur,
2342 2134 2450 2198 qui,
2479 2146 2573 2183 etc.

1552 2225 1755 2274 pergere
1770 2210 2033 2259 debuisset.
2053 2212 2183 2258 Ferri
2199 2222 2358 2260 tamen
2377 2213 2573 2277 vulgata

1553 2298 1736 2352 potest,
1765 2290 1805 2336 si
1827 2306 1921 2352 que
1940 2290 2220 2338 transeundi
2245 2291 2294 2338 vi
2311 2294 2572 2356 acceperis.

1553 2368 1745 2428 Maiore
1768 2370 1916 2432 igitur
1938 2369 2250 2417 distinctione
2265 2371 2575 2437 interpunxi-

1552 2465 1676 2497 mus.
1701 2450 1783 2497 Bis
1807 2449 2016 2512 denique
2042 2464 2194 2513 graece
2222 2449 2361 2518 σοφὸς
2382 2453 2574 2517 scripsi-

1552 2544 1686 2585 mus,
1729 2544 1882 2593 quum
1920 2530 2077 2576 Brem.
2113 2529 2386 2594 posteriore
2423 2531 2574 2579 modo

1551 2607 1666 2655 loco
1703 2609 1773 2656 sic
1805 2608 1996 2673 ederet:
2033 2609 2120 2656 sed
2145 2609 2382 2656 Lucilium
2420 2626 2573 2675 μοι

1552 2688 1698 2736 verba
1724 2688 1891 2752 graecis
1915 2688 2065 2736 literis
2088 2690 2218 2754 picta
2239 2689 2454 2738 versibus
2474 2691 2573 2737 suis

1550 2766 1866 2815 immiscuisse
1880 2803 1897 2827 ,
1924 2783 1985 2814 ex
2012 2768 2118 2828 eius
2142 2768 2420 2832 fragmentis
2434 2806 2451 2830 ,
2465 2785 2573 2833 quae

1549 2846 1712 2894 adhuc
1728 2858 1942 2904 exstant,
1964 2856 2148 2894 certum
2167 2857 2255 2894 est.

1630 2941 1712 2987 19.
1744 2928 1787 2972 Ο
1810 2925 1954 2973 ΡιιὸΙί
2081 2923 2287 2972 Galloni
2312 2958 2352 2972 ..
2372 2965 2381 2973 .
2405 2923 2571 2986 inquit.

1548 3002 1664 3052 Non
1683 3003 1744 3050 de
1762 3004 1956 3052 duobus
1976 3002 2060 3049 bic
2078 3002 2259 3064 agitur,
2275 3001 2361 3048 sed
2376 3001 2438 3049 de
2456 3017 2573 3065 uno,

1551 3081 1810 3129 luxurioso
1836 3092 1885 3129 et
1916 3080 2089 3144 guloso
2114 3078 2312 3126 bomine
2329 3111 2344 3135 ,
2396 3078 2570 3127 Publio

1551 3160 1738 3208 scilicet
1760 3159 2007 3207 Gallonio.
2030 3186 2097 3193 —-
2112 3154 2185 3204 De
2203 3157 2297 3204 isto
2320 3156 2568 3218 Gallonio,

1550 3253 1803 3301 precone,
1833 3236 1945 3283 vide
1980 3235 2252 3283 orationem
2288 3250 2380 3298 pro
2415 3236 2570 3299 Quin-

1550 3316 1653 3374 tio,
1681 3331 1786 3379 cap.
1809 3317 1907 3373 30;
1951 3314 2062 3363 intt.
2100 3313 2163 3361 ad
2201 3315 2372 3361 Horat.
2412 3316 2566 3363 Serm.

1550 3393 1637 3440 lib.
1666 3396 1745 3451 11,
1783 3410 1839 3451 2,
1886 3410 1960 3442 va.
1994 3379 2092 3454 ω’,
2121 3392 2208 3456 qai
2234 3392 2364 3441 idem
2393 3393 2456 3441 aa
2480 3394 2571 3442 1:0⁸

1551 3488 1718 3519 versus
1737 3474 1932 3537 respicit
1956 3489 1969 3521 2
1995 3471 2219 3537 inprimis
2242 3482 2403 3519 sutem
2429 3474 2570 3520 Don-

1549 3567 1654 3598 zam
1693 3550 1757 3598 ad
1797 3551 1971 3599 Lucilii
2010 3552 2246 3615 Fragmm.
2284 3566 2395 3614 pag.
2446 3547 2567 3609 284.

1549 3631 1780 3679 Ceterum
1807 3646 1957 3695 prave
1980 3632 2095 3677 Em.
2124 3627 2281 3693 inquit
2300 3665 2316 3690 ,
2351 3641 2409 3678 ut
2433 3646 2461 3677 a
2488 3631 2570 3678 Ci-

1550 3725 1726 3763 cetone
1774 3700 2046 3773 profectum
2074 3742 2087 3766 ,
2141 3707 2326 3756 scribit.
2395 3708 2571 3757 Laelius

1551 3792 1621 3836 sic
1650 3789 1855 3852 loquens
1882 3788 2393 3837 inducitur.——Paullo
2419 3799 2532 3852 post
2550 3825 2564 3845 ,

1550 3868 1718 3915 omnia
1894 3864 2135 3913 consumis
2156 3900 2170 3922 ,
2213 3865 2248 3913 i.
2293 3882 2334 3913 e.
2383 3866 2569 3930 ingenti

1548 3947 1710 4011 pretio
1734 3946 2002 3993 emis.—1n
2026 3944 2185 3992 verbis
2211 3943 2421 4008 denique
2442 3946 2568 3992 «aci-

1548 4041 1751 4090 pensere
1812 4040 1922 4072 cum
1981 4023 2249 4070 decumano
2302 4045 2326 4064 ι·
2371 4022 2572 4085 corrigit

1550 4102 1719 4151 Lamb.
1750 4118 1859 4149 cum
1893 4101 2082 4167 (quum)
2116 4100 2192 4157 in,
2233 4100 2365 4163 qnod
2396 4099 2571 4164 probat

1550 4182 1676 4229 Dav.
1689 4183 1763 4228 Ita
1778 4190 1906 4228 certe
1922 4195 2053 4239 cum,
2072 4179 2142 4226 sic
2163 4179 2335 4241 posita,
2356 4176 2571 4239 paullum

2294 4288 2373 4332 12
