3217 4784
946 703 2060 810 ARGUMENTUM

765 942 1062 1009 LIBRI
1120 940 1519 1028 QUINTI
1580 940 1720 1008 DE
1782 938 2243 1008 FINIBUS.

437 1144 616 1196 Scena
653 1138 822 1215 liujus
857 1136 1028 1208 libri,
1064 1137 1123 1194 in
1157 1156 1275 1214 quo
1312 1136 1592 1196 Antiochi
1620 1135 1968 1196 Ascalonitae
2009 1135 2083 1193 de
2122 1135 2335 1195 finibus
2379 1137 2568 1196 bono-

519 1255 644 1292 rum
674 1235 955 1293 sententia
982 1235 1345 1306 continetur,
1374 1234 1624 1293 Athenas
1656 1233 1963 1306 translata,
1997 1233 2163 1310 fingit
2198 1235 2432 1306 Cicero,
2467 1255 2572 1293 au-

517 1332 640 1390 dito
662 1334 718 1390 in
741 1332 1050 1391 Ptolemaeo
1074 1331 1232 1389 horis
1251 1330 1716 1390 antemeridianis
1730 1329 2040 1401 Antiocho,
2062 1331 2399 1390 convenisse
2423 1332 2572 1389 inter

516 1451 608 1501 se,
648 1435 730 1487 M.
749 1430 1042 1501 Pisonem,
1064 1436 1138 1503 Q.
1166 1431 1401 1488 fratrem
1417 1471 1435 1500 ,
1460 1433 1526 1487 T.
1550 1427 1957 1505 Pomponium,
1975 1432 2042 1485 L.
2062 1425 2400 1485 Ciceronem
2428 1441 2486 1485 et
2511 1449 2570 1485 se

516 1528 705 1604 ipsum
729 1527 803 1585 de
827 1526 1222 1585 ambulatione
1254 1526 1313 1583 in
1342 1525 1716 1584 Academiam
1747 1523 2232 1602 postmeridiana,
2263 1535 2327 1580 ut
2353 1525 2459 1583 soli
2491 1526 2571 1582 ibi

514 1645 707 1683 secum
749 1637 971 1683 essent:
1018 1623 1376 1702 gymnasium
1417 1621 1567 1680 enim
1607 1621 1752 1680 illud
1799 1622 2093 1680 matutinis
2133 1621 2380 1680 maxime
2413 1622 2571 1681 horis

513 1721 934 1780 celebrabatur.
970 1727 1102 1794 Quo
1145 1739 1323 1797 quum
1361 1720 1687 1787 venissent,
1737 1720 1870 1778 Piso
1905 1739 1976 1777 ex
2019 1733 2258 1797 angusta
2300 1720 2412 1777 loci
2449 1741 2571 1778 me-

512 1818 693 1877 moria
730 1837 1053 1876 sermonem
1081 1837 1152 1875 eo
1182 1817 1390 1887 flectit,
1417 1830 1482 1875 ut
1509 1816 1770 1889 miretur,
1793 1828 2010 1894 quanta
2038 1816 2124 1874 vis
2152 1818 2208 1874 in
2238 1816 2379 1874 loeis
2403 1816 2568 1888 insit,

508 1936 656 1992 quos
694 1915 883 1991 magni
932 1915 1072 1972 olim
1105 1914 1216 1971 viri
1265 1914 1755 1991 frequentassent‚
1797 1912 2047 1990 indeque
2097 1914 2386 1972 memoriae
2430 1915 2568 1972 artis

509 2032 614 2089 per
648 2010 1006 2072 Simonidem
1048 2010 1438 2069 inventionem
1482 2010 1649 2071 facile
1685 2009 1796 2068 sibi
1838 2009 2106 2087 explicat.
2147 2015 2295 2069 Tum
2339 2031 2566 2078 omneS‚

506 2109 606 2186 qui
636 2129 750 2168 una
780 2122 1092 2179 venerant,
1119 2110 1384 2167 locorum
1413 2108 1705 2166 vicinitate
1730 2106 2047 2178 admoniti,
2080 2107 2290 2165 horum
2322 2108 2568 2185 antiqui-

509 2207 641 2264 tatis
684 2207 941 2267 virorum
989 2207 1322 2264 memoriam
1370 2206 1663 2276 recolunt,
1709 2204 1782 2263 ad
1831 2225 2082 2283 quorum
2125 2204 2566 2264 admirationem

506 2303 1001 2380 imitationemque
1035 2302 1229 2361 studio
1269 2302 1517 2378 quisque
1552 2320 1659 2359 suo
1703 2299 2091 2359 invitabatur:
2139 2303 2273 2361 Piso
2313 2304 2567 2361 Platonis

504 2399 969 2477 Aristotelisque,
998 2412 1056 2457 et
1086 2398 1187 2476 qui
1225 2398 1298 2455 ab
1333 2398 1423 2457 his
1454 2398 1665 2473 insigni
1700 2396 1932 2454 nomine
1967 2397 2338 2473 prodierunt3
2374 2401 2565 2471 Quin-

509 2509 598 2554 tus
626 2497 964 2574 Sophoclis,
992 2495 1349 2573 Pomponius
1378 2494 1646 2572 Epicuri,
1689 2500 1915 2552 Marcus
1951 2493 2320 2565 charmadan,
2354 2496 2567 2553 Lucius

505 2593 766 2665 Periclis»,
800 2592 1232 2663 Demosthenis,
1263 2590 1579 2659 AEschinis,
1615 2598 1645 2661 S
1684 2591 1805 2648 1-5.
1840 2595 1970 2663 Qua
2005 2592 2306 2650 occasione
2333 2605 2566 2670 arrepta

502 2684 635 2749 Piso
663 2692 906 2750 Lucium
936 2689 1299 2760 cohortatur,
1323 2702 1386 2746 ut
1414 2688 1756 2765 eloquentiae
1779 2688 1973 2746 studio
1997 2688 2142 2747 illud
2170 2709 2405 2767 quoque
2430 2691 2565 2767 phi-

504 2789 784 2866 tosophiae
809 2788 1084 2866 adjungat
1111 2810 1123 2844 :
1150 2807 1445 2865 quumque
1477 2786 1600 2857 hic,
1627 2786 1812 2844 Marci
1836 2787 2103 2864 exemplo
2122 2830 2137 2857 ‚
2179 2788 2253 2846 ad
2279 2802 2562 2846 recentem

504 2886 750 2943 maxime
773 2885 1148 2943 Academiam
1177 2884 1506 2956 inclinaret,
1552 2883 1612 2941 id
1647 2884 1742 2941 ille
1773 2885 1923 2961 agit,
1963 2899 2030 2941 ut
2053 2904 2184 2943 eum
2214 2884 2287 2942 ad
2309 2899 2561 2943 veterem

500 2981 685 3051 illam,
712 2993 771 3038 et
799 2981 1160 3057 potissimum
1193 2979 1267 3038 ad
1294 2981 1660 3040 Aristotelem
1677 3024 1693 3051 ‚
1719 2982 2253 3059 Peripateticosque
2280 2981 2561 3040 traducat.

499 3077 679 3154 Cujus
717 3076 803 3135 rei
837 3096 1039 3146 causa,
1068 3091 1420 3155 provocatus
1460 3098 1495 3136 a
1533 3082 1765 3148 Marco,
1795 3090 2055 3135 veterum
2088 3076 2298 3135 horum
2331 3076 2405 3136 de
2434 3079 2565 3135 fini-

500 3175 612 3237 bus
653 3173 946 3232 bonorum
989 3173 1356 3243 sententiam,
1395 3173 1495 3231 sed
1530 3193 1602 3231 ex
1651 3172 1918 3230 Antiochi
1961 3186 2154 3231 mente
2198 3187 2256 3232 et
2305 3174 2563 3247 ratione,

498 3271 717 3348 quippe
744 3288 917 3347 quem
947 3268 1192 3327 maxime
1224 3267 1505 3339 audisset,
1531 3279 1791 3339 enarrat,
1830 3273 1861 3339 5
1889 3268 2019 3326 6-8.

576 3365 908 3446 Ingreditur
948 3364 1271 3424 orationem
1312 3364 1425 3432 sic,
1468 3376 1533 3421 ut
1575 3363 1827 3440 primum
1866 3362 1942 3423 de
1982 3363 2197 3441 triplici
2237 3364 2561 3445 disciplinae

500 3469 712 3536 forma,
743 3474 1074 3541 quantaque
1101 3464 1160 3521 in
1186 3461 1424 3540 singulis
1455 3459 1627 3537 hujus
1660 3460 1925 3539 partibus
1953 3463 2292 3522 Aristoteles
2322 3463 2562 3543 ejusque

499 3576 836 3630 sectatores,
862 3560 924 3617 in
953 3559 1139 3638 iisque
1164 3560 1412 3618 maxime
1433 3557 1908 3636 Theophras-tua,
1938 3559 2337 3637 praestiterint,
2373 3581 2558 3640 expo-

499 3674 617 3719 nat.
658 3663 938 3719 Naturam
966 3657 1096 3715 illos
1128 3657 1208 3715 ita
1247 3655 1648 3733 investigasse,
1689 3670 1753 3714 ut
1792 3676 1920 3715 eam
1959 3676 2139 3734 quum
2188 3657 2545 3729 universam,

499 3772 621 3816 tum
646 3768 838 3835 partes
862 3755 986 3832 ejus
1017 3753 1268 3831 singulas
1295 3772 1557 3831 quasque
1582 3752 2020 3831 diligentissime
2048 3769 2563 3832 persequerentur·

499 3851 832 3915 Disserendi
860 3863 1149 3929 praecepta
1187 3869 1389 3909 eorum
1427 3868 1592 3927 aeque
1628 3850 1944 3908 oratoriam
1975 3863 2193 3921 artem,
2232 3865 2406 3928 atque
2433 3852 2561 3910 dia-—

495 3953 754 4012 lecticam
781 3948 1309 4028 comprehendere:
1341 3948 1712 4026 primumque
1741 3948 2053 4006 instituisse
2076 3948 2435 4007 Aristotelem
2454 3995 2470 4021 ‚
2496 3964 2558 4007 ut

494 4050 568 4107 de
595 4049 835 4127 singulis
867 4047 1040 4107 rebus
1070 4047 1128 4105 in
1162 4059 1463 4124 utramque
1493 4059 1718 4123 partem
1745 4044 2055 4105 diceretur.
2080 4049 2146 4103 In
2180 4047 2343 4104 tertia
2368 4059 2554 4105 autem

497 4158 696 4222 parte,
723 4166 852 4225 quae
879 4144 1030 4205 bene
1072 4144 1300 4204 vivendi
1342 4164 1527 4222 praecc
1546 4157 1642 4223 pta
1689 4142 2200 4221 complectebatur,
2241 4162 2356 4200 non
2393 4143 2571 4202 modo
