<?xml version="1.0" encoding="UTF-8"?>
<!DOCTYPE html PUBLIC "-//W3C//DTD XHTML 1.0 Transitional//EN"
    "http://www.w3.org/TR/xhtml1/DTD/xhtml1-transitional.dtd">
<html xmlns="http://www.w3.org/1999/xhtml" xml:lang="en" lang="en">
 <head>
  <title>
</title>
<meta http-equiv="Content-Type" content="text/html;charset=utf-8" />
  <meta name='ocr-system' content='tesseract 3.04.00' />
  <meta name='ocr-capabilities' content='ocr_page ocr_carea ocr_par ocr_line ocrx_word'/>
</head>
<body>
  <div class='ocr_page' id='page_1' title='image "./mtciceronisquae00clergoog/mtciceronisquae00clergoog_0493.png"; bbox 0 0 3217 4784; ppageno 0'>
   <div class='ocr_carea' id='block_1_1' title="bbox 838 334 2561 482">
    <p class='ocr_par' dir='ltr' id='par_1_1' title="bbox 838 334 2561 482">
     <span class='ocr_line' id='line_1_1' title="bbox 838 334 2561 482; baseline -0.001 -25"><span class='ocrx_word' id='word_1_1' title='bbox 838 389 962 457; x_wconf 85' lang='lat' dir='ltr'><strong>DE</strong></span> <span class='ocrx_word' id='word_1_2' title='bbox 1008 387 1181 458; x_wconf 76' lang='lat' dir='ltr'><strong>rm.</strong></span> <span class='ocrx_word' id='word_1_3' title='bbox 1237 388 1439 457; x_wconf 62' lang='lat' dir='ltr'><strong>Bon.</strong></span> <span class='ocrx_word' id='word_1_4' title='bbox 1491 389 1607 456; x_wconf 88' lang='lat' dir='ltr'><strong>ET</strong></span> <span class='ocrx_word' id='word_1_5' title='bbox 1658 388 1870 457; x_wconf 85' lang='lat' dir='ltr'><strong>MAL.</strong></span> <span class='ocrx_word' id='word_1_6' title='bbox 1904 334 2026 470; x_wconf 55' lang='lat' dir='ltr'><strong>n),</strong></span> <span class='ocrx_word' id='word_1_7' title='bbox 2073 384 2175 456; x_wconf 88' lang='lat'><strong>13.</strong></span> <span class='ocrx_word' id='word_1_8' title='bbox 2419 385 2561 482; x_wconf 71' lang='lat'><strong>473</strong></span> 
     </span>
    </p>
   </div>
   <div class='ocr_carea' id='block_1_2' title="bbox 435 505 2569 1154">
    <p class='ocr_par' dir='ltr' id='par_1_2' title="bbox 435 505 2569 1154">
     <span class='ocr_line' id='line_1_2' title="bbox 446 505 2564 614; baseline -0 -34"><span class='ocrx_word' id='word_1_9' title='bbox 446 533 656 580; x_wconf 86' lang='lat' dir='ltr'><strong>mam.</strong></span> <span class='ocrx_word' id='word_1_10' title='bbox 695 513 857 581; x_wconf 83' lang='lat' dir='ltr'><strong>Una</strong></span> <span class='ocrx_word' id='word_1_11' title='bbox 887 509 1220 614; x_wconf 65' lang='lat' dir='ltr'><strong>voluptas</strong></span> <span class='ocrx_word' id='word_1_12' title='bbox 1253 535 1293 580; x_wconf 85' lang='lat' dir='ltr'><strong>e</strong></span> <span class='ocrx_word' id='word_1_13' title='bbox 1330 507 1576 580; x_wconf 85' lang='lat' dir='ltr'><strong>multis</strong></span> <span class='ocrx_word' id='word_1_14' title='bbox 1619 506 2124 579; x_wconf 84' lang='lat' dir='ltr'><strong>obscuratur²¹</strong></span> <span class='ocrx_word' id='word_1_15' title='bbox 2168 507 2244 577; x_wconf 88' lang='lat' dir='ltr'><strong>in</strong></span> <span class='ocrx_word' id='word_1_16' title='bbox 2276 505 2393 578; x_wconf 84' lang='lat' dir='ltr'><strong>illa</strong></span> <span class='ocrx_word' id='word_1_17' title='bbox 2419 509 2564 579; x_wconf 85' lang='lat' dir='ltr'><strong>vita</strong></span> 
     </span>
     <span class='ocr_line' id='line_1_3' title="bbox 443 617 2568 716; baseline 0 -29"><span class='ocrx_word' id='word_1_18' title='bbox 443 618 880 716; x_wconf 81' lang='lat' dir='ltr'><strong>voluptaria:</strong></span> <span class='ocrx_word' id='word_1_19' title='bbox 913 617 1039 690; x_wconf 84' lang='lat' dir='ltr'><strong>sed</strong></span> <span class='ocrx_word' id='word_1_20' title='bbox 1071 632 1311 690; x_wconf 88' lang='lat' dir='ltr'><strong>tamen</strong></span> <span class='ocrx_word' id='word_1_21' title='bbox 1343 644 1424 689; x_wconf 83' lang='lat' dir='ltr'><strong>ea</strong></span> <span class='ocrx_word' id='word_1_22' title='bbox 1445 673 1465 703; x_wconf 89' lang='lat'><strong>,</strong></span> <span class='ocrx_word' id='word_1_23' title='bbox 1496 620 1822 715; x_wconf 87' lang='lat' dir='ltr'><strong>quamvis</strong></span> <span class='ocrx_word' id='word_1_24' title='bbox 1860 641 2074 716; x_wconf 85' lang='lat' dir='ltr'><strong>parva</strong></span> <span class='ocrx_word' id='word_1_25' title='bbox 2106 620 2196 687; x_wconf 88' lang='lat' dir='ltr'><strong>sit</strong></span> <span class='ocrx_word' id='word_1_26' title='bbox 2215 671 2234 704; x_wconf 91' lang='lat'><strong>‚</strong></span> <span class='ocrx_word' id='word_1_27' title='bbox 2268 640 2431 714; x_wconf 86' lang='lat' dir='ltr'><strong>pars</strong></span> <span class='ocrx_word' id='word_1_28' title='bbox 2460 630 2568 687; x_wconf 85' lang='lat' dir='ltr'><strong>est</strong></span> 
     </span>
     <span class='ocr_line' id='line_1_4' title="bbox 442 726 2566 827; baseline -0.001 -29"><span class='ocrx_word' id='word_1_29' title='bbox 442 729 598 823; x_wconf 86' lang='lat' dir='ltr'><strong>ejus</strong></span> <span class='ocrx_word' id='word_1_30' title='bbox 635 732 824 808; x_wconf 80' lang='lat' dir='ltr'><strong>vitae.</strong></span> <span class='ocrx_word' id='word_1_31' title='bbox 880 754 1040 826; x_wconf 86' lang='lat' dir='ltr'><strong>quae</strong></span> <span class='ocrx_word' id='word_1_32' title='bbox 1089 733 1320 827; x_wconf 86' lang='lat' dir='ltr'><strong>posita</strong></span> <span class='ocrx_word' id='word_1_33' title='bbox 1374 743 1482 798; x_wconf 90' lang='lat' dir='ltr'><strong>est</strong></span> <span class='ocrx_word' id='word_1_34' title='bbox 1531 731 1607 796; x_wconf 88' lang='lat' dir='ltr'><strong>in</strong></span> <span class='ocrx_word' id='word_1_35' title='bbox 1649 726 2040 826; x_wconf 86' lang='lat' dir='ltr'><strong>voluptate.</strong></span> <span class='ocrx_word' id='word_1_36' title='bbox 2094 729 2447 797; x_wconf 88' lang='lat' dir='ltr'><strong>Nummus</strong></span> <span class='ocrx_word' id='word_1_37' title='bbox 2491 728 2566 795; x_wconf 92' lang='lat' dir='ltr'><strong>in</strong></span> 
     </span>
     <span class='ocr_line' id='line_1_5' title="bbox 439 837 2561 934; baseline -0.002 -26"><span class='ocrx_word' id='word_1_38' title='bbox 439 842 666 911; x_wconf 88' lang='lat' dir='ltr'><strong>Croesi</strong></span> <span class='ocrx_word' id='word_1_39' title='bbox 690 838 952 910; x_wconf 87' lang='lat' dir='ltr'><strong>divitiis</strong></span> <span class='ocrx_word' id='word_1_40' title='bbox 980 837 1449 910; x_wconf 85' lang='lat' dir='ltr'><strong>obscuratur:</strong></span> <span class='ocrx_word' id='word_1_41' title='bbox 1475 862 1638 934; x_wconf 86' lang='lat' dir='ltr'><strong>pars</strong></span> <span class='ocrx_word' id='word_1_42' title='bbox 1669 852 1775 907; x_wconf 86' lang='lat' dir='ltr'><strong>est</strong></span> <span class='ocrx_word' id='word_1_43' title='bbox 1801 848 2110 910; x_wconf 70' lang='lat' dir='ltr'><strong>tamen²²</strong></span> <span class='ocrx_word' id='word_1_44' title='bbox 2133 837 2561 908; x_wconf 84' lang='lat' dir='ltr'><strong>divitiarum.</strong></span> 
     </span>
     <span class='ocr_line' id='line_1_6' title="bbox 437 945 2569 1043; baseline -0.002 -24"><span class='ocrx_word' id='word_1_45' title='bbox 437 950 677 1038; x_wconf 80' lang='lat' dir='ltr'><strong>Quare</strong></span> <span class='ocrx_word' id='word_1_46' title='bbox 722 947 1204 1018; x_wconf 83' lang='lat' dir='ltr'><strong>obscurentur</strong></span> <span class='ocrx_word' id='word_1_47' title='bbox 1244 950 1456 1019; x_wconf 86' lang='lat' dir='ltr'><strong>etiam</strong></span> <span class='ocrx_word' id='word_1_48' title='bbox 1496 946 1685 1033; x_wconf 82' lang='lat' dir='ltr'><strong>haec,</strong></span> <span class='ocrx_word' id='word_1_49' title='bbox 1725 971 1887 1043; x_wconf 85' lang='lat' dir='ltr'><strong>quae</strong></span> <span class='ocrx_word' id='word_1_50' title='bbox 1918 945 2320 1018; x_wconf 87' lang='lat' dir='ltr'><strong>secuudum</strong></span> <span class='ocrx_word' id='word_1_51' title='bbox 2366 959 2569 1015; x_wconf 87' lang='lat' dir='ltr'><strong>natu-</strong></span> 
     </span>
     <span class='ocr_line' id='line_1_7' title="bbox 435 1055 2565 1154; baseline -0.001 -26"><span class='ocrx_word' id='word_1_52' title='bbox 435 1083 585 1129; x_wconf 86' lang='lat' dir='ltr'><strong>ram</strong></span> <span class='ocrx_word' id='word_1_53' title='bbox 642 1081 795 1128; x_wconf 82' lang='lat' dir='ltr'><strong>esse</strong></span> <span class='ocrx_word' id='word_1_54' title='bbox 854 1056 1204 1146; x_wconf 82' lang='lat' dir='ltr'><strong>dicimuS‚</strong></span> <span class='ocrx_word' id='word_1_55' title='bbox 1247 1061 1320 1127; x_wconf 89' lang='lat' dir='ltr'><strong>in</strong></span> <span class='ocrx_word' id='word_1_56' title='bbox 1364 1059 1507 1128; x_wconf 85' lang='lat' dir='ltr'><strong>vita</strong></span> <span class='ocrx_word' id='word_1_57' title='bbox 1563 1055 1776 1128; x_wconf 84' lang='lat' dir='ltr'><strong>beata</strong></span> <span class='ocrx_word' id='word_1_58' title='bbox 1813 1085 1827 1126; x_wconf 75' lang='grc' dir='ltr'><strong><em>ε</em></strong></span> <span class='ocrx_word' id='word_1_59' title='bbox 1880 1059 2026 1127; x_wconf 86' lang='lat' dir='ltr'><strong>sint</strong></span> <span class='ocrx_word' id='word_1_60' title='bbox 2068 1056 2291 1127; x_wconf 88' lang='lat' dir='ltr'><strong>modo</strong></span> <span class='ocrx_word' id='word_1_61' title='bbox 2329 1071 2565 1154; x_wconf 85' lang='lat' dir='ltr'><strong>partes</strong></span> 
     </span>
    </p>
   </div>
   <div class='ocr_carea' id='block_1_3' title="bbox 433 1164 2666 1375">
    <p class='ocr_par' dir='ltr' id='par_1_3' title="bbox 433 1164 2666 1375">
     <span class='ocr_line' id='line_1_8' title="bbox 433 1164 964 1238; baseline 0.002 -1"><span class='ocrx_word' id='word_1_62' title='bbox 433 1165 658 1238; x_wconf 86' lang='lat' dir='ltr'><strong>beatae</strong></span> <span class='ocrx_word' id='word_1_63' title='bbox 696 1164 964 1238; x_wconf 76' lang='lat' dir='ltr'><strong>vitae23.</strong></span> 
     </span>
     <span class='ocr_line' id='line_1_9' title="bbox 530 1274 2666 1375; baseline -0.001 -27"><span class='ocrx_word' id='word_1_64' title='bbox 530 1281 718 1348; x_wconf 89' lang='lat' dir='ltr'><strong>XIII.</strong></span> <span class='ocrx_word' id='word_1_65' title='bbox 767 1281 1018 1375; x_wconf 83' lang='lat' dir='ltr'><strong>Atqui,</strong></span> <span class='ocrx_word' id='word_1_66' title='bbox 1049 1278 1144 1366; x_wconf 89' lang='lat' dir='ltr'><strong>si,</strong></span> <span class='ocrx_word' id='word_1_67' title='bbox 1172 1288 1296 1348; x_wconf 88' lang='lat' dir='ltr'><strong>ut¹</strong></span> <span class='ocrx_word' id='word_1_68' title='bbox 1334 1276 1726 1349; x_wconf 84' lang='lat' dir='ltr'><strong>convenire</strong></span> <span class='ocrx_word' id='word_1_69' title='bbox 1771 1274 1989 1348; x_wconf 86' lang='lat' dir='ltr'><strong>debet</strong></span> <span class='ocrx_word' id='word_1_70' title='bbox 2027 1276 2215 1347; x_wconf 87' lang='lat' dir='ltr'><strong>inter</strong></span> <span class='ocrx_word' id='word_1_71' title='bbox 2247 1302 2414 1365; x_wconf 88' lang='lat' dir='ltr'><strong>nos,</strong></span> <span class='ocrx_word' id='word_1_72' title='bbox 2455 1290 2562 1347; x_wconf 86' lang='lat' dir='ltr'><strong>est</strong></span> <span class='ocrx_word' id='word_1_73' title='bbox 2597 1281 2666 1332; x_wconf 81' lang='lat'><strong>32</strong></span> 
     </span>
    </p>
   </div>
   <div class='ocr_carea' id='block_1_4' title="bbox 429 1358 2562 1700">
    <p class='ocr_par' dir='ltr' id='par_1_4' title="bbox 429 1358 2562 1700">
     <span class='ocr_line' id='line_1_10' title="bbox 431 1358 2561 1484; baseline 0 -28"><span class='ocrx_word' id='word_1_74' title='bbox 431 1386 757 1482; x_wconf 85' lang='lat' dir='ltr'><strong>quaedam</strong></span> <span class='ocrx_word' id='word_1_75' title='bbox 784 1388 1134 1484; x_wconf 85' lang='lat' dir='ltr'>appetitio</span> <span class='ocrx_word' id='word_1_76' title='bbox 1154 1358 1496 1457; x_wconf 84' lang='lat' dir='ltr'><strong>naturalis</strong></span> <span class='ocrx_word' id='word_1_77' title='bbox 1510 1409 1616 1473; x_wconf 84' lang='lat' dir='ltr'><strong>ea,</strong></span> <span class='ocrx_word' id='word_1_78' title='bbox 1638 1411 1792 1482; x_wconf 84' lang='lat' dir='ltr'><strong>quae</strong></span> <span class='ocrx_word' id='word_1_79' title='bbox 1810 1384 2081 1456; x_wconf 86' lang='lat' dir='ltr'><strong>secund</strong></span> <span class='ocrx_word' id='word_1_80' title='bbox 2091 1410 2210 1456; x_wconf 87' lang='lat' dir='ltr'><strong>um</strong></span> <span class='ocrx_word' id='word_1_81' title='bbox 2232 1402 2561 1457; x_wconf 83' lang='lat' dir='ltr'><strong>naturam</strong></span> 
     </span>
     <span class='ocr_line' id='line_1_11' title="bbox 429 1494 2562 1594; baseline -0.001 -28"><span class='ocrx_word' id='word_1_82' title='bbox 429 1511 639 1584; x_wconf 88' lang='lat' dir='ltr'><strong>sunt,</strong></span> <span class='ocrx_word' id='word_1_83' title='bbox 687 1506 1124 1594; x_wconf 74' lang='lat' dir='ltr'><strong>appetens2·</strong></span> <span class='ocrx_word' id='word_1_84' title='bbox 1108 1551 1127 1585; x_wconf 89' lang='lat'>‚</span> <span class='ocrx_word' id='word_1_85' title='bbox 1168 1520 1421 1567; x_wconf 87' lang='lat' dir='ltr'><strong>eorum</strong></span> <span class='ocrx_word' id='word_1_86' title='bbox 1461 1498 1785 1566; x_wconf 85' lang='lat' dir='ltr'><strong>omnium</strong></span> <span class='ocrx_word' id='word_1_87' title='bbox 1844 1511 1952 1566; x_wconf 84' lang='lat' dir='ltr'><strong>est</strong></span> <span class='ocrx_word' id='word_1_88' title='bbox 2004 1494 2240 1591; x_wconf 87' lang='lat' dir='ltr'><strong>aliqua</strong></span> <span class='ocrx_word' id='word_1_89' title='bbox 2284 1519 2562 1565; x_wconf 86' lang='lat' dir='ltr'><strong>summa</strong></span> 
     </span>
     <span class='ocr_line' id='line_1_12' title="bbox 430 1601 2560 1700; baseline -0.001 -24"><span class='ocrx_word' id='word_1_90' title='bbox 430 1604 776 1679; x_wconf 82' lang='lat' dir='ltr'><strong>facienda.</strong></span> <span class='ocrx_word' id='word_1_91' title='bbox 802 1611 971 1699; x_wconf 88' lang='lat' dir='ltr'><strong>Quo</strong></span> <span class='ocrx_word' id='word_1_92' title='bbox 999 1608 1394 1677; x_wconf 85' lang='lat' dir='ltr'><strong>constituto</strong></span> <span class='ocrx_word' id='word_1_93' title='bbox 1413 1658 1431 1689; x_wconf 88' lang='lat'>‚</span> <span class='ocrx_word' id='word_1_94' title='bbox 1459 1620 1611 1675; x_wconf 88' lang='lat' dir='ltr'><strong>tum</strong></span> <span class='ocrx_word' id='word_1_95' title='bbox 1645 1601 1920 1676; x_wconf 79' lang='lat' dir='ltr'><strong>licebit³</strong></span> <span class='ocrx_word' id='word_1_96' title='bbox 1950 1608 2176 1675; x_wconf 88' lang='lat' dir='ltr'><strong>otiose</strong></span> <span class='ocrx_word' id='word_1_97' title='bbox 2211 1605 2344 1676; x_wconf 90' lang='lat' dir='ltr'><strong>ista</strong></span> <span class='ocrx_word' id='word_1_98' title='bbox 2376 1627 2560 1700; x_wconf 82' lang='lat' dir='ltr'><strong>quae-</strong></span> 
     </span>
    </p>
   </div>
   <div class='ocr_carea' id='block_1_5' title="bbox 496 1763 1445 1831">
    <p class='ocr_par' dir='ltr' id='par_1_5' title="bbox 496 1763 1445 1831">
     <span class='ocr_line' id='line_1_13' title="bbox 496 1763 1445 1831; baseline -0.001 -18"><span class='ocrx_word' id='word_1_99' title='bbox 496 1781 579 1814; x_wconf 80' lang='lat'><strong>21.</strong></span> <span class='ocrx_word' id='word_1_100' title='bbox 638 1763 754 1813; x_wconf 83' lang='lat' dir='ltr'><strong>Una</strong></span> <span class='ocrx_word' id='word_1_101' title='bbox 803 1765 1060 1831; x_wconf 78' lang='lat' dir='ltr'><strong>voluptas.</strong></span> <span class='ocrx_word' id='word_1_102' title='bbox 1080 1799 1093 1811; x_wconf 88' lang='lat'><strong>.</strong></span> <span class='ocrx_word' id='word_1_103' title='bbox 1118 1765 1445 1813; x_wconf 71' lang='lat' dir='ltr'><strong>‚obs-curatur.</strong></span> 
     </span>
    </p>
   </div>
   <div class='ocr_carea' id='block_1_6' title="bbox 1536 1763 2556 1829">
    <p class='ocr_par' dir='ltr' id='par_1_6' title="bbox 1536 1763 2556 1829">
     <span class='ocr_line' id='line_1_14' title="bbox 1536 1763 2556 1829; baseline 0 -18"><span class='ocrx_word' id='word_1_104' title='bbox 1536 1764 1821 1813; x_wconf 75' lang='lat' dir='ltr'><strong>anbinum</strong></span> <span class='ocrx_word' id='word_1_105' title='bbox 1882 1763 2167 1813; x_wconf 74' lang='lat' dir='ltr'><strong>offendebat</strong></span> <span class='ocrx_word' id='word_1_106' title='bbox 2188 1798 2203 1824; x_wconf 89' lang='lat'><em>‚</em></span> <span class='ocrx_word' id='word_1_107' title='bbox 2257 1764 2398 1828; x_wconf 84' lang='lat' dir='ltr'><strong>quod</strong></span> <span class='ocrx_word' id='word_1_108' title='bbox 2453 1765 2556 1829; x_wconf 78' lang='lat' dir='ltr'><strong>ipsa</strong></span> 
     </span>
    </p>
   </div>
   <div class='ocr_carea' id='block_1_7' title="bbox 425 1842 2556 1908">
    <p class='ocr_par' dir='ltr' id='par_1_7' title="bbox 425 1842 2556 1908">
     <span class='ocr_line' id='line_1_15' title="bbox 425 1842 2556 1908; baseline -0.001 -17"><span class='ocrx_word' id='word_1_109' title='bbox 425 1847 468 1893; x_wconf 86' lang='lat'><strong>1.</strong></span> <span class='ocrx_word' id='word_1_110' title='bbox 490 1859 532 1893; x_wconf 87' lang='lat' dir='ltr'><strong>e.</strong></span> <span class='ocrx_word' id='word_1_111' title='bbox 557 1867 581 1885; x_wconf 72' lang='grc' dir='ltr'><strong>α</strong></span> <span class='ocrx_word' id='word_1_112' title='bbox 605 1844 647 1891; x_wconf 88' lang='lat' dir='ltr'><strong>si</strong></span> <span class='ocrx_word' id='word_1_113' title='bbox 664 1844 743 1891; x_wconf 82' lang='lat' dir='ltr'><strong>vel</strong></span> <span class='ocrx_word' id='word_1_114' title='bbox 766 1860 860 1891; x_wconf 73' lang='lat' dir='ltr'><strong>una</strong></span> <span class='ocrx_word' id='word_1_115' title='bbox 884 1843 1109 1908; x_wconf 81' lang='lat' dir='ltr'><strong>voluptas</strong></span> <span class='ocrx_word' id='word_1_116' title='bbox 1137 1843 1243 1890; x_wconf 86' lang='lat' dir='ltr'><strong>obs.</strong></span> <span class='ocrx_word' id='word_1_117' title='bbox 1264 1865 1290 1885; x_wconf 77' lang='grc' dir='ltr'><strong>ι»</strong></span> <span class='ocrx_word' id='word_1_118' title='bbox 1311 1854 1358 1891; x_wconf 87' lang='lat' dir='ltr'><strong>et</strong></span> <span class='ocrx_word' id='word_1_119' title='bbox 1376 1843 1447 1890; x_wconf 86' lang='lat' dir='ltr'><strong>sic</strong></span> <span class='ocrx_word' id='word_1_120' title='bbox 1535 1842 1764 1906; x_wconf 77' lang='lat' dir='ltr'><em>appetitio</em></span> <span class='ocrx_word' id='word_1_121' title='bbox 1814 1843 2002 1906; x_wconf 75' lang='lat' dir='ltr'><strong>aliquid</strong></span> <span class='ocrx_word' id='word_1_122' title='bbox 2046 1854 2273 1908; x_wconf 80' lang='lat' dir='ltr'><strong>appetere</strong></span> <span class='ocrx_word' id='word_1_123' title='bbox 2334 1842 2556 1899; x_wconf 60' lang='lat' dir='ltr'><strong>dicatum</strong></span> 
     </span>
    </p>
   </div>
   <div class='ocr_carea' id='block_1_8' title="bbox 408 1921 1443 3484">
    <p class='ocr_par' dir='ltr' id='par_1_8' title="bbox 418 1921 1443 2297">
     <span class='ocr_line' id='line_1_16' title="bbox 422 1921 1443 1979; baseline -0.001 -12"><span class='ocrx_word' id='word_1_124' title='bbox 422 1922 649 1979; x_wconf 86' lang='lat' dir='ltr'><strong>inferius,</strong></span> <span class='ocrx_word' id='word_1_125' title='bbox 673 1942 699 1964; x_wconf 72' lang='grc' dir='ltr'><strong>α</strong></span> <span class='ocrx_word' id='word_1_126' title='bbox 723 1922 762 1968; x_wconf 89' lang='lat' dir='ltr'><strong>si</strong></span> <span class='ocrx_word' id='word_1_127' title='bbox 783 1921 858 1969; x_wconf 83' lang='lat' dir='ltr'><strong>vel</strong></span> <span class='ocrx_word' id='word_1_128' title='bbox 887 1937 1013 1969; x_wconf 87' lang='lat' dir='ltr'><strong>unus</strong></span> <span class='ocrx_word' id='word_1_129' title='bbox 1033 1937 1284 1978; x_wconf 86' lang='lat' dir='ltr'><strong>nummus,</strong></span> <span class='ocrx_word' id='word_1_130' title='bbox 1304 1932 1397 1969; x_wconf 87' lang='lat' dir='ltr'><strong>etc.</strong></span> <span class='ocrx_word' id='word_1_131' title='bbox 1421 1944 1443 1965; x_wconf 72' lang='grc' dir='ltr'>ι</span> 
     </span>
     <span class='ocr_line' id='line_1_17' title="bbox 421 1999 1443 2065; baseline 0.002 -18"><span class='ocrx_word' id='word_1_132' title='bbox 421 2000 565 2048; x_wconf 82' lang='lat' dir='ltr'><strong>Tecta</strong></span> <span class='ocrx_word' id='word_1_133' title='bbox 594 2010 706 2047; x_wconf 87' lang='lat' dir='ltr'><strong>sunt</strong></span> <span class='ocrx_word' id='word_1_134' title='bbox 737 1999 951 2048; x_wconf 78' lang='lat' dir='ltr'><strong>diverbia</strong></span> <span class='ocrx_word' id='word_1_135' title='bbox 981 2016 1070 2065; x_wconf 89' lang='lat' dir='ltr'><strong>pro</strong></span> <span class='ocrx_word' id='word_1_136' title='bbox 1087 2036 1102 2060; x_wconf 93' lang='lat'><strong>,</strong></span> <span class='ocrx_word' id='word_1_137' title='bbox 1126 2022 1148 2043; x_wconf 75' lang='grc' dir='ltr'>ι</span> <span class='ocrx_word' id='word_1_138' title='bbox 1172 2002 1213 2048; x_wconf 89' lang='lat' dir='ltr'><strong>si</strong></span> <span class='ocrx_word' id='word_1_139' title='bbox 1234 2002 1443 2060; x_wconf 81' lang='lat' dir='ltr'><strong>dixeris,</strong></span> 
     </span>
     <span class='ocr_line' id='line_1_18' title="bbox 420 2078 1436 2143; baseline 0.001 -17"><span class='ocrx_word' id='word_1_140' title='bbox 420 2095 566 2126; x_wconf 78' lang='lat' dir='ltr'><strong>unam</strong></span> <span class='ocrx_word' id='word_1_141' title='bbox 616 2078 765 2125; x_wconf 86' lang='lat' dir='ltr'><strong>modo</strong></span> <span class='ocrx_word' id='word_1_142' title='bbox 818 2078 1115 2143; x_wconf 67' lang='lat' dir='ltr'><strong>voluptatem</strong></span> <span class='ocrx_word' id='word_1_143' title='bbox 1161 2080 1436 2135; x_wconf 75' lang='lat' dir='ltr'><strong>obscurari,</strong></span> 
     </span>
     <span class='ocr_line' id='line_1_19' title="bbox 420 2156 1439 2221; baseline 0.004 -17"><span class='ocrx_word' id='word_1_144' title='bbox 420 2167 580 2204; x_wconf 75' lang='lat' dir='ltr'><strong>umen</strong></span> <span class='ocrx_word' id='word_1_145' title='bbox 627 2156 890 2204; x_wconf 75' lang='lat' dir='ltr'><strong>concedes.</strong></span> <span class='ocrx_word' id='word_1_146' title='bbox 909 2173 1063 2206; x_wconf 71' lang='lat' dir='ltr'><strong>..enm</strong></span> <span class='ocrx_word' id='word_1_147' title='bbox 1104 2170 1289 2221; x_wconf 75' lang='lat' dir='ltr'><strong>partem</strong></span> <span class='ocrx_word' id='word_1_148' title='bbox 1339 2175 1439 2208; x_wconf 80' lang='lat' dir='ltr'><strong>esse</strong></span> 
     </span>
     <span class='ocr_line' id='line_1_20' title="bbox 418 2236 943 2297; baseline 0 -14"><span class='ocrx_word' id='word_1_149' title='bbox 418 2237 521 2297; x_wconf 84' lang='lat' dir='ltr'><strong>ejus</strong></span> <span class='ocrx_word' id='word_1_150' title='bbox 547 2236 675 2291; x_wconf 80' lang='lat' dir='ltr'><strong>vitae,</strong></span> <span class='ocrx_word' id='word_1_151' title='bbox 698 2246 790 2282; x_wconf 84' lang='lat' dir='ltr'><strong>etc.</strong></span> <span class='ocrx_word' id='word_1_152' title='bbox 814 2256 840 2276; x_wconf 66' lang='lat' dir='ltr'><strong>a</strong></span> <span class='ocrx_word' id='word_1_153' title='bbox 879 2236 943 2283; x_wconf 88' lang='lat' dir='ltr'><strong>G.</strong></span> 
     </span>
    </p>

    <p class='ocr_par' dir='ltr' id='par_1_9' title="bbox 413 2311 1437 2778">
     <span class='ocr_line' id='line_1_21' title="bbox 490 2311 1434 2379; baseline 0.003 -19"><span class='ocrx_word' id='word_1_154' title='bbox 490 2329 575 2361; x_wconf 65' lang='grc' dir='ltr'><strong>αα.</strong></span> <span class='ocrx_word' id='word_1_155' title='bbox 597 2319 718 2362; x_wconf 80' lang='lat' dir='ltr'><strong>Pars</strong></span> <span class='ocrx_word' id='word_1_156' title='bbox 737 2323 808 2360; x_wconf 81' lang='lat' dir='ltr'><strong>est</strong></span> <span class='ocrx_word' id='word_1_157' title='bbox 822 2323 986 2361; x_wconf 82' lang='lat' dir='ltr'><strong>tamen</strong></span> <span class='ocrx_word' id='word_1_158' title='bbox 1006 2311 1102 2360; x_wconf 72' lang='lat' dir='ltr'><strong>dio.</strong></span> <span class='ocrx_word' id='word_1_159' title='bbox 1116 2317 1258 2362; x_wconf 85' lang='lat' dir='ltr'><strong>Forte</strong></span> <span class='ocrx_word' id='word_1_160' title='bbox 1274 2314 1434 2379; x_wconf 85' lang='lat' dir='ltr'><strong>legen·</strong></span> 
     </span>
     <span class='ocr_line' id='line_1_22' title="bbox 419 2392 1432 2458; baseline 0.002 -18"><span class='ocrx_word' id='word_1_161' title='bbox 419 2392 533 2441; x_wconf 82' lang='lat' dir='ltr'><strong>dum</strong></span> <span class='ocrx_word' id='word_1_162' title='bbox 552 2428 567 2453; x_wconf 90' lang='lat'><strong>,</strong></span> <span class='ocrx_word' id='word_1_163' title='bbox 587 2416 613 2435; x_wconf 74' lang='grc' dir='ltr'><strong>σι</strong></span> <span class='ocrx_word' id='word_1_164' title='bbox 629 2409 742 2458; x_wconf 74' lang='lat' dir='ltr'><strong>pars</strong></span> <span class='ocrx_word' id='word_1_165' title='bbox 759 2403 829 2440; x_wconf 79' lang='lat' dir='ltr'><strong>est</strong></span> <span class='ocrx_word' id='word_1_166' title='bbox 855 2403 1013 2441; x_wconf 82' lang='lat' dir='ltr'><strong>tamen</strong></span> <span class='ocrx_word' id='word_1_167' title='bbox 1034 2392 1310 2455; x_wconf 73' lang='lat' dir='ltr'><strong>divitiarum</strong></span> <span class='ocrx_word' id='word_1_168' title='bbox 1328 2395 1432 2442; x_wconf 78' lang='lat' dir='ltr'><strong>illa-</strong></span> 
     </span>
     <span class='ocr_line' id='line_1_23' title="bbox 417 2472 1433 2535; baseline 0.002 -15"><span class='ocrx_word' id='word_1_169' title='bbox 417 2488 524 2520; x_wconf 87' lang='lat' dir='ltr'><strong>rum</strong></span> <span class='ocrx_word' id='word_1_170' title='bbox 544 2487 596 2533; x_wconf 69' lang='grc' dir='ltr'><strong>»ς</strong></span> <span class='ocrx_word' id='word_1_171' title='bbox 630 2488 805 2535; x_wconf 85' lang='lat' dir='ltr'><strong>nempe</strong></span> <span class='ocrx_word' id='word_1_172' title='bbox 827 2472 1004 2534; x_wconf 73' lang='lat' dir='ltr'><strong>Cra-si,</strong></span> <span class='ocrx_word' id='word_1_173' title='bbox 1030 2489 1130 2520; x_wconf 90' lang='lat' dir='ltr'><strong>non</strong></span> <span class='ocrx_word' id='word_1_174' title='bbox 1159 2472 1433 2522; x_wconf 77' lang='lat' dir='ltr'><strong>divitiarum</strong></span> 
     </span>
     <span class='ocr_line' id='line_1_24' title="bbox 413 2555 1437 2620; baseline 0.002 -18"><span class='ocrx_word' id='word_1_175' title='bbox 413 2570 840 2619; x_wconf 73' lang='lat' dir='ltr'><strong>quarumcumque.</strong></span> <span class='ocrx_word' id='word_1_176' title='bbox 853 2555 1123 2620; x_wconf 84' lang='lat' dir='ltr'><strong>Compend.</strong></span> <span class='ocrx_word' id='word_1_177' title='bbox 1134 2557 1437 2619; x_wconf 75' lang='lat' dir='ltr'><strong>pronominis</strong></span> 
     </span>
     <span class='ocr_line' id='line_1_25' title="bbox 417 2632 1435 2698; baseline 0.002 -16"><span class='ocrx_word' id='word_1_178' title='bbox 417 2634 557 2682; x_wconf 74' lang='lat' dir='ltr'><strong>facile</strong></span> <span class='ocrx_word' id='word_1_179' title='bbox 578 2649 641 2681; x_wconf 80' lang='lat' dir='ltr'><strong>ex</strong></span> <span class='ocrx_word' id='word_1_180' title='bbox 662 2632 846 2682; x_wconf 86' lang='lat' dir='ltr'><strong>ultimis</strong></span> <span class='ocrx_word' id='word_1_181' title='bbox 876 2634 1188 2698; x_wconf 73' lang='lat' dir='ltr'><strong>praeeedentis</strong></span> <span class='ocrx_word' id='word_1_182' title='bbox 1211 2635 1435 2684; x_wconf 78' lang='lat' dir='ltr'><strong>vocabuli</strong></span> 
     </span>
     <span class='ocr_line' id='line_1_26' title="bbox 413 2713 1188 2778; baseline 0.001 -16"><span class='ocrx_word' id='word_1_183' title='bbox 413 2713 614 2778; x_wconf 76' lang='lat' dir='ltr'><strong>syllabis</strong></span> <span class='ocrx_word' id='word_1_184' title='bbox 644 2713 891 2762; x_wconf 74' lang='lat' dir='ltr'><strong>obliterari</strong></span> <span class='ocrx_word' id='word_1_185' title='bbox 917 2716 1100 2778; x_wconf 87' lang='lat' dir='ltr'><strong>potuit.</strong></span> <span class='ocrx_word' id='word_1_186' title='bbox 1126 2717 1188 2764; x_wconf 90' lang='lat' dir='ltr'><strong>G.</strong></span> 
     </span>
    </p>

    <p class='ocr_par' dir='ltr' id='par_1_10' title="bbox 409 2791 1435 3328">
     <span class='ocr_line' id='line_1_27' title="bbox 487 2791 1432 2857; baseline 0.002 -17"><span class='ocrx_word' id='word_1_187' title='bbox 487 2793 574 2841; x_wconf 77' lang='lat'><strong>2³.</strong></span> <span class='ocrx_word' id='word_1_188' title='bbox 603 2791 712 2839; x_wconf 77' lang='lat' dir='ltr'><strong>Sint</strong></span> <span class='ocrx_word' id='word_1_189' title='bbox 732 2792 875 2839; x_wconf 85' lang='lat' dir='ltr'><strong>modo</strong></span> <span class='ocrx_word' id='word_1_190' title='bbox 898 2804 1068 2857; x_wconf 80' lang='lat' dir='ltr'><strong>partes</strong></span> <span class='ocrx_word' id='word_1_191' title='bbox 1101 2794 1256 2842; x_wconf 82' lang='lat' dir='ltr'><strong>beatoe</strong></span> <span class='ocrx_word' id='word_1_192' title='bbox 1291 2794 1432 2842; x_wconf 78' lang='lat' dir='ltr'><strong>vitoe.</strong></span> 
     </span>
     <span class='ocr_line' id='line_1_28' title="bbox 413 2870 1435 2932; baseline 0.002 -13"><span class='ocrx_word' id='word_1_193' title='bbox 413 2872 552 2919; x_wconf 83' lang='lat' dir='ltr'><strong>Goer.</strong></span> <span class='ocrx_word' id='word_1_194' title='bbox 591 2880 770 2932; x_wconf 74' lang='lat' dir='ltr'><strong>transp.</strong></span> <span class='ocrx_word' id='word_1_195' title='bbox 813 2870 936 2917; x_wconf 79' lang='lat' dir='ltr'><strong>vitae</strong></span> <span class='ocrx_word' id='word_1_196' title='bbox 976 2870 1147 2919; x_wconf 82' lang='lat' dir='ltr'><strong>beatoe.</strong></span> <span class='ocrx_word' id='word_1_197' title='bbox 1187 2876 1323 2931; x_wconf 82' lang='lat' dir='ltr'><strong>Hoc,</strong></span> <span class='ocrx_word' id='word_1_198' title='bbox 1359 2875 1435 2921; x_wconf 86' lang='lat' dir='ltr'><strong>in-</strong></span> 
     </span>
     <span class='ocr_line' id='line_1_29' title="bbox 412 2948 1433 3013; baseline 0.005 -16"><span class='ocrx_word' id='word_1_199' title='bbox 412 2951 545 3013; x_wconf 89' lang='lat' dir='ltr'><strong>quit,</strong></span> <span class='ocrx_word' id='word_1_200' title='bbox 581 2948 754 2996; x_wconf 89' lang='lat' dir='ltr'><strong>ordine</strong></span> <span class='ocrx_word' id='word_1_201' title='bbox 800 2964 863 2995; x_wconf 82' lang='lat' dir='ltr'><strong>ex</strong></span> <span class='ocrx_word' id='word_1_202' title='bbox 904 2951 937 3008; x_wconf 79' lang='grc'>4</span> <span class='ocrx_word' id='word_1_203' title='bbox 976 2949 1179 3009; x_wconf 84' lang='lat' dir='ltr'><strong>nostris,</strong></span> <span class='ocrx_word' id='word_1_204' title='bbox 1219 2962 1266 2999; x_wconf 89' lang='lat' dir='ltr'><strong>et</strong></span> <span class='ocrx_word' id='word_1_205' title='bbox 1301 2954 1433 3002; x_wconf 72' lang='lat' dir='ltr'><strong>Crat.</strong></span> 
     </span>
     <span class='ocr_line' id='line_1_30' title="bbox 412 3025 1431 3093; baseline 0.001 -15"><span class='ocrx_word' id='word_1_206' title='bbox 412 3025 709 3085; x_wconf 75' lang='lat' dir='ltr'><strong>cameraria,</strong></span> <span class='ocrx_word' id='word_1_207' title='bbox 754 3042 863 3089; x_wconf 73' lang='lat' dir='ltr'><strong>quae</strong></span> <span class='ocrx_word' id='word_1_208' title='bbox 904 3025 1029 3074; x_wconf 75' lang='lat' dir='ltr'><strong>vita·</strong></span> <span class='ocrx_word' id='word_1_209' title='bbox 1070 3043 1190 3075; x_wconf 84' lang='lat' dir='ltr'><strong>meoe</strong></span> <span class='ocrx_word' id='word_1_210' title='bbox 1233 3042 1431 3093; x_wconf 71' lang='lat' dir='ltr'><strong>peccat,</strong></span> 
     </span>
     <span class='ocr_line' id='line_1_31' title="bbox 409 3104 1429 3170; baseline 0.002 -15"><span class='ocrx_word' id='word_1_211' title='bbox 409 3118 581 3170; x_wconf 73' lang='lat' dir='ltr'><strong>peccat</strong></span> <span class='ocrx_word' id='word_1_212' title='bbox 608 3117 768 3155; x_wconf 73' lang='lat' dir='ltr'><strong>tamen</strong></span> <span class='ocrx_word' id='word_1_213' title='bbox 785 3122 846 3152; x_wconf 83' lang='lat' dir='ltr'><strong>ex</strong></span> <span class='ocrx_word' id='word_1_214' title='bbox 869 3104 1073 3153; x_wconf 85' lang='lat' dir='ltr'><strong>rectiore</strong></span> <span class='ocrx_word' id='word_1_215' title='bbox 1099 3108 1282 3170; x_wconf 88' lang='lat' dir='ltr'><strong>positu.</strong></span> <span class='ocrx_word' id='word_1_216' title='bbox 1302 3110 1429 3159; x_wconf 85' lang='lat' dir='ltr'><strong>Nsm</strong></span> 
     </span>
     <span class='ocr_line' id='line_1_32' title="bbox 411 3184 1428 3253; baseline 0.003 -20"><span class='ocrx_word' id='word_1_217' title='bbox 411 3186 567 3233; x_wconf 81' lang='lat' dir='ltr'><strong>beatoe</strong></span> <span class='ocrx_word' id='word_1_218' title='bbox 576 3184 855 3244; x_wconf 71' lang='lat' dir='ltr'><strong>clausulam,</strong></span> <span class='ocrx_word' id='word_1_219' title='bbox 873 3185 940 3233; x_wconf 90' lang='lat' dir='ltr'><strong>ob</strong></span> <span class='ocrx_word' id='word_1_220' title='bbox 953 3187 1202 3234; x_wconf 68' lang='lat' dir='ltr'><strong>sententiae</strong></span> <span class='ocrx_word' id='word_1_221' title='bbox 1215 3188 1428 3253; x_wconf 76' lang='lat' dir='ltr'><strong>pondus,</strong></span> 
     </span>
     <span class='ocr_line' id='line_1_33' title="bbox 409 3263 828 3328; baseline -0.005 -15"><span class='ocrx_word' id='word_1_222' title='bbox 409 3280 648 3328; x_wconf 71' lang='lat' dir='ltr'><strong>occupare</strong></span> <span class='ocrx_word' id='word_1_223' title='bbox 669 3263 828 3312; x_wconf 86' lang='lat' dir='ltr'><strong>debet.</strong></span> 
     </span>
    </p>

    <p class='ocr_par' dir='ltr' id='par_1_11' title="bbox 408 3341 1426 3484">
     <span class='ocr_line' id='line_1_34' title="bbox 478 3341 1426 3408; baseline 0.002 -17"><span class='ocrx_word' id='word_1_224' title='bbox 478 3344 623 3391; x_wconf 78' lang='lat' dir='ltr'><strong>XIII.</strong></span> <span class='ocrx_word' id='word_1_225' title='bbox 671 3357 714 3391; x_wconf 75' lang='grc' dir='ltr'><strong>ι.</strong></span> <span class='ocrx_word' id='word_1_226' title='bbox 758 3341 937 3407; x_wconf 81' lang='lat' dir='ltr'><strong>Atqui,</strong></span> <span class='ocrx_word' id='word_1_227' title='bbox 979 3342 1024 3390; x_wconf 75' lang='lat' dir='ltr'><strong>si</strong></span> <span class='ocrx_word' id='word_1_228' title='bbox 1045 3375 1061 3401; x_wconf 90' lang='lat'><strong>,</strong></span> <span class='ocrx_word' id='word_1_229' title='bbox 1095 3354 1163 3391; x_wconf 87' lang='lat' dir='ltr'><strong>ut.</strong></span> <span class='ocrx_word' id='word_1_230' title='bbox 1197 3347 1426 3408; x_wconf 75' lang='lat' dir='ltr'><strong>Ignorant</strong></span> 
     </span>
     <span class='ocr_line' id='line_1_35' title="bbox 408 3419 1425 3484; baseline 0.001 -13"><span class='ocrx_word' id='word_1_231' title='bbox 408 3425 514 3471; x_wconf 73' lang='lat' dir='ltr'><strong>Bas.</strong></span> <span class='ocrx_word' id='word_1_232' title='bbox 536 3433 586 3470; x_wconf 91' lang='lat' dir='ltr'><strong>et</strong></span> <span class='ocrx_word' id='word_1_233' title='bbox 614 3421 752 3471; x_wconf 88' lang='lat' dir='ltr'><strong>Gud.</strong></span> <span class='ocrx_word' id='word_1_234' title='bbox 788 3438 809 3467; x_wconf 85' lang='lat'>1</span> <span class='ocrx_word' id='word_1_235' title='bbox 841 3419 928 3484; x_wconf 78' lang='lat' dir='ltr'><strong>qui</strong></span> <span class='ocrx_word' id='word_1_236' title='bbox 959 3437 979 3468; x_wconf 90' lang='lat'><strong>.·</strong></span> <span class='ocrx_word' id='word_1_237' title='bbox 1015 3436 1077 3469; x_wconf 84' lang='lat' dir='ltr'><strong>ex</strong></span> <span class='ocrx_word' id='word_1_238' title='bbox 1113 3438 1174 3471; x_wconf 89' lang='lat' dir='ltr'><strong>eo</strong></span> <span class='ocrx_word' id='word_1_239' title='bbox 1211 3423 1425 3484; x_wconf 86' lang='lat' dir='ltr'><strong>scilicet,</strong></span> 
     </span>
    </p>
   </div>
   <div class='ocr_carea' id='block_1_9' title="bbox 402 3499 1427 3804">
    <p class='ocr_par' dir='ltr' id='par_1_12' title="bbox 402 3499 1427 3725">
     <span class='ocr_line' id='line_1_36' title="bbox 405 3499 1427 3566; baseline 0.001 -16"><span class='ocrx_word' id='word_1_240' title='bbox 405 3501 715 3566; x_wconf 85' lang='lat' dir='ltr'><strong>quod,quum</strong></span> <span class='ocrx_word' id='word_1_241' title='bbox 737 3499 965 3548; x_wconf 68' lang='lat' dir='ltr'><strong>distructa</strong></span> <span class='ocrx_word' id='word_1_242' title='bbox 984 3515 1104 3547; x_wconf 82' lang='lat' dir='ltr'><strong>voce</strong></span> <span class='ocrx_word' id='word_1_243' title='bbox 1124 3513 1180 3549; x_wconf 84' lang='lat' dir='ltr'><strong>at</strong></span> <span class='ocrx_word' id='word_1_244' title='bbox 1203 3502 1290 3566; x_wconf 79' lang='lat' dir='ltr'><strong>qni</strong></span> <span class='ocrx_word' id='word_1_245' title='bbox 1309 3505 1427 3552; x_wconf 86' lang='lat' dir='ltr'><strong>scri·</strong></span> 
     </span>
     <span class='ocr_line' id='line_1_37' title="bbox 404 3578 1423 3643; baseline 0.004 -14"><span class='ocrx_word' id='word_1_246' title='bbox 404 3581 613 3639; x_wconf 73' lang='lat' dir='ltr'><strong>bei-etur,</strong></span> <span class='ocrx_word' id='word_1_247' title='bbox 651 3579 834 3627; x_wconf 75' lang='lat' dir='ltr'><strong>librarii</strong></span> <span class='ocrx_word' id='word_1_248' title='bbox 865 3578 979 3643; x_wconf 71' lang='grc' dir='ltr'><strong>φεῖ,</strong></span> <span class='ocrx_word' id='word_1_249' title='bbox 1014 3591 1072 3629; x_wconf 89' lang='lat' dir='ltr'><strong>ut</strong></span> <span class='ocrx_word' id='word_1_250' title='bbox 1098 3581 1161 3630; x_wconf 77' lang='lat' dir='ltr'><strong>ad</strong></span> <span class='ocrx_word' id='word_1_251' title='bbox 1195 3594 1423 3633; x_wconf 74' lang='lat' dir='ltr'><strong>contexte</strong></span> 
     </span>
     <span class='ocr_line' id='line_1_38' title="bbox 402 3658 1040 3725; baseline -0.002 -17"><span class='ocrx_word' id='word_1_252' title='bbox 402 3660 651 3725; x_wconf 83' lang='lat' dir='ltr'><strong>ineptum,</strong></span> <span class='ocrx_word' id='word_1_253' title='bbox 677 3658 957 3719; x_wconf 80' lang='lat' dir='ltr'><strong>abjicerent.</strong></span> <span class='ocrx_word' id='word_1_254' title='bbox 977 3659 1040 3707; x_wconf 88' lang='lat' dir='ltr'><strong>G.</strong></span> 
     </span>
    </p>

    <p class='ocr_par' dir='ltr' id='par_1_13' title="bbox 475 3736 1419 3804">
     <span class='ocr_line' id='line_1_39' title="bbox 475 3736 1419 3804; baseline 0.004 -17"><span class='ocrx_word' id='word_1_255' title='bbox 475 3755 523 3788; x_wconf 68' lang='grc' dir='ltr'><strong>ει.</strong></span> <span class='ocrx_word' id='word_1_256' title='bbox 559 3742 823 3802; x_wconf 77' lang='lat' dir='ltr'><strong>Appetens.</strong></span> <span class='ocrx_word' id='word_1_257' title='bbox 862 3736 1027 3786; x_wconf 79' lang='lat' dir='ltr'><strong>Lamb.</strong></span> <span class='ocrx_word' id='word_1_258' title='bbox 1063 3749 1267 3804; x_wconf 76' lang='lat' dir='ltr'><strong>utreque</strong></span> <span class='ocrx_word' id='word_1_259' title='bbox 1303 3741 1419 3792; x_wconf 82' lang='lat' dir='ltr'><strong>edit.</strong></span> 
     </span>
    </p>
   </div>
   <div class='ocr_carea' id='block_1_10' title="bbox 400 3816 1437 3897">
    <p class='ocr_par' dir='ltr' id='par_1_14' title="bbox 400 3816 1437 3897">
     <span class='ocr_line' id='line_1_40' title="bbox 400 3816 1437 3897; baseline 0.007 -34"><span class='ocrx_word' id='word_1_260' title='bbox 400 3817 668 3880; x_wconf 74' lang='lat' dir='ltr'><strong>appetentis</strong></span> <span class='ocrx_word' id='word_1_261' title='bbox 696 3817 757 3864; x_wconf 91' lang='lat' dir='ltr'><strong>de</strong></span> <span class='ocrx_word' id='word_1_262' title='bbox 791 3833 883 3866; x_wconf 91' lang='lat' dir='ltr'><strong>suo</strong></span> <span class='ocrx_word' id='word_1_263' title='bbox 920 3816 1107 3866; x_wconf 86' lang='lat' dir='ltr'><strong>edidit:</strong></span> <span class='ocrx_word' id='word_1_264' title='bbox 1127 3819 1213 3867; x_wconf 87' lang='lat' dir='ltr'><strong>sed</strong></span> <span class='ocrx_word' id='word_1_265' title='bbox 1238 3831 1367 3869; x_wconf 86' lang='lat' dir='ltr'><strong>recte</strong></span> <span class='ocrx_word' id='word_1_266' title='bbox 1392 3837 1437 3897; x_wconf 68' lang='grc' dir='ltr'><strong>ειι</strong></span> 
     </span>
    </p>
   </div>
   <div class='ocr_carea' id='block_1_11' title="bbox 397 3895 1420 4121">
    <p class='ocr_par' dir='ltr' id='par_1_15' title="bbox 397 3895 1420 4121">
     <span class='ocr_line' id='line_1_41' title="bbox 401 3895 1420 3963; baseline 0.005 -20"><span class='ocrx_word' id='word_1_267' title='bbox 401 3895 599 3944; x_wconf 71' lang='lat' dir='ltr'><strong>stisio</strong></span> <span class='ocrx_word' id='word_1_268' title='bbox 623 3898 862 3945; x_wconf 85' lang='lat' dir='ltr'><strong>coercitus</strong></span> <span class='ocrx_word' id='word_1_269' title='bbox 885 3906 988 3944; x_wconf 88' lang='lat' dir='ltr'><strong>est:</strong></span> <span class='ocrx_word' id='word_1_270' title='bbox 1010 3908 1081 3944; x_wconf 86' lang='lat' dir='ltr'><strong>est</strong></span> <span class='ocrx_word' id='word_1_271' title='bbox 1107 3898 1233 3946; x_wconf 89' lang='lat' dir='ltr'><strong>enim</strong></span> <span class='ocrx_word' id='word_1_272' title='bbox 1254 3900 1420 3963; x_wconf 79' lang='lat' dir='ltr'><strong>vulga-</strong></span> 
     </span>
     <span class='ocr_line' id='line_1_42' title="bbox 403 3976 1413 4039; baseline 0.008 -19"><span class='ocrx_word' id='word_1_273' title='bbox 403 3983 463 4020; x_wconf 79' lang='lat' dir='ltr'><strong>tae</strong></span> <span class='ocrx_word' id='word_1_274' title='bbox 478 3986 708 4039; x_wconf 74' lang='lat' dir='ltr'><strong>appetens</strong></span> <span class='ocrx_word' id='word_1_275' title='bbox 736 3976 1050 4025; x_wconf 83' lang='lat' dir='ltr'><strong>verissimum.</strong></span> <span class='ocrx_word' id='word_1_276' title='bbox 1078 3979 1220 4025; x_wconf 81' lang='lat' dir='ltr'><strong>Forte</strong></span> <span class='ocrx_word' id='word_1_277' title='bbox 1248 3980 1413 4031; x_wconf 78' lang='lat' dir='ltr'><strong>Lamb.</strong></span> 
     </span>
     <span class='ocr_line' id='line_1_43' title="bbox 397 4051 1411 4121; baseline 0.01 -25"><span class='ocrx_word' id='word_1_278' title='bbox 397 4068 456 4117; x_wconf 66' lang='lat' dir='ltr'><strong>eq</strong></span> <span class='ocrx_word' id='word_1_279' title='bbox 482 4051 544 4098; x_wconf 79' lang='lat' dir='ltr'><strong>ad</strong></span> <span class='ocrx_word' id='word_1_280' title='bbox 564 4053 909 4116; x_wconf 76' lang='lat' dir='ltr'><strong>appetitionem</strong></span> <span class='ocrx_word' id='word_1_281' title='bbox 936 4056 1198 4121; x_wconf 76' lang='lat' dir='ltr'><strong>applicavit</strong></span> <span class='ocrx_word' id='word_1_282' title='bbox 1214 4092 1228 4113; x_wconf 94' lang='lat'><strong>,</strong></span> <span class='ocrx_word' id='word_1_283' title='bbox 1263 4075 1411 4121; x_wconf 81' lang='lat' dir='ltr'><strong>quum</strong></span> 
     </span>
    </p>
   </div>
   <div class='ocr_carea' id='block_1_12' title="bbox 1515 1921 2555 3092">
    <p class='ocr_par' dir='ltr' id='par_1_16' title="bbox 1515 1921 2555 3092">
     <span class='ocr_line' id='line_1_44' title="bbox 1534 1921 2555 1986; baseline 0.003 -19"><span class='ocrx_word' id='word_1_284' title='bbox 1534 1921 1711 1970; x_wconf 76' lang='lat' dir='ltr'><strong>frustra</strong></span> <span class='ocrx_word' id='word_1_285' title='bbox 1757 1931 1937 1971; x_wconf 77' lang='lat' dir='ltr'><strong>tamen.</strong></span> <span class='ocrx_word' id='word_1_286' title='bbox 2006 1923 2139 1969; x_wconf 88' lang='lat' dir='ltr'><strong>Licet</strong></span> <span class='ocrx_word' id='word_1_287' title='bbox 2191 1921 2319 1969; x_wconf 87' lang='lat' dir='ltr'><strong>enim</strong></span> <span class='ocrx_word' id='word_1_288' title='bbox 2337 1956 2352 1982; x_wconf 96' lang='lat'><strong>,</strong></span> <span class='ocrx_word' id='word_1_289' title='bbox 2395 1922 2555 1986; x_wconf 87' lang='lat' dir='ltr'><strong>inquit</strong></span> 
     </span>
     <span class='ocr_line' id='line_1_45' title="bbox 1532 1999 2553 2065; baseline 0.001 -17"><span class='ocrx_word' id='word_1_290' title='bbox 1532 1999 1702 2049; x_wconf 75' lang='lat' dir='ltr'><strong>Davis.</strong></span> <span class='ocrx_word' id='word_1_291' title='bbox 1751 1999 1987 2063; x_wconf 75' lang='lat' dir='ltr'><strong>appetitio</strong></span> <span class='ocrx_word' id='word_1_292' title='bbox 2027 2000 2226 2065; x_wconf 84' lang='lat' dir='ltr'><strong>proprie</strong></span> <span class='ocrx_word' id='word_1_293' title='bbox 2263 2017 2362 2048; x_wconf 91' lang='lat' dir='ltr'><strong>uon</strong></span> <span class='ocrx_word' id='word_1_294' title='bbox 2401 2017 2553 2065; x_wconf 82' lang='lat' dir='ltr'><strong>appe·</strong></span> 
     </span>
     <span class='ocr_line' id='line_1_46' title="bbox 1533 2078 2551 2144; baseline 0.002 -19"><span class='ocrx_word' id='word_1_295' title='bbox 1533 2089 1632 2134; x_wconf 85' lang='lat' dir='ltr'><strong>tat,</strong></span> <span class='ocrx_word' id='word_1_296' title='bbox 1671 2078 1757 2126; x_wconf 90' lang='lat' dir='ltr'><strong>sed</strong></span> <span class='ocrx_word' id='word_1_297' title='bbox 1774 2078 1858 2127; x_wconf 89' lang='lat' dir='ltr'><strong>ille</strong></span> <span class='ocrx_word' id='word_1_298' title='bbox 1883 2081 1968 2144; x_wconf 88' lang='lat' dir='ltr'><strong>qui</strong></span> <span class='ocrx_word' id='word_1_299' title='bbox 1997 2082 2065 2127; x_wconf 88' lang='lat' dir='ltr'><strong>rei</strong></span> <span class='ocrx_word' id='word_1_300' title='bbox 2087 2078 2337 2138; x_wconf 65' lang='lat' dir='ltr'><strong>cujusdam</strong></span> <span class='ocrx_word' id='word_1_301' title='bbox 2367 2079 2551 2128; x_wconf 87' lang='lat' dir='ltr'><strong>deside-</strong></span> 
     </span>
     <span class='ocr_line' id='line_1_47' title="bbox 1529 2158 2550 2219; baseline 0.003 -15"><span class='ocrx_word' id='word_1_302' title='bbox 1529 2158 1603 2205; x_wconf 88' lang='lat' dir='ltr'><strong>rio</strong></span> <span class='ocrx_word' id='word_1_303' title='bbox 1632 2168 1825 2206; x_wconf 87' lang='lat' dir='ltr'><strong>tenetur</strong></span> <span class='ocrx_word' id='word_1_304' title='bbox 1849 2175 1864 2219; x_wconf 91' lang='lat'>;</span> <span class='ocrx_word' id='word_1_305' title='bbox 1892 2169 2052 2207; x_wconf 78' lang='lat' dir='ltr'><strong>tamen</strong></span> <span class='ocrx_word' id='word_1_306' title='bbox 2093 2158 2373 2207; x_wconf 85' lang='lat' dir='ltr'><strong>istiusmodi</strong></span> <span class='ocrx_word' id='word_1_307' title='bbox 2409 2159 2550 2207; x_wconf 88' lang='lat' dir='ltr'><strong>locu-</strong></span> 
     </span>
     <span class='ocr_line' id='line_1_48' title="bbox 1528 2238 2551 2287; baseline 0.003 -3"><span class='ocrx_word' id='word_1_308' title='bbox 1528 2238 1688 2285; x_wconf 89' lang='lat' dir='ltr'><strong>tiones</strong></span> <span class='ocrx_word' id='word_1_309' title='bbox 1733 2239 2017 2287; x_wconf 75' lang='lat' dir='ltr'><strong>auctoribus</strong></span> <span class='ocrx_word' id='word_1_310' title='bbox 2057 2248 2173 2287; x_wconf 89' lang='lat' dir='ltr'><strong>sunt</strong></span> <span class='ocrx_word' id='word_1_311' title='bbox 2211 2240 2420 2286; x_wconf 75' lang='lat' dir='ltr'><strong>usitstae.</strong></span> <span class='ocrx_word' id='word_1_312' title='bbox 2472 2239 2551 2287; x_wconf 87' lang='lat' dir='ltr'><strong>Sic</strong></span> 
     </span>
     <span class='ocr_line' id='line_1_49' title="bbox 1525 2316 2550 2379; baseline 0.002 -17"><span class='ocrx_word' id='word_1_313' title='bbox 1525 2331 1627 2363; x_wconf 91' lang='lat' dir='ltr'><strong>non</strong></span> <span class='ocrx_word' id='word_1_314' title='bbox 1652 2316 1856 2363; x_wconf 78' lang='lat' dir='ltr'><strong>ambitio</strong></span> <span class='ocrx_word' id='word_1_315' title='bbox 1883 2319 2049 2379; x_wconf 75' lang='lat' dir='ltr'><strong>gratiae</strong></span> <span class='ocrx_word' id='word_1_316' title='bbox 2086 2318 2164 2364; x_wconf 79' lang='lat' dir='ltr'><strong>vel</strong></span> <span class='ocrx_word' id='word_1_317' title='bbox 2192 2317 2309 2364; x_wconf 87' lang='lat' dir='ltr'><strong>odio</strong></span> <span class='ocrx_word' id='word_1_318' title='bbox 2336 2317 2550 2365; x_wconf 85' lang='lat' dir='ltr'><strong>subscri·</strong></span> 
     </span>
     <span class='ocr_line' id='line_1_50' title="bbox 1519 2393 2550 2454; baseline 0.003 -13"><span class='ocrx_word' id='word_1_319' title='bbox 1519 2393 1617 2454; x_wconf 92' lang='lat' dir='ltr'><strong>bit,</strong></span> <span class='ocrx_word' id='word_1_320' title='bbox 1645 2406 1694 2443; x_wconf 75' lang='lat' dir='ltr'><strong>st</strong></span> <span class='ocrx_word' id='word_1_321' title='bbox 1720 2394 1775 2443; x_wconf 89' lang='lat' dir='ltr'><strong>id</strong></span> <span class='ocrx_word' id='word_1_322' title='bbox 1800 2395 1985 2443; x_wconf 76' lang='lat' dir='ltr'><strong>faciunt</strong></span> <span class='ocrx_word' id='word_1_323' title='bbox 2023 2396 2245 2443; x_wconf 83' lang='lat' dir='ltr'><strong>homines</strong></span> <span class='ocrx_word' id='word_1_324' title='bbox 2285 2396 2550 2444; x_wconf 82' lang='lat' dir='ltr'><strong>ambitione</strong></span> 
     </span>
     <span class='ocr_line' id='line_1_51' title="bbox 1521 2472 2548 2535; baseline 0.001 -15"><span class='ocrx_word' id='word_1_325' title='bbox 1521 2472 1671 2521; x_wconf 89' lang='lat' dir='ltr'><strong>ducti.</strong></span> <span class='ocrx_word' id='word_1_326' title='bbox 1697 2473 2027 2522; x_wconf 79' lang='lat' dir='ltr'><strong>Nihilominus</strong></span> <span class='ocrx_word' id='word_1_327' title='bbox 2056 2473 2285 2521; x_wconf 78' lang='lat' dir='ltr'><strong>Pbaedrus</strong></span> <span class='ocrx_word' id='word_1_328' title='bbox 2312 2474 2402 2524; x_wconf 88' lang='lat' dir='ltr'><strong>lib.</strong></span> <span class='ocrx_word' id='word_1_329' title='bbox 2443 2477 2548 2535; x_wconf 86' lang='lat'><strong>111,</strong></span> 
     </span>
     <span class='ocr_line' id='line_1_52' title="bbox 1520 2551 2547 2618; baseline 0.002 -19"><span class='ocrx_word' id='word_1_330' title='bbox 1520 2552 1622 2601; x_wconf 77' lang='lat' dir='ltr'><strong>fab.</strong></span> <span class='ocrx_word' id='word_1_331' title='bbox 1646 2568 1706 2599; x_wconf 89' lang='lat'><strong>10</strong></span> <span class='ocrx_word' id='word_1_332' title='bbox 1720 2587 1736 2611; x_wconf 93' lang='lat'><strong>,</strong></span> <span class='ocrx_word' id='word_1_333' title='bbox 1755 2552 1849 2610; x_wconf 85' lang='lat'><strong>56,</strong></span> <span class='ocrx_word' id='word_1_334' title='bbox 1879 2551 2030 2601; x_wconf 83' lang='lat' dir='ltr'><strong>dixit:</strong></span> <span class='ocrx_word' id='word_1_335' title='bbox 2050 2574 2074 2594; x_wconf 69' lang='grc' dir='ltr'><strong>α</strong></span> <span class='ocrx_word' id='word_1_336' title='bbox 2096 2551 2318 2601; x_wconf 78' lang='lat' dir='ltr'><strong>Ambitio</strong></span> <span class='ocrx_word' id='word_1_337' title='bbox 2336 2568 2547 2618; x_wconf 75' lang='lat' dir='ltr'><strong>namque</strong></span> 
     </span>
     <span class='ocr_line' id='line_1_53' title="bbox 1522 2629 2547 2695; baseline 0.002 -18"><span class='ocrx_word' id='word_1_338' title='bbox 1522 2629 1762 2678; x_wconf 73' lang='lat' dir='ltr'><strong>dissidens</strong></span> <span class='ocrx_word' id='word_1_339' title='bbox 1783 2631 2062 2679; x_wconf 73' lang='lat' dir='ltr'><strong>mortalium</strong></span> <span class='ocrx_word' id='word_1_340' title='bbox 2099 2631 2200 2679; x_wconf 80' lang='lat' dir='ltr'><strong>Aut</strong></span> <span class='ocrx_word' id='word_1_341' title='bbox 2242 2634 2405 2695; x_wconf 76' lang='lat' dir='ltr'><strong>gratiae</strong></span> <span class='ocrx_word' id='word_1_342' title='bbox 2429 2632 2547 2680; x_wconf 86' lang='lat' dir='ltr'><strong>sub·</strong></span> 
     </span>
     <span class='ocr_line' id='line_1_54' title="bbox 1520 2710 2548 2775; baseline 0.003 -18"><span class='ocrx_word' id='word_1_343' title='bbox 1520 2710 1708 2772; x_wconf 86' lang='lat' dir='ltr'><strong>scribit,</strong></span> <span class='ocrx_word' id='word_1_344' title='bbox 1728 2722 1812 2759; x_wconf 85' lang='lat' dir='ltr'><strong>snt</strong></span> <span class='ocrx_word' id='word_1_345' title='bbox 1832 2710 1950 2759; x_wconf 91' lang='lat' dir='ltr'><strong>odio</strong></span> <span class='ocrx_word' id='word_1_346' title='bbox 1973 2727 2065 2760; x_wconf 86' lang='lat' dir='ltr'><strong>sno</strong></span> <span class='ocrx_word' id='word_1_347' title='bbox 2087 2733 2130 2760; x_wconf 77' lang='grc' dir='ltr'><strong>ιο.</strong></span> <span class='ocrx_word' id='word_1_348' title='bbox 2153 2712 2234 2759; x_wconf 88' lang='lat' dir='ltr'><strong>Sic</strong></span> <span class='ocrx_word' id='word_1_349' title='bbox 2261 2727 2419 2775; x_wconf 86' lang='lat' dir='ltr'><strong>neque</strong></span> <span class='ocrx_word' id='word_1_350' title='bbox 2437 2728 2548 2760; x_wconf 69' lang='lat' dir='ltr'><strong>vox</strong></span> 
     </span>
     <span class='ocr_line' id='line_1_55' title="bbox 1518 2789 2545 2839; baseline 0.004 -5"><span class='ocrx_word' id='word_1_351' title='bbox 1518 2801 1680 2838; x_wconf 80' lang='lat' dir='ltr'><strong>censet</strong></span> <span class='ocrx_word' id='word_1_352' title='bbox 1700 2806 1789 2838; x_wconf 89' lang='lat' dir='ltr'><strong>nec</strong></span> <span class='ocrx_word' id='word_1_353' title='bbox 1811 2790 1968 2838; x_wconf 80' lang='lat' dir='ltr'><strong>oratio</strong></span> <span class='ocrx_word' id='word_1_354' title='bbox 1997 2789 2218 2839; x_wconf 75' lang='lat' dir='ltr'><strong>indicat:</strong></span> <span class='ocrx_word' id='word_1_355' title='bbox 2248 2801 2299 2837; x_wconf 74' lang='lat' dir='ltr'><strong>st</strong></span> <span class='ocrx_word' id='word_1_356' title='bbox 2325 2790 2545 2838; x_wconf 84' lang='lat' dir='ltr'><strong>homines</strong></span> 
     </span>
     <span class='ocr_line' id='line_1_56' title="bbox 1518 2870 2542 2934; baseline 0.001 -17"><span class='ocrx_word' id='word_1_357' title='bbox 1518 2872 1602 2934; x_wconf 88' lang='lat' dir='ltr'><strong>qui</strong></span> <span class='ocrx_word' id='word_1_358' title='bbox 1642 2871 1719 2918; x_wconf 79' lang='lat' dir='ltr'><strong>vel</strong></span> <span class='ocrx_word' id='word_1_359' title='bbox 1761 2886 1885 2918; x_wconf 76' lang='lat' dir='ltr'><strong>voce</strong></span> <span class='ocrx_word' id='word_1_360' title='bbox 1921 2882 2151 2931; x_wconf 84' lang='lat' dir='ltr'><strong>utuntur,</strong></span> <span class='ocrx_word' id='word_1_361' title='bbox 2179 2870 2255 2919; x_wconf 85' lang='lat' dir='ltr'><strong>vel</strong></span> <span class='ocrx_word' id='word_1_362' title='bbox 2303 2871 2542 2920; x_wconf 79' lang='lat' dir='ltr'><strong>oratione.</strong></span> 
     </span>
     <span class='ocr_line' id='line_1_57' title="bbox 1516 2949 2541 3013; baseline -0.002 -16"><span class='ocrx_word' id='word_1_363' title='bbox 1516 2950 1661 2997; x_wconf 77' lang='lat' dir='ltr'><strong>Hanc</strong></span> <span class='ocrx_word' id='word_1_364' title='bbox 1701 2962 1858 2998; x_wconf 78' lang='lat' dir='ltr'><strong>tamen</strong></span> <span class='ocrx_word' id='word_1_365' title='bbox 1892 2949 2127 3013; x_wconf 84' lang='lat' dir='ltr'><strong>loquendi</strong></span> <span class='ocrx_word' id='word_1_366' title='bbox 2157 2949 2414 2997; x_wconf 68' lang='lat' dir='ltr'><strong>formulam</strong></span> <span class='ocrx_word' id='word_1_367' title='bbox 2436 2964 2541 2996; x_wconf 89' lang='lat' dir='ltr'><strong>non</strong></span> 
     </span>
     <span class='ocr_line' id='line_1_58' title="bbox 1515 3027 2540 3092; baseline -0.001 -17"><span class='ocrx_word' id='word_1_368' title='bbox 1515 3029 1698 3092; x_wconf 81' lang='lat' dir='ltr'><strong>refugit</strong></span> <span class='ocrx_word' id='word_1_369' title='bbox 1723 3029 1896 3077; x_wconf 84' lang='lat' dir='ltr'><strong>Cicero</strong></span> <span class='ocrx_word' id='word_1_370' title='bbox 1922 3030 2065 3075; x_wconf 87' lang='lat' dir='ltr'><strong>Tusc.</strong></span> <span class='ocrx_word' id='word_1_371' title='bbox 2082 3029 2149 3089; x_wconf 83' lang='lat' dir='ltr'><strong>V,</strong></span> <span class='ocrx_word' id='word_1_372' title='bbox 2176 3041 2263 3089; x_wconf 74' lang='lat'><strong>29,</strong></span> <span class='ocrx_word' id='word_1_373' title='bbox 2298 3043 2390 3075; x_wconf 90' lang='lat' dir='ltr'><strong>nec</strong></span> <span class='ocrx_word' id='word_1_374' title='bbox 2409 3027 2540 3075; x_wconf 77' lang='lat' dir='ltr'><strong>illam</strong></span> 
     </span>
    </p>
   </div>
   <div class='ocr_carea' id='block_1_13' title="bbox 1516 3103 2538 3243">
    <p class='ocr_par' dir='ltr' id='par_1_17' title="bbox 1516 3103 2538 3243">
     <span class='ocr_line' id='line_1_59' title="bbox 1516 3103 2538 3170; baseline -0.001 -17"><span class='ocrx_word' id='word_1_375' title='bbox 1516 3107 1765 3155; x_wconf 81' lang='lat' dir='ltr'><strong>Plutarch.</strong></span> <span class='ocrx_word' id='word_1_376' title='bbox 1789 3106 1992 3155; x_wconf 89' lang='lat' dir='ltr'><strong>Consol.</strong></span> <span class='ocrx_word' id='word_1_377' title='bbox 2012 3105 2076 3152; x_wconf 82' lang='lat' dir='ltr'><strong>ad</strong></span> <span class='ocrx_word' id='word_1_378' title='bbox 2104 3103 2426 3169; x_wconf 79' lang='lat' dir='ltr'><strong>Apollonium</strong></span> <span class='ocrx_word' id='word_1_379' title='bbox 2444 3138 2460 3166; x_wconf 88' lang='lat'><strong>,</strong></span> <span class='ocrx_word' id='word_1_380' title='bbox 2487 3121 2538 3170; x_wconf 88' lang='lat' dir='ltr'><strong>p.</strong></span> 
     </span>
     <span class='ocr_line' id='line_1_60' title="bbox 1522 3182 2407 3243; baseline 0.002 -12"><span class='ocrx_word' id='word_1_381' title='bbox 1522 3185 1643 3241; x_wconf 83' lang='lat'><strong>106,</strong></span> <span class='ocrx_word' id='word_1_382' title='bbox 1666 3184 1722 3232; x_wconf 88' lang='lat' dir='ltr'><strong>B.</strong></span> <span class='ocrx_word' id='word_1_383' title='bbox 1749 3182 1944 3231; x_wconf 75' lang='lat' dir='ltr'><strong>Infinita</strong></span> <span class='ocrx_word' id='word_1_384' title='bbox 1969 3194 2082 3230; x_wconf 89' lang='lat' dir='ltr'><strong>sunt</strong></span> <span class='ocrx_word' id='word_1_385' title='bbox 2109 3182 2407 3243; x_wconf 88' lang='lat' dir='ltr'><strong>hujusmodi.</strong></span> 
     </span>
    </p>
   </div>
   <div class='ocr_carea' id='block_1_14' title="bbox 1502 3260 2538 4118">
    <p class='ocr_par' dir='ltr' id='par_1_18' title="bbox 1502 3260 2538 4118">
     <span class='ocr_line' id='line_1_61' title="bbox 1586 3260 2538 3325; baseline 0.001 -16"><span class='ocrx_word' id='word_1_386' title='bbox 1586 3262 1635 3309; x_wconf 81' lang='lat'><strong>3.</strong></span> <span class='ocrx_word' id='word_1_387' title='bbox 1691 3263 1800 3325; x_wconf 77' lang='lat' dir='ltr'><strong>Quo</strong></span> <span class='ocrx_word' id='word_1_388' title='bbox 1849 3260 2105 3309; x_wconf 77' lang='lat' dir='ltr'><strong>constituto</strong></span> <span class='ocrx_word' id='word_1_389' title='bbox 2126 3294 2143 3320; x_wconf 87' lang='lat'><strong>,</strong></span> <span class='ocrx_word' id='word_1_390' title='bbox 2197 3273 2296 3309; x_wconf 82' lang='lat' dir='ltr'><strong>tum</strong></span> <span class='ocrx_word' id='word_1_391' title='bbox 2359 3261 2538 3310; x_wconf 76' lang='lat' dir='ltr'><strong>licebit.</strong></span> 
     </span>
     <span class='ocr_line' id='line_1_62' title="bbox 1513 3339 2529 3400; baseline 0.007 -14"><span class='ocrx_word' id='word_1_392' title='bbox 1513 3340 1674 3387; x_wconf 89' lang='lat' dir='ltr'><strong>Bremi</strong></span> <span class='ocrx_word' id='word_1_393' title='bbox 1707 3339 1761 3386; x_wconf 90' lang='lat' dir='ltr'><strong>in</strong></span> <span class='ocrx_word' id='word_1_394' title='bbox 1784 3350 1912 3389; x_wconf 88' lang='lat' dir='ltr'><strong>nott.</strong></span> <span class='ocrx_word' id='word_1_395' title='bbox 1953 3357 2121 3389; x_wconf 87' lang='lat' dir='ltr'><strong>mscrr.</strong></span> <span class='ocrx_word' id='word_1_396' title='bbox 2154 3341 2294 3389; x_wconf 72' lang='lat' dir='ltr'><strong>facile</strong></span> <span class='ocrx_word' id='word_1_397' title='bbox 2325 3342 2418 3389; x_wconf 85' lang='lat' dir='ltr'><strong>fert</strong></span> <span class='ocrx_word' id='word_1_398' title='bbox 2440 3376 2455 3400; x_wconf 90' lang='lat'>‚</span> <span class='ocrx_word' id='word_1_399' title='bbox 2489 3344 2529 3393; x_wconf 85' lang='lat' dir='ltr'><strong>si</strong></span> 
     </span>
     <span class='ocr_line' id='line_1_63' title="bbox 1510 3419 2533 3484; baseline 0.001 -18"><span class='ocrx_word' id='word_1_400' title='bbox 1510 3436 1592 3466; x_wconf 80' lang='lat' dir='ltr'><strong>vv.</strong></span> <span class='ocrx_word' id='word_1_401' title='bbox 1603 3435 1699 3484; x_wconf 79' lang='lat' dir='ltr'><strong>quo</strong></span> <span class='ocrx_word' id='word_1_402' title='bbox 1712 3419 1973 3467; x_wconf 80' lang='lat' dir='ltr'><strong>constituto</strong></span> <span class='ocrx_word' id='word_1_403' title='bbox 1989 3420 2263 3468; x_wconf 77' lang='lat' dir='ltr'><strong>deleantur:</strong></span> <span class='ocrx_word' id='word_1_404' title='bbox 2273 3420 2422 3484; x_wconf 85' lang='lat' dir='ltr'><strong>idque</strong></span> <span class='ocrx_word' id='word_1_405' title='bbox 2435 3437 2533 3468; x_wconf 89' lang='lat' dir='ltr'><strong>non</strong></span> 
     </span>
     <span class='ocr_line' id='line_1_64' title="bbox 1509 3499 2531 3564; baseline 0.002 -19"><span class='ocrx_word' id='word_1_406' title='bbox 1509 3508 1607 3545; x_wconf 69' lang='lat' dir='ltr'><strong>tam</strong></span> <span class='ocrx_word' id='word_1_407' title='bbox 1627 3509 1829 3563; x_wconf 86' lang='lat' dir='ltr'><strong>propter</strong></span> <span class='ocrx_word' id='word_1_408' title='bbox 1859 3499 2216 3564; x_wconf 73' lang='lat' dir='ltr'><strong>pleonasmum,</strong></span> <span class='ocrx_word' id='word_1_409' title='bbox 2240 3516 2391 3564; x_wconf 89' lang='lat' dir='ltr'><strong>quum</strong></span> <span class='ocrx_word' id='word_1_410' title='bbox 2417 3500 2531 3547; x_wconf 71' lang='lat' dir='ltr'><strong>talia</strong></span> 
     </span>
     <span class='ocr_line' id='line_1_65' title="bbox 1509 3577 2535 3642; baseline 0.003 -18"><span class='ocrx_word' id='word_1_411' title='bbox 1509 3577 1641 3641; x_wconf 73' lang='lat' dir='ltr'><strong>apud</strong></span> <span class='ocrx_word' id='word_1_412' title='bbox 1660 3578 1764 3628; x_wconf 88' lang='lat' dir='ltr'><strong>Cic.</strong></span> <span class='ocrx_word' id='word_1_413' title='bbox 1787 3580 2034 3628; x_wconf 70' lang='lat' dir='ltr'><strong>toleranda</strong></span> <span class='ocrx_word' id='word_1_414' title='bbox 2060 3580 2156 3626; x_wconf 83' lang='lat' dir='ltr'><strong>sint</strong></span> <span class='ocrx_word' id='word_1_415' title='bbox 2176 3578 2421 3642; x_wconf 85' lang='lat' dir='ltr'><strong>(equidem</strong></span> <span class='ocrx_word' id='word_1_416' title='bbox 2450 3596 2535 3627; x_wconf 82' lang='lat' dir='ltr'><strong>ne-</strong></span> 
     </span>
     <span class='ocr_line' id='line_1_66' title="bbox 1510 3658 2533 3723; baseline 0.002 -19"><span class='ocrx_word' id='word_1_417' title='bbox 1510 3658 1614 3705; x_wconf 90' lang='lat' dir='ltr'><strong>scio</strong></span> <span class='ocrx_word' id='word_1_418' title='bbox 1656 3658 1785 3722; x_wconf 78' lang='lat' dir='ltr'><strong>apud</strong></span> <span class='ocrx_word' id='word_1_419' title='bbox 1832 3675 1956 3723; x_wconf 88' lang='lat' dir='ltr'><strong>quos</strong></span> <span class='ocrx_word' id='word_1_420' title='bbox 2000 3659 2196 3707; x_wconf 75' lang='lat' dir='ltr'><strong>Latinos</strong></span> <span class='ocrx_word' id='word_1_421' title='bbox 2235 3661 2533 3722; x_wconf 70' lang='lat' dir='ltr'><strong>Graecosque</strong></span> 
     </span>
     <span class='ocr_line' id='line_1_67' title="bbox 1508 3736 2530 3800; baseline 0.003 -17"><span class='ocrx_word' id='word_1_422' title='bbox 1508 3752 1611 3784; x_wconf 90' lang='lat' dir='ltr'><strong>non</strong></span> <span class='ocrx_word' id='word_1_423' title='bbox 1636 3736 1784 3800; x_wconf 87' lang='lat' dir='ltr'><strong>sint);</strong></span> <span class='ocrx_word' id='word_1_424' title='bbox 1825 3738 1911 3786; x_wconf 89' lang='lat' dir='ltr'><strong>sed</strong></span> <span class='ocrx_word' id='word_1_425' title='bbox 1950 3739 2126 3786; x_wconf 82' lang='lat' dir='ltr'><strong>referre</strong></span> <span class='ocrx_word' id='word_1_426' title='bbox 2156 3738 2244 3786; x_wconf 75' lang='lat' dir='ltr'><strong>ista</strong></span> <span class='ocrx_word' id='word_1_427' title='bbox 2287 3738 2432 3786; x_wconf 75' lang='lat' dir='ltr'><strong>verbe</strong></span> <span class='ocrx_word' id='word_1_428' title='bbox 2470 3738 2530 3786; x_wconf 75' lang='lat' dir='ltr'><strong>od</strong></span> 
     </span>
     <span class='ocr_line' id='line_1_68' title="bbox 1510 3813 2527 3881; baseline 0.001 -19"><span class='ocrx_word' id='word_1_429' title='bbox 1510 3826 1609 3863; x_wconf 85' lang='lat' dir='ltr'><strong>tum</strong></span> <span class='ocrx_word' id='word_1_430' title='bbox 1639 3816 1791 3880; x_wconf 83' lang='lat' dir='ltr'><strong>inepti</strong></span> <span class='ocrx_word' id='word_1_431' title='bbox 1827 3813 2128 3881; x_wconf 81' lang='lat' dir='ltr'><strong>glossematis</strong></span> <span class='ocrx_word' id='word_1_432' title='bbox 2166 3816 2404 3881; x_wconf 79' lang='lat' dir='ltr'><strong>speciem3</strong></span> <span class='ocrx_word' id='word_1_433' title='bbox 2436 3833 2527 3880; x_wconf 72' lang='lat' dir='ltr'><strong>pn·</strong></span> 
     </span>
     <span class='ocr_line' id='line_1_69' title="bbox 1508 3897 2528 3958; baseline 0.002 -16"><span class='ocrx_word' id='word_1_434' title='bbox 1508 3910 1706 3958; x_wconf 86' lang='lat' dir='ltr'><strong>remque</strong></span> <span class='ocrx_word' id='word_1_435' title='bbox 1732 3897 1966 3945; x_wconf 82' lang='lat' dir='ltr'><strong>rationem</strong></span> <span class='ocrx_word' id='word_1_436' title='bbox 1992 3915 2096 3946; x_wconf 90' lang='lat' dir='ltr'><strong>esse</strong></span> <span class='ocrx_word' id='word_1_437' title='bbox 2124 3897 2187 3945; x_wconf 84' lang='lat' dir='ltr'><strong>de</strong></span> <span class='ocrx_word' id='word_1_438' title='bbox 2216 3897 2412 3945; x_wconf 76' lang='lat' dir='ltr'><strong>Amicit.</strong></span> <span class='ocrx_word' id='word_1_439' title='bbox 2450 3897 2528 3945; x_wconf 78' lang='lat'><strong>15.</strong></span> 
     </span>
     <span class='ocr_line' id='line_1_70' title="bbox 1504 3972 2519 4027; baseline -0.001 -5"><span class='ocrx_word' id='word_1_440' title='bbox 1504 3972 1664 4022; x_wconf 83' lang='lat' dir='ltr'><strong>Nobis</strong></span> <span class='ocrx_word' id='word_1_441' title='bbox 1691 3992 1828 4023; x_wconf 86' lang='lat' dir='ltr'><strong>secus</strong></span> <span class='ocrx_word' id='word_1_442' title='bbox 1865 3976 2073 4025; x_wconf 82' lang='lat' dir='ltr'><strong>videtur.</strong></span> <span class='ocrx_word' id='word_1_443' title='bbox 2113 3977 2370 4027; x_wconf 79' lang='lat' dir='ltr'><strong>Glossator</strong></span> <span class='ocrx_word' id='word_1_444' title='bbox 2391 3976 2519 4021; x_wconf 87' lang='lat' dir='ltr'><strong>enim</strong></span> 
     </span>
     <span class='ocr_line' id='line_1_71' title="bbox 1502 4053 2525 4118; baseline -0.002 -17"><span class='ocrx_word' id='word_1_445' title='bbox 1502 4053 1686 4118; x_wconf 86' lang='lat' dir='ltr'><strong>primo,</strong></span> <span class='ocrx_word' id='word_1_446' title='bbox 1709 4072 1809 4118; x_wconf 86' lang='lat' dir='ltr'><strong>qua</strong></span> <span class='ocrx_word' id='word_1_447' title='bbox 1827 4056 2087 4105; x_wconf 78' lang='lat' dir='ltr'><strong>constituta</strong></span> <span class='ocrx_word' id='word_1_448' title='bbox 2109 4092 2125 4114; x_wconf 90' lang='lat'><strong>,</strong></span> <span class='ocrx_word' id='word_1_449' title='bbox 2146 4056 2295 4103; x_wconf 78' lang='lat' dir='ltr'><strong>relate</strong></span> <span class='ocrx_word' id='word_1_450' title='bbox 2312 4053 2373 4101; x_wconf 77' lang='lat' dir='ltr'><strong>ad</strong></span> <span class='ocrx_word' id='word_1_451' title='bbox 2397 4069 2525 4099; x_wconf 83' lang='lat' dir='ltr'><strong>sum-</strong></span> 
     </span>
    </p>
   </div>
   <div class='ocr_carea' id='block_1_15' title="bbox 396 4129 2519 4199">
    <p class='ocr_par' dir='ltr' id='par_1_19' title="bbox 396 4129 2519 4199">
     <span class='ocr_line' id='line_1_72' title="bbox 396 4129 2519 4199; baseline 0.001 -23"><span class='ocrx_word' id='word_1_452' title='bbox 396 4129 456 4178; x_wconf 84' lang='lat' dir='ltr'><strong>ad</strong></span> <span class='ocrx_word' id='word_1_453' title='bbox 501 4141 724 4194; x_wconf 77' lang='lat' dir='ltr'><strong>appetem</strong></span> <span class='ocrx_word' id='word_1_454' title='bbox 763 4135 1017 4185; x_wconf 75' lang='lat' dir='ltr'><strong>reseratur.</strong></span> <span class='ocrx_word' id='word_1_455' title='bbox 1072 4138 1135 4185; x_wconf 93' lang='lat' dir='ltr'><strong>G.</strong></span> <span class='ocrx_word' id='word_1_456' title='bbox 1188 4164 1254 4174; x_wconf 89' lang='lat'><strong>--</strong></span> <span class='ocrx_word' id='word_1_457' title='bbox 1302 4141 1410 4187; x_wconf 75' lang='lat' dir='ltr'><strong>Hoc</strong></span> <span class='ocrx_word' id='word_1_458' title='bbox 1498 4149 1657 4196; x_wconf 83' lang='lat' dir='ltr'><strong>mam,</strong></span> <span class='ocrx_word' id='word_1_459' title='bbox 1687 4134 1980 4199; x_wconf 82' lang='lat' dir='ltr'><strong>scripsisset,</strong></span> <span class='ocrx_word' id='word_1_460' title='bbox 2008 4151 2156 4199; x_wconf 87' lang='lat' dir='ltr'><strong>quum</strong></span> <span class='ocrx_word' id='word_1_461' title='bbox 2188 4143 2356 4182; x_wconf 85' lang='lat' dir='ltr'><strong>contra</strong></span> <span class='ocrx_word' id='word_1_462' title='bbox 2383 4132 2519 4180; x_wconf 83' lang='lat' dir='ltr'><strong>Cice-</strong></span> 
     </span>
    </p>
   </div>
   <div class='ocr_carea' id='block_1_16' title="bbox 3181 2084 3199 2878">
    <p class='ocr_par' dir='ltr' id='par_1_20' title="bbox 3181 2084 3199 2878">
     <span class='ocr_line' id='line_1_73' title="bbox 3181 2084 3199 2878; baseline 0 0"><span class='ocrx_word' id='word_1_463' title='bbox 3181 2084 3199 2878; x_wconf 95' lang='lat' dir='ltr'><strong> </strong></span> 
     </span>
    </p>
   </div>
  </div>
 </body>
</html>
