3217 4784
821 446 945 513 DE
997 447 1167 514 FIN.
1220 433 1427 512 ssoN.
1483 446 1596 512 ET
1648 441 1862 513 MAL.
1912 444 2017 526 v,
2058 467 2169 552 .²7·

2424 437 2564 534 647

437 565 714 636 dixerit.
743 565 1006 636 Eadem
1036 590 1234 636 nunc
1261 591 1421 636 mea
1443 565 1821 637 adversum
1861 579 1931 636 te
1951 567 2183 634 oratio
2215 578 2340 633 est.
2372 565 2568 634 Dicis

436 674 684 744 eadem
727 676 968 745 omnia
1003 691 1075 744 et
1110 673 1343 759 bona,
1383 689 1454 744 et
1495 673 1716 761 mala,
1752 699 1913 771 quae
1952 673 2245 772 quidem
2281 672 2567 759 dicunt,

435 788 560 880 qui
613 808 1009 880 numquam
1053 784 1569 881 philosophum
1621 786 1890 880 pictum
1917 840 1936 872 ‚
1980 800 2065 855 ut
2114 783 2419 870 dicitur,
2464 787 2565 854 vi-

433 893 736 963 derunt:
777 892 1280 974 valitudinem,
1317 895 1534 979 vireS,
1575 908 1919 964 staturam
1944 948 1962 979 ,
2003 892 2308 964 formam
2333 949 2352 980 ,
2378 895 2566 964 inte-

433 1005 758 1098 gritatem
786 1002 1345 1099 unguiculorum
1374 1005 1731 1089 omnium,
1758 1003 1985 1089 bona;
2012 1002 2568 1089 deformitatem,

437 1112 769 1183 morbum
790 1168 808 1199 ,
833 1109 1275 1184 debilitatem
1296 1168 1315 1194 ‚
1345 1115 1596 1184 malav.
1631 1119 1783 1183 Jam
1821 1113 1940 1183 illa
1979 1129 2278 1193 externa
2304 1169 2323 1200 ,
2358 1140 2568 1213 parce

433 1236 512 1290 tu
541 1219 920 1318 quidem⁸t
949 1222 1072 1293 sed
1105 1222 1252 1293 haec
1271 1278 1290 1310 ,
1311 1213 1541 1319 quum
1568 1224 1891 1319 corporis
1922 1221 2114 1292 bona
2144 1225 2287 1293 sint
2315 1249 2568 1295 eorum
2590 1251 2608 1274 ³

437 1330 923 1417 conficientia,
968 1342 1213 1402 certe9
1260 1334 1334 1402 in
1383 1332 1597 1402 bonis
1642 1330 2091 1416 numerabi5‚
2135 1333 2440 1418 amicOS,
2488 1334 2569 1403 li-

433 1508 487 1543 ut
514 1513 679 1543 sensus
714 1497 799 1554 sit,
830 1495 996 1542 «unde
1037 1507 1225 1542 tautum
1253 1495 1373 1542 boui
1401 1496 1453 1543 in

435 1586 602 1622 natura
625 1576 860 1638 reperiat,
886 1589 1036 1637 quum
1064 1589 1167 1620 eam
1196 1575 1360 1622 omnia
1391 1576 1454 1622 ad

436 1655 734 1718 voluptatem
758 1655 929 1701 referre
951 1654 1081 1701 dicat
1091 1675 1132 1702 ι.
1158 1654 1252 1701 Sed
1276 1653 1458 1701 babeat

431 1750 524 1797 pro
549 1744 685 1797 putee
720 1733 877 1795 accipi
919 1743 1082 1796 potest
1118 1749 1131 1781 ε
1163 1749 1453 1797 quamquam

433 1828 541 1858 raro
560 1813 662 1858 sine
682 1811 830 1858 verbo
850 1811 1155 1859 substantivo
1173 1811 1242 1902 ἐφ
1257 1811 1450 1859 dicitur.

433 1894 655 1939 Ceterum
682 1900 871 1935 cantum
891 1889 952 1936 ad
974 1889 1087 1936 boni
1109 1899 1333 1952 pertinet.
1354 1891 1414 1938 G.

507 1987 553 2029 7.
581 1969 712 2017 Dicis
737 1968 847 2015 end.
876 1969 1008 2015 bona
1038 1979 1085 2014 et
1102 1968 1260 2024 mala,
1282 1980 1375 2018 etc.
1395 1971 1452 2017 Iu

432 2050 507 2095 his
535 2046 934 2110 interpretandis,
970 2062 1030 2092 ue
1056 2046 1298 2107 intelligas
1327 2069 1351 2088 α
1370 2063 1453 2095 ea-

433 2128 541 2174 dem
567 2127 708 2173 simul
738 2126 863 2171 bona
904 2134 985 2172 aut
1014 2125 1135 2171 mala
1174 2141 1339 2183 esse»,
1367 2127 1451 2173 sed

432 2230 456 2247 «ι
473 2207 638 2254 eadem
682 2206 804 2252 dicis
846 2206 976 2251 bona
1018 2215 1103 2250 aut
1146 2206 1269 2252 mala
1287 2241 1301 2260 ‚
1343 2222 1452 2269 quae

432 2287 560 2333 bona
587 2297 671 2332 aut
695 2285 816 2331 mala
842 2283 960 2331 dicit
978 2284 1197 2346 ignarum
1222 2284 1448 2347 vulgus».

432 2394 500 2403 —
540 2367 750 2430 Ince-grie.
797 2365 988 2429 ungarie.
1032 2363 1246 2410 omnium
1285 2365 1416 2411 bona
1430 2383 1451 2421 ‚-

432 2444 532 2508 des.
553 2462 614 2491 m.
643 2445 750 2493 deb.
769 2447 922 2492 mala.
946 2447 1081 2491 Goer.
1102 2444 1286 2491 omittit
1303 2443 1450 2504 bona,

431 2534 478 2571 et
509 2524 644 2571 mala
665 2522 802 2570 uncis
820 2521 1038 2570 includit.
1067 2522 1206 2568 Mala
1222 2556 1236 2578 ‚
1262 2522 1422 2585 inquit
1437 2559 1450 2581 ,

430 2603 568 2666 quod
614 2604 750 2650 uncis
787 2601 1092 2657 addiximus,
1130 2601 1308 2663 legitur
1344 2601 1452 2663 qui-

433 2682 542 2729 dem
567 2682 620 2728 in
647 2681 838 2744 scriptis
867 2680 1105 2743 editisque
1141 2690 1257 2728 vett.
1287 2681 1452 2727 omni·

430 2761 522 2808 bus
540 2776 555 2809 :
573 2761 659 2808 sed
676 2796 691 2820 ,
723 2759 859 2824 quod
878 2771 981 2808 tum
1007 2771 1119 2824 post
1145 2759 1359 2806 omnium
1374 2775 1453 2807 ne-

429 2840 637 2886 cessario
680 2840 967 2901 requiritur,
1011 2838 1138 2885 bona
1158 2875 1173 2898 ,
1227 2838 1451 2902 nuspiam

431 2927 694 2981 comparet.
730 2917 928 2979 Duplex
948 2916 1095 2977 igitur
1135 2917 1452 2963 correctionis

429 2996 550 3043 ratio
575 2994 680 3041 haec
712 3004 848 3056 patet
862 3028 876 3050 ,
898 3004 954 3039 ut
973 2992 1051 3039 vel
1075 2993 1207 3040 bona
1225 2992 1450 3050 addatur,

431 3075 502 3122 vei
542 3074 675 3120 mala
720 3071 979 3118 recidatur.
1036 3070 1196 3126 Illam,
1244 3070 1451 3133 praesule

429 3151 662 3201 Lambino
672 3185 687 3208 ,
707 3150 1119 3212 suffragatoreque
1137 3149 1340 3195 Davisio
1352 3182 1366 3207 ,
1384 3165 1450 3196 se-

428 3241 607 3293 quutus
630 3238 702 3276 est
728 3228 992 3275 Etnestius.
1017 3226 1111 3275 sed
1131 3237 1450 3290 praeterquam

428 3308 560 3373 quod
597 3306 728 3355 haud
773 3305 1031 3370 dispicias,
1063 3321 1164 3369 quo
1204 3307 1306 3354 sato
1351 3323 1449 3354 vox

426 3389 530 3436 haec
553 3386 790 3435 exciderit
803 3418 817 3444 ,
835 3386 936 3447 ipsa
958 3386 1054 3433 loci
1076 3395 1315 3433 structura
1335 3385 1450 3433 hor-

429 3467 582 3515 ridior
620 3463 735 3512 inde
787 3464 950 3511 evadit
991 3475 1042 3511 et
1081 3465 1333 3524 coactior;
1400 3476 1449 3512 et

428 3546 658 3595 consulto
679 3544 824 3592 verba
847 3545 917 3591 sic
941 3543 1178 3591 collocata
1202 3543 1446 3600 videntur,

427 3639 484 3675 ut
509 3624 721 3673 omnium
750 3624 914 3687 (quod
938 3622 1077 3671 valde
1101 3633 1273 3670 auctor
1289 3622 1444 3684 amat)

429 3706 684 3753 clausulam
723 3714 972 3767 protaseos
1017 3712 1240 3764 occupet.
1290 3702 1358 3749 At
1395 3702 1446 3747 in

430 3801 550 3832 voce
585 3784 722 3831 mala
763 3781 984 3829 addenda
1012 3781 1275 3827 scribarum
1310 3782 1447 3843 inge·

429 3864 564 3910 nium
590 3862 733 3909 facile
756 3860 1009 3924 agnoveris
1026 3860 1238 3922 :quippe
1255 3860 1341 3922 qui
1361 3876 1450 3924 pu·

430 3952 586 3988 tarent
628 3941 814 3988 scilicet
834 3975 848 3998 ,
895 3939 1032 3986 aliter
1078 3938 1180 3986 haec
1226 3939 1448 4002 dignosci

431 4037 531 4068 nou
554 4036 721 4083 posse,
755 4021 877 4076 uisi,
894 4020 955 4066 ad
975 4019 1106 4082 quod
1133 4035 1285 4082 genus
1310 4023 1455 4068 refer-

432 4110 619 4156 rentur,
664 4098 940 4147 adderetur.
986 4102 1147 4162 Atque
1181 4115 1294 4146 sane
1324 4112 1458 4148 utra-

432 4193 526 4243 que
567 4194 688 4225 voce
730 4179 833 4226 siue
869 4179 1085 4228 molestia
1115 4179 1355 4236 carueris,
1393 4180 1461 4238 si,

1540 1511 1648 1558 quae
1694 1493 1816 1542 mala
1854 1493 2130 1549 adduntur,
2166 1495 2302 1541 vocis
2344 1495 2571 1544 modula-

1539 1575 1675 1622 tione
1701 1583 1934 1637 gestuque
1956 1573 2151 1620 diverso
2185 1583 2351 1621 notata
2383 1577 2570 1638 cogita-

1537 1654 1624 1700 ris.
1657 1651 1864 1700 Accedit
1884 1653 2018 1715 quod
2052 1669 2196 1700 seusu
2221 1652 2446 1701 aberrare
2467 1670 2569 1701 non

1535 1731 1714 1795 possis,
1732 1747 1881 1794 quum
1904 1733 2073 1794 paucis
2091 1741 2201 1779 ante
2222 1731 2352 1778 bona
2371 1744 2418 1779 et
2434 1734 2569 1780 mala

1536 1812 1886 1873 praecesserint.

1608 1890 1661 1937 8.
1688 1893 1847 1936 Parce
1864 1901 1915 1936 tu
1935 1889 2143 1953 quidem.
2168 1890 2382 1938 Subaudi
2403 1904 2414 1937 τ
2435 1892 2563 1939 inter

1536 1966 1664 2013 bona
1686 1968 2016 2014 numeravisti.

1608 2061 1658 2106 9.
1724 2045 1821 2092 Sed
1861 2045 1991 2104 lna-c,
2020 2063 2167 2109 quum
2194 2047 2410 2111 corporis
2433 2046 2565 2094 bona

2609 1139 2669 1189 81

1533 2125 1633 2170 sine
1659 2141 1827 2172 eorum
1857 2125 2164 2192 conficientia
2190 2163 2203 2184 ‚
2247 2138 2389 2174 certe.
2429 2126 2564 2174 Nihil
2652 2141 2657 2146 ·

1536 2203 1708 2249 mirum
1731 2214 1830 2260 est,
1852 2205 1892 2250 si
1918 2205 2007 2252 ista
2028 2207 2140 2251 VV.
2161 2207 2272 2253 DD.
2294 2219 2398 2253 nou
2422 2221 2565 2268 cepe-

1534 2291 1673 2340 runt,
1715 2297 1867 2344 quum
1909 2284 2011 2347 ipsa
2056 2283 2368 2330 vitiosissima
2414 2284 2564 2331 inter-

1532 2365 1800 2427 punctione
1826 2377 2208 2428 corrumperent.
2240 2367 2562 2430 Distinguunt

1533 2443 1689 2503 euim,
1717 2443 1963 2491 «sedhaec
1991 2459 2141 2506 quum
2168 2445 2391 2508 corporis
2432 2445 2559 2491 bona

1532 2522 1661 2579 sint,
1688 2538 1856 2568 eorum
1893 2520 2197 2570 conficientia
2226 2535 2384 2578 certe,
2414 2534 2509 2571 etc.
2533 2547 2558 2564 a·

1533 2605 1601 2649 At
1648 2611 1887 2648 structura
1930 2602 2129 2664 proprie
2174 2602 2243 2649 sic
2294 2600 2557 2665 procedere

1536 2680 1766 2728 debebat:
1787 2702 1809 2723 ιι
1824 2680 1908 2727 sed
1930 2681 2135 2736 amicos,
2152 2680 2335 2729 liberos
2347 2715 2360 2727 .
2376 2715 2387 2726 .
2401 2716 2413 2728 .
2425 2696 2560 2744 opes,

1531 2760 1639 2807 haec
1667 2771 1799 2806 certe
1827 2760 1877 2805 in
1904 2758 2049 2806 bouis
2077 2759 2352 2806 numerabis
2371 2796 2386 2819 ,
2410 2775 2559 2823 quum

1535 2839 1758 2902 corporis
1799 2836 1926 2884 bona
1973 2840 1989 2898 (
2013 2854 2081 2884 sc.
2126 2854 2236 2900 quae
2279 2848 2331 2885 tu
2357 2837 2409 2885 in
2436 2838 2560 2886 veris

1535 2918 1681 2966 bouIs
1699 2919 1939 2978 numeras)
1958 2918 2052 2963 siut
2072 2915 2332 2964 efficientia
2348 2933 2558 2965 eorum».

1533 2999 1675 3044 Hanc
1703 3007 1991 3045 structuram
2014 3006 2189 3042 auctor
2208 2995 2320 3041 ideo
2348 2995 2562 3058 reliquit,

1532 3075 1667 3137 quod
1685 3076 1789 3122 leoec
1808 3075 2128 3138 prepositum
2144 3072 2583 3136 vellen—Quoad'

1533 3169 1632 3200 rem
1657 3153 1839 3200 tenebis
1853 3186 1868 3212 ,
1888 3154 2187 3201 Antiochum
2217 3154 2435 3217 corporis
2454 3156 2559 3217 qui-

1533 3231 1643 3278 dem
1667 3231 1797 3279 bona
1821 3218 1870 3278 in
1894 3233 2018 3280 veris
2036 3232 2178 3278 bouis
2191 3232 2558 3293 judicasse,sed

1531 3326 1641 3373 quae
1669 3311 2000 3372 Peripateticis
2048 3322 2246 3357 externa
2293 3310 2422 3357 bona
2465 3327 2556 3358 au·

1535 3388 1706 3447 diunt,
1732 3405 1786 3436 ea
1808 3405 1918 3435 vere
1945 3389 2073 3436 bona
2101 3388 2331 3452 appellari
2369 3389 2557 3436 noluis-

1530 3485 1597 3516 se.
1646 3467 1932 3531 Expetenda
1967 3482 2018 3514 ea
2060 3468 2256 3530 quidem
2301 3483 2432 3524 esse,
2472 3469 2557 3515 sed

1533 3562 1631 3594 non
1648 3558 1852 3611 propter
1886 3563 1938 3593 se
1962 3546 2253 3610 expetenda.
2297 3546 2374 3594 Cf.
2412 3564 2557 3611 supra

1539 3628 1601 3672 23
1624 3661 1639 3685 ,
1665 3626 1751 3688 69.
1794 3627 1905 3673 Jam
1950 3641 2120 3673 sensus
2162 3638 2233 3673 est
2253 3660 2267 3684 ‚
2310 3628 2558 3676 “Externa

1536 3719 1687 3767 porro
1712 3705 1794 3751 illa
1820 3720 1989 3768 parce,
2022 3716 2073 3752 tu
2101 3705 2297 3768 quidem
2318 3706 2459 3754 bonis
2480 3708 2559 3755 ad·

1538 3783 1614 3830 dis
1635 3800 1647 3831 ε
1670 3783 1757 3830 sed
1782 3800 1935 3847 quum
1977 3785 2154 3846 amici,
2177 3784 2395 3836 liberi...
2443 3803 2560 3850 opes

1538 3864 1666 3911 bona
1690 3865 1912 3929 corporis
1932 3865 2193 3914 conficiant
2214 3878 2264 3914 et
2284 3865 2558 3918 concilient,

1538 3954 1668 3992 certe
1693 3944 1798 3992 haec
1821 3961 2018 4008 quoqne
2036 3945 2211 4004 bonis(
2229 3944 2339 3990 licet
2365 3953 2559 3989 externa

1549 4025 1678 4085 sint)
1713 4024 2048 4071 annumerabis
2062 4046 2102 4067 a.
2130 4022 2266 4067 Nihil
2296 4021 2441 4082 igitur
2465 4031 2562 4076 est,

1553 4111 1607 4149 ut
1635 4118 1744 4149 cum
1770 4104 1887 4149 Ern.
1917 4103 1969 4148 in
1995 4100 2101 4147 laaec
2127 4099 2376 4157 offendas,
2398 4115 2568 4162 quam-

1554 4196 1694 4244 quam
1724 4178 1999 4243 praecedens
2041 4176 2127 4225 illa
2155 4178 2217 4225 ad
2245 4177 2371 4226 idom
2416 4180 2566 4243 perti-
