<?xml version="1.0" encoding="UTF-8"?>
<!DOCTYPE html PUBLIC "-//W3C//DTD XHTML 1.0 Transitional//EN"
    "http://www.w3.org/TR/xhtml1/DTD/xhtml1-transitional.dtd">
<html xmlns="http://www.w3.org/1999/xhtml" xml:lang="en" lang="en">
 <head>
  <title>
</title>
<meta http-equiv="Content-Type" content="text/html;charset=utf-8" />
  <meta name='ocr-system' content='tesseract 3.04.00' />
  <meta name='ocr-capabilities' content='ocr_page ocr_carea ocr_par ocr_line ocrx_word'/>
</head>
<body>
  <div class='ocr_page' id='page_1' title='image "./mtciceronisquae00clergoog/mtciceronisquae00clergoog_0205.png"; bbox 0 0 3217 4784; ppageno 0'>
   <div class='ocr_carea' id='block_1_1' title="bbox 807 449 2162 529">
    <p class='ocr_par' dir='ltr' id='par_1_1' title="bbox 807 449 2162 529">
     <span class='ocr_line' id='line_1_1' title="bbox 807 449 2162 529; baseline -0.002 -13"><span class='ocrx_word' id='word_1_1' title='bbox 807 449 930 516; x_wconf 93' lang='lat' dir='ltr'>DE</span> <span class='ocrx_word' id='word_1_2' title='bbox 979 450 1155 518; x_wconf 83' lang='lat' dir='ltr'>FIN.</span> <span class='ocrx_word' id='word_1_3' title='bbox 1207 451 1412 518; x_wconf 88' lang='lat' dir='ltr'>BON.</span> <span class='ocrx_word' id='word_1_4' title='bbox 1466 450 1580 516; x_wconf 87' lang='lat' dir='ltr'>ET</span> <span class='ocrx_word' id='word_1_5' title='bbox 1629 451 1849 518; x_wconf 68' lang='lat' dir='ltr'>MAI..</span> <span class='ocrx_word' id='word_1_6' title='bbox 1901 451 2001 529; x_wconf 93' lang='lat' dir='ltr'>Il,</span> <span class='ocrx_word' id='word_1_7' title='bbox 2055 469 2162 515; x_wconf 86' lang='grc' dir='ltr'>ιο.</span> 
     </span>
    </p>
   </div>
   <div class='ocr_carea' id='block_1_2' title="bbox 2423 441 2554 516">
    <p class='ocr_par' dir='ltr' id='par_1_2' title="bbox 2423 441 2554 516">
     <span class='ocr_line' id='line_1_2' title="bbox 2423 441 2554 516; baseline 0.031 -4"><span class='ocrx_word' id='word_1_8' title='bbox 2423 441 2554 516; x_wconf 84' lang='grc' dir='ltr'>ι85</span> 
     </span>
    </p>
   </div>
   <div class='ocr_carea' id='block_1_3' title="bbox 424 567 2559 1327">
    <p class='ocr_par' dir='ltr' id='par_1_3' title="bbox 424 567 2559 1327">
     <span class='ocr_line' id='line_1_3' title="bbox 427 567 2554 670; baseline -0.002 -29"><span class='ocrx_word' id='word_1_9' title='bbox 427 571 868 669; x_wconf 85' lang='lat' dir='ltr'>voluptatem</span> <span class='ocrx_word' id='word_1_10' title='bbox 916 570 1110 642; x_wconf 87' lang='lat' dir='ltr'>illam</span> <span class='ocrx_word' id='word_1_11' title='bbox 1131 582 1184 657; x_wconf 82' lang='lat'>²,</span> <span class='ocrx_word' id='word_1_12' title='bbox 1224 596 1369 667; x_wconf 86' lang='lat' dir='ltr'>qua</span> <span class='ocrx_word' id='word_1_13' title='bbox 1413 570 1730 670; x_wconf 85' lang='lat' dir='ltr'>sublata,</span> <span class='ocrx_word' id='word_1_14' title='bbox 1771 585 1985 668; x_wconf 86' lang='lat' dir='ltr'>neget</span> <span class='ocrx_word' id='word_1_15' title='bbox 2030 594 2105 640; x_wconf 88' lang='lat' dir='ltr'>se</span> <span class='ocrx_word' id='word_1_16' title='bbox 2154 567 2554 664; x_wconf 86' lang='lat' dir='ltr'>intelligere</span> 
     </span>
     <span class='ocr_line' id='line_1_4' title="bbox 425 679 2556 777; baseline -0.002 -26"><span class='ocrx_word' id='word_1_17' title='bbox 425 682 761 768; x_wconf 79' lang='lat' dir='ltr'>omnine,</span> <span class='ocrx_word' id='word_1_18' title='bbox 798 681 975 777; x_wconf 89' lang='lat' dir='ltr'>quid</span> <span class='ocrx_word' id='word_1_19' title='bbox 1011 682 1101 750; x_wconf 88' lang='lat' dir='ltr'>sit</span> <span class='ocrx_word' id='word_1_20' title='bbox 1127 679 1405 750; x_wconf 90' lang='lat' dir='ltr'>bonum</span> <span class='ocrx_word' id='word_1_21' title='bbox 1443 682 1644 775; x_wconf 85' lang='lat' dir='ltr'>(eam</span> <span class='ocrx_word' id='word_1_22' title='bbox 1674 694 1911 751; x_wconf 84' lang='lat' dir='ltr'>autem</span> <span class='ocrx_word' id='word_1_23' title='bbox 1941 683 2037 750; x_wconf 84' lang='lat' dir='ltr'>ita</span> <span class='ocrx_word' id='word_1_24' title='bbox 2069 680 2556 776; x_wconf 84' lang='lat' dir='ltr'><strong>persequitur,</strong></span> 
     </span>
     <span class='ocr_line' id='line_1_5' title="bbox 424 787 2554 889; baseline -0.001 -29"><span class='ocrx_word' id='word_1_25' title='bbox 424 816 584 888; x_wconf 81' lang='lat' dir='ltr'>quae</span> <span class='ocrx_word' id='word_1_26' title='bbox 629 791 867 889; x_wconf 84' lang='lat' dir='ltr'>palato</span> <span class='ocrx_word' id='word_1_27' title='bbox 933 791 1396 888; x_wconf 84' lang='lat' dir='ltr'>percipiatur,</span> <span class='ocrx_word' id='word_1_28' title='bbox 1443 815 1606 887; x_wconf 83' lang='lat' dir='ltr'>quae</span> <span class='ocrx_word' id='word_1_29' title='bbox 1657 789 1992 876; x_wconf 82' lang='lat' dir='ltr'>auribus3</span> <span class='ocrx_word' id='word_1_30' title='bbox 2038 804 2273 861; x_wconf 82' lang='lat' dir='ltr'>cetera</span> <span class='ocrx_word' id='word_1_31' title='bbox 2320 787 2554 869; x_wconf 82' lang='lat' dir='ltr'>addit,</span> 
     </span>
     <span class='ocr_line' id='line_1_6' title="bbox 424 888 2558 999; baseline -0.002 -27"><span class='ocrx_word' id='word_1_32' title='bbox 424 888 586 999; x_wconf 78' lang='lat' dir='ltr'>quae</span> <span class='ocrx_word' id='word_1_33' title='bbox 636 902 693 971; x_wconf 90' lang='lat' dir='ltr'>si</span> <span class='ocrx_word' id='word_1_34' title='bbox 751 900 1103 998; x_wconf 83' lang='lat' dir='ltr'>appelles,</span> <span class='ocrx_word' id='word_1_35' title='bbox 1148 898 1384 972; x_wconf 90' lang='lat' dir='ltr'>honos</span> <span class='ocrx_word' id='word_1_36' title='bbox 1427 898 1835 997; x_wconf 85' lang='lat' dir='ltr'>praefandus</span> <span class='ocrx_word' id='word_1_37' title='bbox 1878 896 2093 995; x_wconf 79' lang='lat' dir='ltr'>sit³);</span> <span class='ocrx_word' id='word_1_38' title='bbox 2136 898 2278 969; x_wconf 88' lang='lat' dir='ltr'>hoc</span> <span class='ocrx_word' id='word_1_39' title='bbox 2315 899 2558 997; x_wconf 80' lang='lat' dir='ltr'>igitur,</span> 
     </span>
     <span class='ocr_line' id='line_1_7' title="bbox 427 1007 2558 1109; baseline -0.001 -28"><span class='ocrx_word' id='word_1_40' title='bbox 427 1010 629 1108; x_wconf 91' lang='lat' dir='ltr'>quod</span> <span class='ocrx_word' id='word_1_41' title='bbox 685 1012 920 1082; x_wconf 87' lang='lat' dir='ltr'>solum</span> <span class='ocrx_word' id='word_1_42' title='bbox 975 1009 1258 1081; x_wconf 91' lang='lat' dir='ltr'>bonum</span> <span class='ocrx_word' id='word_1_43' title='bbox 1311 1034 1602 1082; x_wconf 83' lang='lat' dir='ltr'>severus</span> <span class='ocrx_word' id='word_1_44' title='bbox 1661 1026 1735 1082; x_wconf 92' lang='lat' dir='ltr'>et</span> <span class='ocrx_word' id='word_1_45' title='bbox 1784 1011 2017 1109; x_wconf 86' lang='lat' dir='ltr'>gravis</span> <span class='ocrx_word' id='word_1_46' title='bbox 2079 1007 2558 1108; x_wconf 88' lang='lat' dir='ltr'>philosophus</span> 
     </span>
     <span class='ocr_line' id='line_1_8' title="bbox 426 1118 2556 1218; baseline -0.001 -28"><span class='ocrx_word' id='word_1_47' title='bbox 426 1123 660 1204; x_wconf 89' lang='lat' dir='ltr'>novit,</span> <span class='ocrx_word' id='word_1_48' title='bbox 697 1119 888 1191; x_wconf 90' lang='lat' dir='ltr'>idem</span> <span class='ocrx_word' id='word_1_49' title='bbox 932 1145 1081 1190; x_wconf 90' lang='lat' dir='ltr'>non</span> <span class='ocrx_word' id='word_1_50' title='bbox 1133 1119 1327 1191; x_wconf 88' lang='lat' dir='ltr'>videt</span> <span class='ocrx_word' id='word_1_51' title='bbox 1363 1146 1456 1191; x_wconf 90' lang='lat' dir='ltr'>ne</span> <span class='ocrx_word' id='word_1_52' title='bbox 1506 1118 1995 1218; x_wconf 83' lang='lat' dir='ltr'>expetendum</span> <span class='ocrx_word' id='word_1_53' title='bbox 2033 1118 2328 1217; x_wconf 90' lang='lat' dir='ltr'>quidem</span> <span class='ocrx_word' id='word_1_54' title='bbox 2365 1142 2556 1202; x_wconf 85' lang='lat' dir='ltr'>esse,</span> 
     </span>
     <span class='ocr_line' id='line_1_9' title="bbox 428 1227 2559 1327; baseline 0 -28"><span class='ocrx_word' id='word_1_55' title='bbox 428 1229 629 1327; x_wconf 89' lang='lat' dir='ltr'>quod</span> <span class='ocrx_word' id='word_1_56' title='bbox 665 1227 749 1300; x_wconf 88' lang='lat' dir='ltr'>ad</span> <span class='ocrx_word' id='word_1_57' title='bbox 781 1254 937 1301; x_wconf 86' lang='lat' dir='ltr'>earn</span> <span class='ocrx_word' id='word_1_58' title='bbox 978 1230 1421 1327; x_wconf 86' lang='lat' dir='ltr'>voluptatem</span> <span class='ocrx_word' id='word_1_59' title='bbox 1449 1230 1591 1301; x_wconf 88' lang='lat' dir='ltr'>hoc</span> <span class='ocrx_word' id='word_1_60' title='bbox 1629 1231 1885 1303; x_wconf 87' lang='lat' dir='ltr'>eodem</span> <span class='ocrx_word' id='word_1_61' title='bbox 1924 1242 2217 1301; x_wconf 86' lang='lat' dir='ltr'>auctore</span> <span class='ocrx_word' id='word_1_62' title='bbox 2248 1254 2397 1299; x_wconf 87' lang='lat' dir='ltr'>uon</span> <span class='ocrx_word' id='word_1_63' title='bbox 2434 1228 2559 1299; x_wconf 87' lang='lat' dir='ltr'>de-</span> 
     </span>
    </p>
   </div>
   <div class='ocr_carea' id='block_1_4' title="bbox 431 1341 2560 1440">
    <p class='ocr_par' dir='ltr' id='par_1_4' title="bbox 431 1341 2560 1440">
     <span class='ocr_line' id='line_1_10' title="bbox 431 1341 2560 1440; baseline -0.001 -26"><span class='ocrx_word' id='word_1_64' title='bbox 431 1343 864 1430; x_wconf 87' lang='lat' dir='ltr'>sideremus,</span> <span class='ocrx_word' id='word_1_65' title='bbox 919 1368 1144 1440; x_wconf 89' lang='lat' dir='ltr'>quum</span> <span class='ocrx_word' id='word_1_66' title='bbox 1185 1343 1437 1414; x_wconf 88' lang='lat' dir='ltr'>dolore</span> <span class='ocrx_word' id='word_1_67' title='bbox 1474 1368 1858 1416; x_wconf 78' lang='lat' dir='ltr'>careamus,</span> <span class='ocrx_word' id='word_1_68' title='bbox 1926 1345 2160 1433; x_wconf 85' lang='lat' dir='ltr'>Quam</span> <span class='ocrx_word' id='word_1_69' title='bbox 2201 1341 2351 1413; x_wconf 83' lang='lat' dir='ltr'>haec</span> <span class='ocrx_word' id='word_1_70' title='bbox 2389 1357 2560 1413; x_wconf 89' lang='lat' dir='ltr'>sunt</span> 
     </span>
    </p>
   </div>
   <div class='ocr_carea' id='block_1_5' title="bbox 430 1450 2664 1539">
    <p class='ocr_par' dir='ltr' id='par_1_5' title="bbox 430 1450 2664 1539">
     <span class='ocr_line' id='line_1_11' title="bbox 430 1450 2664 1539; baseline -0.002 -14"><span class='ocrx_word' id='word_1_71' title='bbox 430 1456 786 1525; x_wconf 85' lang='lat' dir='ltr'>contraria</span> <span class='ocrx_word' id='word_1_72' title='bbox 806 1451 870 1522; x_wconf 71' lang='lat'>4!</span> <span class='ocrx_word' id='word_1_73' title='bbox 910 1455 1041 1525; x_wconf 91' lang='lat' dir='ltr'>Hic</span> <span class='ocrx_word' id='word_1_74' title='bbox 1070 1455 1128 1525; x_wconf 90' lang='lat' dir='ltr'>si</span> <span class='ocrx_word' id='word_1_75' title='bbox 1165 1452 1503 1539; x_wconf 88' lang='lat' dir='ltr'>definire,</span> <span class='ocrx_word' id='word_1_76' title='bbox 1538 1455 1650 1524; x_wconf 89' lang='lat' dir='ltr'>vel</span> <span class='ocrx_word' id='word_1_77' title='bbox 1680 1450 2041 1524; x_wconf 88' lang='lat' dir='ltr'>dividere⁵</span> <span class='ocrx_word' id='word_1_78' title='bbox 2072 1450 2473 1537; x_wconf 88' lang='lat' dir='ltr'>didicisset,</span> <span class='ocrx_word' id='word_1_79' title='bbox 2500 1453 2559 1522; x_wconf 88' lang='lat' dir='ltr'>si</span> <span class='ocrx_word' id='word_1_80' title='bbox 2597 1469 2664 1523; x_wconf 82' lang='lat'>30</span> 
     </span>
    </p>
   </div>
   <div class='ocr_carea' id='block_1_6' title="bbox 430 1560 2564 1880">
    <p class='ocr_par' dir='ltr' id='par_1_6' title="bbox 430 1560 2564 1880">
     <span class='ocr_line' id='line_1_12' title="bbox 430 1560 2557 1661; baseline -0.002 -26"><span class='ocrx_word' id='word_1_81' title='bbox 430 1562 777 1661; x_wconf 86' lang='lat' dir='ltr'>loquendi</span> <span class='ocrx_word' id='word_1_82' title='bbox 820 1568 995 1649; x_wconf 85' lang='lat' dir='ltr'>vim,</span> <span class='ocrx_word' id='word_1_83' title='bbox 1044 1565 1102 1634; x_wconf 85' lang='lat' dir='ltr'>si</span> <span class='ocrx_word' id='word_1_84' title='bbox 1153 1560 1471 1660; x_wconf 86' lang='lat' dir='ltr'>denique</span> <span class='ocrx_word' id='word_1_85' title='bbox 1523 1562 2125 1634; x_wconf 88' lang='lat' dir='ltr'>consuetudinem</span> <span class='ocrx_word' id='word_1_86' title='bbox 2172 1560 2557 1632; x_wconf 89' lang='lat' dir='ltr'>verborum</span> 
     </span>
     <span class='ocr_line' id='line_1_13' title="bbox 432 1669 2563 1768; baseline -0.002 -24"><span class='ocrx_word' id='word_1_87' title='bbox 432 1688 747 1760; x_wconf 87' lang='lat' dir='ltr'>teneret,</span> <span class='ocrx_word' id='word_1_88' title='bbox 787 1695 1185 1768; x_wconf 85' lang='lat' dir='ltr'>numquam</span> <span class='ocrx_word' id='word_1_89' title='bbox 1217 1674 1291 1740; x_wconf 89' lang='lat' dir='ltr'>in</span> <span class='ocrx_word' id='word_1_90' title='bbox 1320 1686 1553 1741; x_wconf 84' lang='lat' dir='ltr'>tantas</span> <span class='ocrx_word' id='word_1_91' title='bbox 1585 1669 1897 1743; x_wconf 82' lang='lat' dir='ltr'>salebras</span> <span class='ocrx_word' id='word_1_92' title='bbox 1924 1670 2311 1742; x_wconf 89' lang='lat' dir='ltr'>incidisset.</span> <span class='ocrx_word' id='word_1_93' title='bbox 2350 1673 2563 1741; x_wconf 89' lang='lat' dir='ltr'>Nunc</span> 
     </span>
     <span class='ocr_line' id='line_1_14' title="bbox 431 1776 2564 1880; baseline -0 -27"><span class='ocrx_word' id='word_1_94' title='bbox 431 1783 665 1870; x_wconf 75' lang='lat' dir='ltr'>vide5‚</span> <span class='ocrx_word' id='word_1_95' title='bbox 717 1782 897 1880; x_wconf 89' lang='lat' dir='ltr'>quid</span> <span class='ocrx_word' id='word_1_96' title='bbox 954 1776 1232 1852; x_wconf 68' lang='lat' dir='ltr'>faciatss.</span> <span class='ocrx_word' id='word_1_97' title='bbox 1279 1783 1516 1870; x_wconf 85' lang='lat' dir='ltr'>Quam</span> <span class='ocrx_word' id='word_1_98' title='bbox 1568 1806 1788 1852; x_wconf 88' lang='lat' dir='ltr'>nemo</span> <span class='ocrx_word' id='word_1_99' title='bbox 1842 1806 2188 1879; x_wconf 88' lang='lat' dir='ltr'>umquam</span> <span class='ocrx_word' id='word_1_100' title='bbox 2230 1780 2564 1876; x_wconf 81' lang='lat' dir='ltr'>volupta-</span> 
     </span>
    </p>
   </div>
   <div class='ocr_carea' id='block_1_7' title="bbox 431 1975 1464 4172">
    <p class='ocr_par' dir='ltr' id='par_1_7' title="bbox 431 1975 1458 3062">
     <span class='ocr_line' id='line_1_15' title="bbox 433 1975 1450 2041; baseline 0.002 -17"><span class='ocrx_word' id='word_1_101' title='bbox 433 1979 556 2025; x_wconf 79' lang='lat' dir='ltr'>viam</span> <span class='ocrx_word' id='word_1_102' title='bbox 576 1976 830 2035; x_wconf 71' lang='lat' dir='ltr'>deflectere</span> <span class='ocrx_word' id='word_1_103' title='bbox 845 2013 860 2034; x_wconf 92' lang='lat'>,</span> <span class='ocrx_word' id='word_1_104' title='bbox 887 1976 1003 2025; x_wconf 86' lang='lat' dir='ltr'>alibi</span> <span class='ocrx_word' id='word_1_105' title='bbox 1024 1992 1153 2041; x_wconf 73' lang='lat' dir='ltr'>soepe</span> <span class='ocrx_word' id='word_1_106' title='bbox 1173 1975 1450 2026; x_wconf 75' lang='lat' dir='ltr'>docuimus.</span> 
     </span>
     <span class='ocr_line' id='line_1_16' title="bbox 431 2054 1455 2123; baseline 0.002 -21"><span class='ocrx_word' id='word_1_107' title='bbox 431 2057 633 2118; x_wconf 72' lang='lat' dir='ltr'>Pergere</span> <span class='ocrx_word' id='word_1_108' title='bbox 687 2056 835 2119; x_wconf 80' lang='lat' dir='ltr'>igitur</span> <span class='ocrx_word' id='word_1_109' title='bbox 887 2055 1044 2103; x_wconf 86' lang='lat' dir='ltr'>oratio</span> <span class='ocrx_word' id='word_1_110' title='bbox 1097 2055 1167 2123; x_wconf 78' lang='lat' dir='ltr'>sic</span> <span class='ocrx_word' id='word_1_111' title='bbox 1215 2054 1421 2104; x_wconf 84' lang='lat' dir='ltr'>debebat</span> <span class='ocrx_word' id='word_1_112' title='bbox 1439 2091 1455 2114; x_wconf 90' lang='lat'><strong>‚</strong></span> 
     </span>
     <span class='ocr_line' id='line_1_17' title="bbox 432 2134 1452 2201; baseline 0.01 -26"><span class='ocrx_word' id='word_1_113' title='bbox 432 2156 457 2175; x_wconf 77' lang='grc'>.-</span> <span class='ocrx_word' id='word_1_114' title='bbox 477 2134 686 2181; x_wconf 79' lang='lat' dir='ltr'>maximo</span> <span class='ocrx_word' id='word_1_115' title='bbox 703 2144 987 2197; x_wconf 77' lang='lat' dir='ltr'>argumento</span> <span class='ocrx_word' id='word_1_116' title='bbox 1009 2151 1136 2193; x_wconf 87' lang='lat' dir='ltr'>esse,</span> <span class='ocrx_word' id='word_1_117' title='bbox 1153 2134 1452 2201; x_wconf 85' lang='lat' dir='ltr'>voluptatem</span> 
     </span>
     <span class='ocr_line' id='line_1_18' title="bbox 431 2211 1455 2262; baseline 0.002 -2"><span class='ocrx_word' id='word_1_118' title='bbox 431 2212 588 2261; x_wconf 86' lang='lat' dir='ltr'>illam.</span> <span class='ocrx_word' id='word_1_119' title='bbox 612 2247 623 2258; x_wconf 92' lang='lat'>.</span> <span class='ocrx_word' id='word_1_120' title='bbox 646 2247 659 2260; x_wconf 94' lang='lat'>.</span> <span class='ocrx_word' id='word_1_121' title='bbox 689 2211 786 2258; x_wconf 85' lang='lat' dir='ltr'>boc</span> <span class='ocrx_word' id='word_1_122' title='bbox 813 2211 987 2259; x_wconf 85' lang='lat' dir='ltr'>eodem</span> <span class='ocrx_word' id='word_1_123' title='bbox 1004 2222 1202 2260; x_wconf 84' lang='lat' dir='ltr'>auctore</span> <span class='ocrx_word' id='word_1_124' title='bbox 1228 2229 1327 2260; x_wconf 92' lang='lat' dir='ltr'>non</span> <span class='ocrx_word' id='word_1_125' title='bbox 1353 2231 1455 2262; x_wconf 84' lang='lat' dir='ltr'>esse</span> 
     </span>
     <span class='ocr_line' id='line_1_19' title="bbox 434 2290 1455 2350; baseline 0.002 -11"><span class='ocrx_word' id='word_1_126' title='bbox 434 2290 800 2339; x_wconf 84' lang='lat' dir='ltr'>desiderandam</span> <span class='ocrx_word' id='word_1_127' title='bbox 822 2322 838 2350; x_wconf 86' lang='lat'>‚</span> <span class='ocrx_word' id='word_1_128' title='bbox 867 2301 961 2337; x_wconf 90' lang='lat' dir='ltr'>etc.</span> <span class='ocrx_word' id='word_1_129' title='bbox 988 2311 1011 2333; x_wconf 75' lang='grc' dir='ltr'>ι</span> <span class='ocrx_word' id='word_1_130' title='bbox 1034 2292 1225 2340; x_wconf 84' lang='lat' dir='ltr'>Horum</span> <span class='ocrx_word' id='word_1_131' title='bbox 1250 2291 1364 2339; x_wconf 86' lang='lat' dir='ltr'>loeo</span> <span class='ocrx_word' id='word_1_132' title='bbox 1387 2294 1455 2341; x_wconf 84' lang='lat' dir='ltr'>ita</span> 
     </span>
     <span class='ocr_line' id='line_1_20' title="bbox 435 2367 1457 2433; baseline 0.002 -16"><span class='ocrx_word' id='word_1_133' title='bbox 435 2380 615 2417; x_wconf 84' lang='lat' dir='ltr'>mutata</span> <span class='ocrx_word' id='word_1_134' title='bbox 641 2379 743 2429; x_wconf 88' lang='lat' dir='ltr'>est,</span> <span class='ocrx_word' id='word_1_135' title='bbox 775 2378 830 2417; x_wconf 85' lang='lat' dir='ltr'>ut</span> <span class='ocrx_word' id='word_1_136' title='bbox 856 2367 1007 2416; x_wconf 83' lang='lat' dir='ltr'>vides.</span> <span class='ocrx_word' id='word_1_137' title='bbox 1044 2370 1123 2417; x_wconf 88' lang='lat' dir='ltr'>Sic</span> <span class='ocrx_word' id='word_1_138' title='bbox 1160 2368 1282 2417; x_wconf 84' lang='lat' dir='ltr'>nibil</span> <span class='ocrx_word' id='word_1_139' title='bbox 1314 2371 1457 2433; x_wconf 83' lang='lat' dir='ltr'>plane</span> 
     </span>
     <span class='ocr_line' id='line_1_21' title="bbox 433 2445 1455 2510; baseline 0 -14"><span class='ocrx_word' id='word_1_140' title='bbox 433 2459 534 2508; x_wconf 83' lang='lat' dir='ltr'>est,</span> <span class='ocrx_word' id='word_1_141' title='bbox 556 2463 644 2495; x_wconf 90' lang='lat' dir='ltr'>cur</span> <span class='ocrx_word' id='word_1_142' title='bbox 663 2457 775 2494; x_wconf 86' lang='lat' dir='ltr'>ante</span> <span class='ocrx_word' id='word_1_143' title='bbox 795 2446 899 2493; x_wconf 74' lang='lat' dir='ltr'>baec</span> <span class='ocrx_word' id='word_1_144' title='bbox 922 2462 1033 2494; x_wconf 86' lang='lat' dir='ltr'>cnm</span> <span class='ocrx_word' id='word_1_145' title='bbox 1055 2445 1245 2510; x_wconf 81' lang='lat' dir='ltr'>vulgata</span> <span class='ocrx_word' id='word_1_146' title='bbox 1270 2445 1455 2496; x_wconf 80' lang='lat' dir='ltr'>lacnnae</span> 
     </span>
     <span class='ocr_line' id='line_1_22' title="bbox 432 2526 1458 2591; baseline -0.001 -16"><span class='ocrx_word' id='word_1_147' title='bbox 432 2529 565 2590; x_wconf 71' lang='lat' dir='ltr'>signs</span> <span class='ocrx_word' id='word_1_148' title='bbox 601 2541 783 2591; x_wconf 87' lang='lat' dir='ltr'>ponas;</span> <span class='ocrx_word' id='word_1_149' title='bbox 818 2526 987 2573; x_wconf 86' lang='lat' dir='ltr'>intime</span> <span class='ocrx_word' id='word_1_150' title='bbox 1022 2527 1150 2574; x_wconf 86' lang='lat' dir='ltr'>enim</span> <span class='ocrx_word' id='word_1_151' title='bbox 1189 2541 1298 2573; x_wconf 89' lang='lat' dir='ltr'>cum</span> <span class='ocrx_word' id='word_1_152' title='bbox 1328 2543 1458 2590; x_wconf 68' lang='lat' dir='ltr'>prm-</span> 
     </span>
     <span class='ocr_line' id='line_1_23' title="bbox 431 2603 1457 2667; baseline 0 -14"><span class='ocrx_word' id='word_1_153' title='bbox 431 2604 572 2653; x_wconf 83' lang='lat' dir='ltr'>cedd.</span> <span class='ocrx_word' id='word_1_154' title='bbox 599 2604 864 2653; x_wconf 74' lang='lat' dir='ltr'>cohaerent.</span> <span class='ocrx_word' id='word_1_155' title='bbox 908 2604 1112 2667; x_wconf 81' lang='lat' dir='ltr'>Neque,</span> <span class='ocrx_word' id='word_1_156' title='bbox 1136 2615 1191 2652; x_wconf 89' lang='lat' dir='ltr'>ut</span> <span class='ocrx_word' id='word_1_157' title='bbox 1218 2603 1310 2653; x_wconf 85' lang='lat' dir='ltr'>alia</span> <span class='ocrx_word' id='word_1_158' title='bbox 1345 2605 1457 2653; x_wconf 84' lang='lat' dir='ltr'>intt.</span> 
     </span>
     <span class='ocr_line' id='line_1_24' title="bbox 432 2683 1457 2748; baseline -0.002 -15"><span class='ocrx_word' id='word_1_159' title='bbox 432 2684 689 2733; x_wconf 74' lang='lat' dir='ltr'>conamina</span> <span class='ocrx_word' id='word_1_160' title='bbox 721 2685 996 2740; x_wconf 75' lang='lat' dir='ltr'>mittamus,</span> <span class='ocrx_word' id='word_1_161' title='bbox 1019 2683 1273 2748; x_wconf 75' lang='lat' dir='ltr'>probabis,</span> <span class='ocrx_word' id='word_1_162' title='bbox 1303 2700 1457 2748; x_wconf 90' lang='lat' dir='ltr'>quum</span> 
     </span>
     <span class='ocr_line' id='line_1_25' title="bbox 434 2761 1458 2824; baseline 0 -13"><span class='ocrx_word' id='word_1_163' title='bbox 434 2765 672 2811; x_wconf 84' lang='lat' dir='ltr'>Breminm</span> <span class='ocrx_word' id='word_1_164' title='bbox 709 2761 844 2809; x_wconf 76' lang='lat' dir='ltr'>videt</span> <span class='ocrx_word' id='word_1_165' title='bbox 881 2763 944 2810; x_wconf 86' lang='lat' dir='ltr'>de</span> <span class='ocrx_word' id='word_1_166' title='bbox 989 2778 1079 2809; x_wconf 85' lang='lat' dir='ltr'>suo</span> <span class='ocrx_word' id='word_1_167' title='bbox 1123 2762 1363 2824; x_wconf 73' lang='lat' dir='ltr'>edidisse,</span> <span class='ocrx_word' id='word_1_168' title='bbox 1408 2775 1458 2811; x_wconf 85' lang='lat' dir='ltr'>et</span> 
     </span>
     <span class='ocr_line' id='line_1_26' title="bbox 432 2842 1458 2906; baseline 0 -16"><span class='ocrx_word' id='word_1_169' title='bbox 432 2843 576 2891; x_wconf 83' lang='lat' dir='ltr'>Rath.</span> <span class='ocrx_word' id='word_1_170' title='bbox 604 2843 802 2905; x_wconf 86' lang='lat' dir='ltr'>insuper</span> <span class='ocrx_word' id='word_1_171' title='bbox 828 2842 972 2889; x_wconf 83' lang='lat' dir='ltr'>etiam</span> <span class='ocrx_word' id='word_1_172' title='bbox 995 2854 1139 2906; x_wconf 61' lang='lat' dir='ltr'>neque</span> <span class='ocrx_word' id='word_1_173' title='bbox 1158 2843 1424 2890; x_wconf 78' lang='lat' dir='ltr'>correxisse</span> <span class='ocrx_word' id='word_1_174' title='bbox 1443 2880 1458 2905; x_wconf 89' lang='lat'>‚</span> 
     </span>
     <span class='ocr_line' id='line_1_27' title="bbox 435 2919 1454 2985; baseline 0.003 -19"><span class='ocrx_word' id='word_1_175' title='bbox 435 2920 616 2968; x_wconf 84' lang='lat' dir='ltr'>videas.</span> <span class='ocrx_word' id='word_1_176' title='bbox 647 2920 888 2967; x_wconf 71' lang='lat' dir='ltr'>contexta</span> <span class='ocrx_word' id='word_1_177' title='bbox 904 2952 918 2974; x_wconf 91' lang='lat'>‚</span> <span class='ocrx_word' id='word_1_178' title='bbox 951 2919 1162 2966; x_wconf 85' lang='lat' dir='ltr'>animum</span> <span class='ocrx_word' id='word_1_179' title='bbox 1189 2922 1267 2967; x_wconf 79' lang='lat' dir='ltr'>vel</span> <span class='ocrx_word' id='word_1_180' title='bbox 1287 2938 1454 2985; x_wconf 86' lang='lat' dir='ltr'>parum</span> 
     </span>
     <span class='ocr_line' id='line_1_28' title="bbox 433 2998 1334 3062; baseline 0.001 -16"><span class='ocrx_word' id='word_1_181' title='bbox 433 2998 739 3054; x_wconf 72' lang='lat' dir='ltr'>admoventi,</span> <span class='ocrx_word' id='word_1_182' title='bbox 768 3013 819 3044; x_wconf 81' lang='lat' dir='ltr'>se</span> <span class='ocrx_word' id='word_1_183' title='bbox 843 2998 945 3060; x_wconf 85' lang='lat' dir='ltr'>ipsa</span> <span class='ocrx_word' id='word_1_184' title='bbox 966 2998 1251 3062; x_wconf 83' lang='lat' dir='ltr'>expediunt.</span> <span class='ocrx_word' id='word_1_185' title='bbox 1273 3002 1334 3047; x_wconf 87' lang='lat' dir='ltr'>G.</span> 
     </span>
    </p>

    <p class='ocr_par' dir='ltr' id='par_1_8' title="bbox 435 3075 1458 3284">
     <span class='ocr_line' id='line_1_29' title="bbox 508 3075 1457 3139; baseline 0 -14"><span class='ocrx_word' id='word_1_186' title='bbox 508 3093 556 3125; x_wconf 78' lang='lat' dir='ltr'>a.</span> <span class='ocrx_word' id='word_1_187' title='bbox 581 3077 760 3134; x_wconf 82' lang='lat' dir='ltr'>Illam,</span> <span class='ocrx_word' id='word_1_188' title='bbox 789 3092 851 3123; x_wconf 79' lang='lat' dir='ltr'>ex</span> <span class='ocrx_word' id='word_1_189' title='bbox 877 3075 975 3123; x_wconf 85' lang='lat' dir='ltr'>Pal.</span> <span class='ocrx_word' id='word_1_190' title='bbox 1008 3090 1052 3131; x_wconf 89' lang='lat'>1,</span> <span class='ocrx_word' id='word_1_191' title='bbox 1080 3092 1172 3139; x_wconf 85' lang='lat' dir='ltr'>pro</span> <span class='ocrx_word' id='word_1_192' title='bbox 1199 3077 1351 3124; x_wconf 77' lang='lat' dir='ltr'>ullam</span> <span class='ocrx_word' id='word_1_193' title='bbox 1379 3095 1457 3125; x_wconf 89' lang='lat' dir='ltr'>re·</span> 
     </span>
     <span class='ocr_line' id='line_1_30' title="bbox 435 3154 1458 3220; baseline 0 -15"><span class='ocrx_word' id='word_1_194' title='bbox 435 3168 662 3220; x_wconf 86' lang='lat' dir='ltr'>ceptum,</span> <span class='ocrx_word' id='word_1_195' title='bbox 694 3157 809 3204; x_wconf 85' lang='lat' dir='ltr'>item</span> <span class='ocrx_word' id='word_1_196' title='bbox 836 3155 939 3203; x_wconf 88' lang='lat' dir='ltr'>bini</span> <span class='ocrx_word' id='word_1_197' title='bbox 979 3154 1050 3202; x_wconf 89' lang='lat' dir='ltr'>illi</span> <span class='ocrx_word' id='word_1_198' title='bbox 1082 3156 1238 3204; x_wconf 79' lang='lat' dir='ltr'>nostri</span> <span class='ocrx_word' id='word_1_199' title='bbox 1275 3156 1458 3205; x_wconf 84' lang='lat' dir='ltr'>confir·</span> 
     </span>
     <span class='ocr_line' id='line_1_31' title="bbox 436 3237 678 3284; baseline 0 0"><span class='ocrx_word' id='word_1_200' title='bbox 436 3247 588 3284; x_wconf 87' lang='lat' dir='ltr'>mant.</span> <span class='ocrx_word' id='word_1_201' title='bbox 615 3237 678 3284; x_wconf 89' lang='lat' dir='ltr'>G.</span> 
     </span>
    </p>

    <p class='ocr_par' dir='ltr' id='par_1_9' title="bbox 436 3310 1464 3682">
     <span class='ocr_line' id='line_1_32' title="bbox 508 3310 1458 3378; baseline 0 -17"><span class='ocrx_word' id='word_1_202' title='bbox 508 3316 559 3363; x_wconf 82' lang='lat'>3.</span> <span class='ocrx_word' id='word_1_203' title='bbox 611 3318 733 3378; x_wconf 78' lang='lat' dir='ltr'>Quoe</span> <span class='ocrx_word' id='word_1_204' title='bbox 758 3313 958 3376; x_wconf 78' lang='lat' dir='ltr'>palato.</span> <span class='ocrx_word' id='word_1_205' title='bbox 982 3347 995 3358; x_wconf 94' lang='lat'>.</span> <span class='ocrx_word' id='word_1_206' title='bbox 1017 3347 1032 3361; x_wconf 94' lang='lat'>.</span> <span class='ocrx_word' id='word_1_207' title='bbox 1059 3310 1346 3376; x_wconf 78' lang='lat' dir='ltr'>proesandus</span> <span class='ocrx_word' id='word_1_208' title='bbox 1379 3314 1458 3362; x_wconf 74' lang='lat' dir='ltr'>sic.</span> 
     </span>
     <span class='ocr_line' id='line_1_33' title="bbox 436 3393 1460 3458; baseline -0.004 -13"><span class='ocrx_word' id='word_1_209' title='bbox 436 3393 806 3445; x_wconf 46' lang='lat' dir='ltr'>Inuuitxanctor</span> <span class='ocrx_word' id='word_1_210' title='bbox 828 3394 1050 3443; x_wconf 86' lang='lat' dir='ltr'>eumdem</span> <span class='ocrx_word' id='word_1_211' title='bbox 1074 3396 1233 3458; x_wconf 88' lang='lat' dir='ltr'>ipsum</span> <span class='ocrx_word' id='word_1_212' title='bbox 1261 3395 1460 3458; x_wconf 81' lang='lat' dir='ltr'>Epicuri</span> 
     </span>
     <span class='ocr_line' id='line_1_34' title="bbox 436 3474 1464 3539; baseline -0.002 -16"><span class='ocrx_word' id='word_1_213' title='bbox 436 3476 631 3533; x_wconf 88' lang='lat' dir='ltr'>locum,</span> <span class='ocrx_word' id='word_1_214' title='bbox 668 3491 847 3539; x_wconf 90' lang='lat' dir='ltr'>quem,</span> <span class='ocrx_word' id='word_1_215' title='bbox 883 3475 1060 3539; x_wconf 84' lang='lat' dir='ltr'>saepius</span> <span class='ocrx_word' id='word_1_216' title='bbox 1098 3486 1210 3523; x_wconf 84' lang='lat' dir='ltr'>ante</span> <span class='ocrx_word' id='word_1_217' title='bbox 1236 3474 1464 3538; x_wconf 76' lang='lat' dir='ltr'>indigita-</span> 
     </span>
     <span class='ocr_line' id='line_1_35' title="bbox 438 3552 1460 3621; baseline -0.002 -19"><span class='ocrx_word' id='word_1_218' title='bbox 438 3566 541 3602; x_wconf 89' lang='lat' dir='ltr'>tum</span> <span class='ocrx_word' id='word_1_219' title='bbox 559 3588 575 3614; x_wconf 87' lang='lat'>,</span> <span class='ocrx_word' id='word_1_220' title='bbox 620 3571 766 3618; x_wconf 86' lang='lat' dir='ltr'>supra</span> <span class='ocrx_word' id='word_1_221' title='bbox 812 3554 844 3621; x_wconf 77' lang='lat' dir='ltr'>S</span> <span class='ocrx_word' id='word_1_222' title='bbox 884 3571 930 3615; x_wconf 86' lang='lat'>7,</span> <span class='ocrx_word' id='word_1_223' title='bbox 976 3570 1114 3617; x_wconf 80' lang='lat' dir='ltr'>paene</span> <span class='ocrx_word' id='word_1_224' title='bbox 1153 3553 1215 3600; x_wconf 86' lang='lat' dir='ltr'>ad</span> <span class='ocrx_word' id='word_1_225' title='bbox 1261 3552 1460 3601; x_wconf 74' lang='lat' dir='ltr'>verbum</span> 
     </span>
     <span class='ocr_line' id='line_1_36' title="bbox 440 3634 697 3682; baseline 0.016 -5"><span class='ocrx_word' id='word_1_226' title='bbox 440 3634 602 3682; x_wconf 75' lang='lat' dir='ltr'>vertit.</span> <span class='ocrx_word' id='word_1_227' title='bbox 632 3636 697 3682; x_wconf 91' lang='lat' dir='ltr'>G.</span> 
     </span>
    </p>

    <p class='ocr_par' dir='ltr' id='par_1_10' title="bbox 440 3711 1462 4172">
     <span class='ocr_line' id='line_1_37' title="bbox 510 3711 1462 3778; baseline -0.005 -16"><span class='ocrx_word' id='word_1_228' title='bbox 510 3723 559 3767; x_wconf 68' lang='grc'>4.</span> <span class='ocrx_word' id='word_1_229' title='bbox 587 3717 748 3778; x_wconf 83' lang='lat' dir='ltr'>Quam</span> <span class='ocrx_word' id='word_1_230' title='bbox 766 3711 871 3760; x_wconf 72' lang='lat' dir='ltr'>haec</span> <span class='ocrx_word' id='word_1_231' title='bbox 886 3724 997 3760; x_wconf 81' lang='lat' dir='ltr'>sune</span> <span class='ocrx_word' id='word_1_232' title='bbox 1012 3711 1294 3759; x_wconf 77' lang='lat' dir='ltr'>contraria!</span> <span class='ocrx_word' id='word_1_233' title='bbox 1308 3713 1387 3759; x_wconf 89' lang='lat' dir='ltr'>Sic</span> <span class='ocrx_word' id='word_1_234' title='bbox 1408 3713 1462 3758; x_wconf 88' lang='lat' dir='ltr'>P.</span> 
     </span>
     <span class='ocr_line' id='line_1_38' title="bbox 442 3792 1462 3855; baseline -0.001 -16"><span class='ocrx_word' id='word_1_235' title='bbox 442 3793 593 3840; x_wconf 79' lang='lat' dir='ltr'>Faber</span> <span class='ocrx_word' id='word_1_236' title='bbox 616 3792 679 3841; x_wconf 89' lang='lat' dir='ltr'>ad</span> <span class='ocrx_word' id='word_1_237' title='bbox 708 3792 862 3840; x_wconf 85' lang='lat' dir='ltr'>Acad.</span> <span class='ocrx_word' id='word_1_238' title='bbox 899 3795 947 3851; x_wconf 90' lang='lat'>1,</span> <span class='ocrx_word' id='word_1_239' title='bbox 983 3807 1042 3849; x_wconf 68' lang='grc' dir='ltr'>α,</span> <span class='ocrx_word' id='word_1_240' title='bbox 1079 3792 1337 3855; x_wconf 84' lang='lat' dir='ltr'>legendum</span> <span class='ocrx_word' id='word_1_241' title='bbox 1362 3802 1462 3839; x_wconf 85' lang='lat' dir='ltr'>sta-</span> 
     </span>
     <span class='ocr_line' id='line_1_39' title="bbox 440 3871 1459 3930; baseline -0.003 -10"><span class='ocrx_word' id='word_1_242' title='bbox 440 3872 566 3930; x_wconf 84' lang='lat' dir='ltr'>tuit,</span> <span class='ocrx_word' id='word_1_243' title='bbox 602 3884 650 3920; x_wconf 84' lang='lat' dir='ltr'>et</span> <span class='ocrx_word' id='word_1_244' title='bbox 692 3873 764 3919; x_wconf 89' lang='lat' dir='ltr'>sic</span> <span class='ocrx_word' id='word_1_245' title='bbox 821 3871 946 3919; x_wconf 89' lang='lat' dir='ltr'>bene</span> <span class='ocrx_word' id='word_1_246' title='bbox 990 3871 1137 3918; x_wconf 83' lang='lat' dir='ltr'>suasit</span> <span class='ocrx_word' id='word_1_247' title='bbox 1184 3872 1425 3918; x_wconf 81' lang='lat' dir='ltr'>Gruterus</span> <span class='ocrx_word' id='word_1_248' title='bbox 1445 3904 1459 3926; x_wconf 85' lang='lat'>,</span> 
     </span>
     <span class='ocr_line' id='line_1_40' title="bbox 441 3950 1456 4015; baseline -0.002 -18"><span class='ocrx_word' id='word_1_249' title='bbox 441 3951 655 4015; x_wconf 86' lang='lat' dir='ltr'>deniqne</span> <span class='ocrx_word' id='word_1_250' title='bbox 690 3952 871 4015; x_wconf 87' lang='lat' dir='ltr'>recepit</span> <span class='ocrx_word' id='word_1_251' title='bbox 898 3951 1147 4008; x_wconf 79' lang='lat' dir='ltr'>Davisius,</span> <span class='ocrx_word' id='word_1_252' title='bbox 1170 3967 1231 3997; x_wconf 79' lang='lat' dir='ltr'>ex</span> <span class='ocrx_word' id='word_1_253' title='bbox 1253 3950 1403 3997; x_wconf 84' lang='lat' dir='ltr'>Palat.</span> <span class='ocrx_word' id='word_1_254' title='bbox 1436 3964 1456 3995; x_wconf 89' lang='lat'>1</span> 
     </span>
     <span class='ocr_line' id='line_1_41' title="bbox 442 4029 1462 4092; baseline -0.001 -16"><span class='ocrx_word' id='word_1_255' title='bbox 442 4039 490 4076; x_wconf 86' lang='lat' dir='ltr'>et</span> <span class='ocrx_word' id='word_1_256' title='bbox 516 4030 698 4078; x_wconf 75' lang='lat' dir='ltr'>miens.</span> <span class='ocrx_word' id='word_1_257' title='bbox 730 4046 778 4078; x_wconf 76' lang='lat'>2.</span> <span class='ocrx_word' id='word_1_258' title='bbox 805 4029 902 4077; x_wconf 76' lang='lat' dir='ltr'>Alii</span> <span class='ocrx_word' id='word_1_259' title='bbox 920 4064 934 4085; x_wconf 84' lang='lat'>,</span> <span class='ocrx_word' id='word_1_260' title='bbox 972 4051 992 4071; x_wconf 73' lang='grc' dir='ltr'><strong>α</strong></span> <span class='ocrx_word' id='word_1_261' title='bbox 1025 4030 1330 4092; x_wconf 88' lang='lat' dir='ltr'>Quamquam</span> <span class='ocrx_word' id='word_1_262' title='bbox 1356 4029 1462 4076; x_wconf 64' lang='lat' dir='ltr'>baec</span> 
     </span>
     <span class='ocr_line' id='line_1_42' title="bbox 443 4107 1094 4172; baseline 0.005 -18"><span class='ocrx_word' id='word_1_263' title='bbox 443 4118 557 4155; x_wconf 83' lang='lat' dir='ltr'>sunt</span> <span class='ocrx_word' id='word_1_264' title='bbox 574 4109 810 4157; x_wconf 82' lang='lat' dir='ltr'>contraria</span> <span class='ocrx_word' id='word_1_265' title='bbox 832 4131 873 4167; x_wconf 77' lang='grc' dir='ltr'>ιο,</span> <span class='ocrx_word' id='word_1_266' title='bbox 903 4107 1094 4172; x_wconf 76' lang='lat' dir='ltr'>frigide.</span> 
     </span>
    </p>
   </div>
   <div class='ocr_carea' id='block_1_8' title="bbox 518 4185 1467 4252">
    <p class='ocr_par' dir='ltr' id='par_1_11' title="bbox 518 4185 1467 4252">
     <span class='ocr_line' id='line_1_43' title="bbox 518 4185 1467 4252; baseline 0.001 -20"><span class='ocrx_word' id='word_1_267' title='bbox 518 4185 565 4234; x_wconf 80' lang='lat'>5.</span> <span class='ocrx_word' id='word_1_268' title='bbox 592 4186 646 4234; x_wconf 74' lang='lat' dir='ltr'>Si</span> <span class='ocrx_word' id='word_1_269' title='bbox 665 4185 883 4252; x_wconf 73' lang='lat' dir='ltr'>definire,</span> <span class='ocrx_word' id='word_1_270' title='bbox 903 4187 991 4235; x_wconf 78' lang='lat' dir='ltr'>vel</span> <span class='ocrx_word' id='word_1_271' title='bbox 1003 4186 1230 4237; x_wconf 72' lang='lat' dir='ltr'>dividere.</span> <span class='ocrx_word' id='word_1_272' title='bbox 1259 4190 1467 4237; x_wconf 79' lang='lat' dir='ltr'>Goerenz</span> 
     </span>
    </p>
   </div>
   <div class='ocr_carea' id='block_1_9' title="bbox 1538 1976 2580 4251">
    <p class='ocr_par' dir='ltr' id='par_1_12' title="bbox 1538 1976 2575 3700">
     <span class='ocr_line' id='line_1_44' title="bbox 1538 1976 2567 2043; baseline -0.001 -16"><span class='ocrx_word' id='word_1_273' title='bbox 1538 1978 1685 2027; x_wconf 86' lang='lat' dir='ltr'>scrib.</span> <span class='ocrx_word' id='word_1_274' title='bbox 1716 1979 1762 2026; x_wconf 79' lang='lat' dir='ltr'>si</span> <span class='ocrx_word' id='word_1_275' title='bbox 1785 1977 1886 2043; x_wconf 69' lang='lat' dir='ltr'>defi</span> <span class='ocrx_word' id='word_1_276' title='bbox 1913 1979 1960 2027; x_wconf 77' lang='lat' dir='ltr'>si</span> <span class='ocrx_word' id='word_1_277' title='bbox 1980 1978 2079 2028; x_wconf 69' lang='lat' dir='ltr'>dio.</span> <span class='ocrx_word' id='word_1_278' title='bbox 2112 1979 2217 2036; x_wconf 85' lang='lat' dir='ltr'>Sic,</span> <span class='ocrx_word' id='word_1_279' title='bbox 2244 1977 2429 2041; x_wconf 87' lang='lat' dir='ltr'>inquit,</span> <span class='ocrx_word' id='word_1_280' title='bbox 2458 1976 2567 2026; x_wconf 74' lang='lat' dir='ltr'>Eri.</span> 
     </span>
     <span class='ocr_line' id='line_1_45' title="bbox 1539 2056 2565 2122; baseline -0.003 -16"><span class='ocrx_word' id='word_1_281' title='bbox 1539 2069 1586 2106; x_wconf 89' lang='lat' dir='ltr'>et</span> <span class='ocrx_word' id='word_1_282' title='bbox 1617 2059 1746 2122; x_wconf 88' lang='lat' dir='ltr'>Spir.</span> <span class='ocrx_word' id='word_1_283' title='bbox 1781 2058 2007 2122; x_wconf 85' lang='lat' dir='ltr'>idemque</span> <span class='ocrx_word' id='word_1_284' title='bbox 2035 2058 2179 2106; x_wconf 76' lang='lat' dir='ltr'>refert</span> <span class='ocrx_word' id='word_1_285' title='bbox 2214 2057 2405 2106; x_wconf 84' lang='lat' dir='ltr'>Nouius</span> <span class='ocrx_word' id='word_1_286' title='bbox 2433 2056 2565 2104; x_wconf 88' lang='lat' dir='ltr'>bunc</span> 
     </span>
     <span class='ocr_line' id='line_1_46' title="bbox 1539 2135 2568 2201; baseline -0.001 -17"><span class='ocrx_word' id='word_1_287' title='bbox 1539 2137 1698 2201; x_wconf 90' lang='lat' dir='ltr'>ipsum</span> <span class='ocrx_word' id='word_1_288' title='bbox 1714 2137 1876 2185; x_wconf 88' lang='lat' dir='ltr'>locum</span> <span class='ocrx_word' id='word_1_289' title='bbox 1893 2154 1946 2186; x_wconf 85' lang='lat' dir='ltr'>v.</span> <span class='ocrx_word' id='word_1_290' title='bbox 1961 2137 2168 2186; x_wconf 66' lang='lat' dir='ltr'>salebra</span> <span class='ocrx_word' id='word_1_291' title='bbox 2184 2136 2400 2185; x_wconf 81' lang='lat' dir='ltr'>laudans.</span> <span class='ocrx_word' id='word_1_292' title='bbox 2415 2135 2568 2197; x_wconf 88' lang='lat' dir='ltr'>Quod</span> 
     </span>
     <span class='ocr_line' id='line_1_47' title="bbox 1540 2216 2569 2279; baseline 0 -16"><span class='ocrx_word' id='word_1_293' title='bbox 1540 2217 1710 2279; x_wconf 86' lang='lat' dir='ltr'>utique</span> <span class='ocrx_word' id='word_1_294' title='bbox 1734 2217 1906 2264; x_wconf 87' lang='lat' dir='ltr'>melius</span> <span class='ocrx_word' id='word_1_295' title='bbox 1928 2216 2147 2273; x_wconf 59' lang='lat' dir='ltr'>videtum</span> <span class='ocrx_word' id='word_1_296' title='bbox 2174 2231 2328 2279; x_wconf 89' lang='lat' dir='ltr'>quum</span> <span class='ocrx_word' id='word_1_297' title='bbox 2360 2216 2449 2263; x_wconf 79' lang='lat' dir='ltr'>vel</span> <span class='ocrx_word' id='word_1_298' title='bbox 2479 2232 2569 2278; x_wconf 86' lang='lat' dir='ltr'>pa·</span> 
     </span>
     <span class='ocr_line' id='line_1_48' title="bbox 1541 2294 2565 2358; baseline 0.001 -17"><span class='ocrx_word' id='word_1_299' title='bbox 1541 2310 1649 2341; x_wconf 89' lang='lat' dir='ltr'>rnm</span> <span class='ocrx_word' id='word_1_300' title='bbox 1677 2294 1913 2358; x_wconf 81' lang='lat' dir='ltr'>quadret,</span> <span class='ocrx_word' id='word_1_301' title='bbox 1944 2294 2227 2343; x_wconf 86' lang='lat' dir='ltr'>notionibus</span> <span class='ocrx_word' id='word_1_302' title='bbox 2261 2310 2374 2342; x_wconf 85' lang='lat' dir='ltr'>vere</span> <span class='ocrx_word' id='word_1_303' title='bbox 2401 2294 2565 2343; x_wconf 85' lang='lat' dir='ltr'>diver-</span> 
     </span>
     <span class='ocr_line' id='line_1_49' title="bbox 1542 2372 2567 2436; baseline 0.002 -17"><span class='ocrx_word' id='word_1_304' title='bbox 1542 2372 1639 2431; x_wconf 89' lang='lat' dir='ltr'>sis;</span> <span class='ocrx_word' id='word_1_305' title='bbox 1662 2389 1752 2419; x_wconf 88' lang='lat' dir='ltr'>nec</span> <span class='ocrx_word' id='word_1_306' title='bbox 1777 2375 1978 2436; x_wconf 88' lang='lat' dir='ltr'>optione</span> <span class='ocrx_word' id='word_1_307' title='bbox 2007 2375 2135 2421; x_wconf 91' lang='lat' dir='ltr'>inter</span> <span class='ocrx_word' id='word_1_308' title='bbox 2160 2374 2397 2422; x_wconf 82' lang='lat' dir='ltr'>utrumvis</span> <span class='ocrx_word' id='word_1_309' title='bbox 2426 2373 2535 2421; x_wconf 82' lang='lat' dir='ltr'>data</span> <span class='ocrx_word' id='word_1_310' title='bbox 2552 2407 2567 2432; x_wconf 90' lang='lat'>‚</span> 
     </span>
     <span class='ocr_line' id='line_1_50' title="bbox 1542 2442 2568 2515; baseline 0.003 -17"><span class='ocrx_word' id='word_1_311' title='bbox 1542 2451 1631 2499; x_wconf 81' lang='lat' dir='ltr'>sed</span> <span class='ocrx_word' id='word_1_312' title='bbox 1672 2442 1883 2514; x_wconf 77' lang='lat' dir='ltr'>utroqn&#39;e</span> <span class='ocrx_word' id='word_1_313' title='bbox 1920 2455 1973 2499; x_wconf 89' lang='lat' dir='ltr'>in</span> <span class='ocrx_word' id='word_1_314' title='bbox 2016 2453 2230 2515; x_wconf 79' lang='lat' dir='ltr'>Epicuro</span> <span class='ocrx_word' id='word_1_315' title='bbox 2277 2452 2568 2501; x_wconf 84' lang='lat' dir='ltr'>desiderato.</span> 
     </span>
     <span class='ocr_line' id='line_1_51' title="bbox 1544 2529 2569 2593; baseline 0.004 -17"><span class='ocrx_word' id='word_1_316' title='bbox 1544 2529 1678 2591; x_wconf 87' lang='lat' dir='ltr'>Quid</span> <span class='ocrx_word' id='word_1_317' title='bbox 1695 2567 1710 2590; x_wconf 89' lang='lat'>,</span> <span class='ocrx_word' id='word_1_318' title='bbox 1733 2530 1868 2593; x_wconf 87' lang='lat' dir='ltr'>quod</span> <span class='ocrx_word' id='word_1_319' title='bbox 1893 2542 2065 2579; x_wconf 85' lang='lat' dir='ltr'>auctor</span> <span class='ocrx_word' id='word_1_320' title='bbox 2090 2540 2191 2579; x_wconf 87' lang='lat' dir='ltr'>tum</span> <span class='ocrx_word' id='word_1_321' title='bbox 2213 2546 2311 2579; x_wconf 87' lang='lat' dir='ltr'>nou</span> <span class='ocrx_word' id='word_1_322' title='bbox 2339 2532 2456 2589; x_wconf 77' lang='lat' dir='ltr'>vel,</span> <span class='ocrx_word' id='word_1_323' title='bbox 2481 2530 2569 2580; x_wconf 80' lang='lat' dir='ltr'>sed</span> 
     </span>
     <span class='ocr_line' id='line_1_52' title="bbox 1544 2610 2570 2675; baseline 0.005 -21"><span class='ocrx_word' id='word_1_324' title='bbox 1544 2620 1635 2655; x_wconf 81' lang='lat' dir='ltr'>eme</span> <span class='ocrx_word' id='word_1_325' title='bbox 1662 2610 1904 2671; x_wconf 82' lang='lat' dir='ltr'>posuisset</span> <span class='ocrx_word' id='word_1_326' title='bbox 1922 2611 1944 2656; x_wconf 76' lang='lat' dir='ltr'>P</span> <span class='ocrx_word' id='word_1_327' title='bbox 1975 2611 2116 2658; x_wconf 82' lang='lat' dir='ltr'>Adde</span> <span class='ocrx_word' id='word_1_328' title='bbox 2150 2610 2287 2673; x_wconf 90' lang='lat' dir='ltr'>quod</span> <span class='ocrx_word' id='word_1_329' title='bbox 2312 2611 2416 2659; x_wconf 80' lang='lat' dir='ltr'>baec</span> <span class='ocrx_word' id='word_1_330' title='bbox 2450 2628 2570 2675; x_wconf 82' lang='lat' dir='ltr'>qua-</span> 
     </span>
     <span class='ocr_line' id='line_1_53' title="bbox 1545 2687 2569 2752; baseline 0.004 -18"><span class='ocrx_word' id='word_1_331' title='bbox 1545 2700 1656 2735; x_wconf 87' lang='lat' dir='ltr'>tuor</span> <span class='ocrx_word' id='word_1_332' title='bbox 1674 2687 1736 2734; x_wconf 89' lang='lat' dir='ltr'>ad</span> <span class='ocrx_word' id='word_1_333' title='bbox 1754 2704 1899 2736; x_wconf 82' lang='lat' dir='ltr'>uuam</span> <span class='ocrx_word' id='word_1_334' title='bbox 1919 2689 2125 2752; x_wconf 76' lang='lat' dir='ltr'>logicam</span> <span class='ocrx_word' id='word_1_335' title='bbox 2142 2690 2419 2737; x_wconf 79' lang='lat' dir='ltr'>Stoicorum</span> <span class='ocrx_word' id='word_1_336' title='bbox 2436 2707 2569 2738; x_wconf 90' lang='lat' dir='ltr'>more</span> 
     </span>
     <span class='ocr_line' id='line_1_54' title="bbox 1544 2767 2570 2833; baseline 0.004 -20"><span class='ocrx_word' id='word_1_337' title='bbox 1544 2767 1832 2821; x_wconf 85' lang='lat' dir='ltr'>referuntur,</span> <span class='ocrx_word' id='word_1_338' title='bbox 1870 2770 2007 2828; x_wconf 90' lang='lat' dir='ltr'>cujus</span> <span class='ocrx_word' id='word_1_339' title='bbox 2033 2770 2167 2833; x_wconf 92' lang='lat' dir='ltr'>prior</span> <span class='ocrx_word' id='word_1_340' title='bbox 2204 2785 2315 2832; x_wconf 82' lang='lat' dir='ltr'>pars</span> <span class='ocrx_word' id='word_1_341' title='bbox 2350 2769 2570 2817; x_wconf 74' lang='lat' dir='ltr'>dialecti-</span> 
     </span>
     <span class='ocr_line' id='line_1_55' title="bbox 1544 2848 2568 2910; baseline 0.002 -18"><span class='ocrx_word' id='word_1_342' title='bbox 1544 2864 1653 2893; x_wconf 83' lang='lat' dir='ltr'>cam</span> <span class='ocrx_word' id='word_1_343' title='bbox 1672 2880 1687 2904; x_wconf 91' lang='lat'>,</span> <span class='ocrx_word' id='word_1_344' title='bbox 1716 2848 1956 2910; x_wconf 83' lang='lat' dir='ltr'>posterior</span> <span class='ocrx_word' id='word_1_345' title='bbox 1971 2848 2241 2896; x_wconf 76' lang='lat' dir='ltr'>disserendi</span> <span class='ocrx_word' id='word_1_346' title='bbox 2261 2859 2416 2895; x_wconf 79' lang='lat' dir='ltr'>artem</span> <span class='ocrx_word' id='word_1_347' title='bbox 2435 2864 2568 2896; x_wconf 83' lang='lat' dir='ltr'>com-</span> 
     </span>
     <span class='ocr_line' id='line_1_56' title="bbox 1544 2925 2571 2989; baseline -0.002 -16"><span class='ocrx_word' id='word_1_348' title='bbox 1544 2926 1866 2989; x_wconf 80' lang='lat' dir='ltr'>plectebatur.</span> <span class='ocrx_word' id='word_1_349' title='bbox 1914 2928 2003 2974; x_wconf 81' lang='lat' dir='ltr'>His</span> <span class='ocrx_word' id='word_1_350' title='bbox 2030 2928 2266 2974; x_wconf 86' lang='lat' dir='ltr'>commoti</span> <span class='ocrx_word' id='word_1_351' title='bbox 2302 2925 2571 2972; x_wconf 75' lang='lat' dir='ltr'>rationibus</span> 
     </span>
     <span class='ocr_line' id='line_1_57' title="bbox 1545 3004 2571 3067; baseline -0.005 -14"><span class='ocrx_word' id='word_1_352' title='bbox 1545 3006 1797 3053; x_wconf 86' lang='lat' dir='ltr'>meliorum</span> <span class='ocrx_word' id='word_1_353' title='bbox 1837 3005 1984 3054; x_wconf 84' lang='lat' dir='ltr'>codd.</span> <span class='ocrx_word' id='word_1_354' title='bbox 2024 3005 2282 3052; x_wconf 86' lang='lat' dir='ltr'>lectionem</span> <span class='ocrx_word' id='word_1_355' title='bbox 2306 3004 2415 3064; x_wconf 72' lang='lat' dir='ltr'>iure</span> <span class='ocrx_word' id='word_1_356' title='bbox 2447 3019 2571 3067; x_wconf 76' lang='lat' dir='ltr'>prae·</span> 
     </span>
     <span class='ocr_line' id='line_1_58' title="bbox 1544 3082 2570 3145; baseline -0.004 -14"><span class='ocrx_word' id='word_1_357' title='bbox 1544 3085 1712 3131; x_wconf 86' lang='lat' dir='ltr'>tulisse</span> <span class='ocrx_word' id='word_1_358' title='bbox 1741 3084 1885 3130; x_wconf 88' lang='lat' dir='ltr'>nobis</span> <span class='ocrx_word' id='word_1_359' title='bbox 1920 3082 2160 3129; x_wconf 87' lang='lat' dir='ltr'>videmur.</span> <span class='ocrx_word' id='word_1_360' title='bbox 2205 3082 2428 3129; x_wconf 85' lang='lat' dir='ltr'>Ceterum</span> <span class='ocrx_word' id='word_1_361' title='bbox 2461 3098 2570 3145; x_wconf 87' lang='lat' dir='ltr'>spe-</span> 
     </span>
     <span class='ocr_line' id='line_1_59' title="bbox 1544 3160 2570 3228; baseline -0.001 -20"><span class='ocrx_word' id='word_1_362' title='bbox 1544 3174 1646 3210; x_wconf 83' lang='lat' dir='ltr'>ctat</span> <span class='ocrx_word' id='word_1_363' title='bbox 1676 3161 1878 3228; x_wconf 72' lang='lat' dir='ltr'>definite</span> <span class='ocrx_word' id='word_1_364' title='bbox 1904 3160 1966 3208; x_wconf 88' lang='lat' dir='ltr'>ad</span> <span class='ocrx_word' id='word_1_365' title='bbox 1993 3162 2244 3209; x_wconf 82' lang='lat' dir='ltr'>notionem</span> <span class='ocrx_word' id='word_1_366' title='bbox 2275 3160 2570 3223; x_wconf 79' lang='lat' dir='ltr'>voluptatis3</span> 
     </span>
     <span class='ocr_line' id='line_1_60' title="bbox 1545 3238 2572 3302; baseline 0 -15"><span class='ocrx_word' id='word_1_367' title='bbox 1545 3240 1757 3287; x_wconf 74' lang='lat' dir='ltr'>dividere</span> <span class='ocrx_word' id='word_1_368' title='bbox 1786 3240 1849 3287; x_wconf 82' lang='lat' dir='ltr'>ad</span> <span class='ocrx_word' id='word_1_369' title='bbox 1880 3240 2009 3287; x_wconf 88' lang='lat' dir='ltr'>illam</span> <span class='ocrx_word' id='word_1_370' title='bbox 2045 3238 2355 3302; x_wconf 72' lang='lat' dir='ltr'>cupiditatum</span> <span class='ocrx_word' id='word_1_371' title='bbox 2392 3240 2572 3288; x_wconf 83' lang='lat' dir='ltr'>descri-</span> 
     </span>
     <span class='ocr_line' id='line_1_61' title="bbox 1545 3318 2574 3382; baseline 0 -16"><span class='ocrx_word' id='word_1_372' title='bbox 1545 3319 1802 3382; x_wconf 79' lang='lat' dir='ltr'>ptionem:</span> <span class='ocrx_word' id='word_1_373' title='bbox 1833 3318 2016 3381; x_wconf 82' lang='lat' dir='ltr'>reliqua</span> <span class='ocrx_word' id='word_1_374' title='bbox 2050 3318 2260 3381; x_wconf 86' lang='lat' dir='ltr'>denique</span> <span class='ocrx_word' id='word_1_375' title='bbox 2300 3321 2473 3382; x_wconf 83' lang='lat' dir='ltr'>partim</span> <span class='ocrx_word' id='word_1_376' title='bbox 2510 3319 2574 3366; x_wconf 88' lang='lat' dir='ltr'>ad</span> 
     </span>
     <span class='ocr_line' id='line_1_62' title="bbox 1548 3396 2574 3462; baseline 0.001 -18"><span class='ocrx_word' id='word_1_377' title='bbox 1548 3396 1678 3444; x_wconf 88' lang='lat' dir='ltr'>illam</span> <span class='ocrx_word' id='word_1_378' title='bbox 1707 3397 2057 3459; x_wconf 85' lang='lat' dir='ltr'>Epicureorum</span> <span class='ocrx_word' id='word_1_379' title='bbox 2082 3397 2323 3460; x_wconf 84' lang='lat' dir='ltr'>querelam</span> <span class='ocrx_word' id='word_1_380' title='bbox 2341 3431 2355 3455; x_wconf 95' lang='lat'>,</span> <span class='ocrx_word' id='word_1_381' title='bbox 2378 3398 2574 3462; x_wconf 79' lang='lat' dir='ltr'>Epicuri</span> 
     </span>
     <span class='ocr_line' id='line_1_63' title="bbox 1548 3476 2575 3524; baseline 0 -1"><span class='ocrx_word' id='word_1_382' title='bbox 1548 3476 1832 3523; x_wconf 83' lang='lat' dir='ltr'>sententiam</span> <span class='ocrx_word' id='word_1_383' title='bbox 1866 3493 1893 3524; x_wconf 98' lang='lat' dir='ltr'>a</span> <span class='ocrx_word' id='word_1_384' title='bbox 1930 3492 2068 3524; x_wconf 86' lang='lat' dir='ltr'>secus</span> <span class='ocrx_word' id='word_1_385' title='bbox 2107 3476 2428 3524; x_wconf 84' lang='lat' dir='ltr'>sentientibus</span> <span class='ocrx_word' id='word_1_386' title='bbox 2473 3491 2575 3523; x_wconf 91' lang='lat' dir='ltr'>non</span> 
     </span>
     <span class='ocr_line' id='line_1_64' title="bbox 1549 3553 2573 3619; baseline 0.001 -18"><span class='ocrx_word' id='word_1_387' title='bbox 1549 3566 1681 3602; x_wconf 85' lang='lat' dir='ltr'>recte</span> <span class='ocrx_word' id='word_1_388' title='bbox 1701 3553 1907 3619; x_wconf 83' lang='lat' dir='ltr'>intelligi</span> <span class='ocrx_word' id='word_1_389' title='bbox 1922 3591 1939 3615; x_wconf 83' lang='lat'>,</span> <span class='ocrx_word' id='word_1_390' title='bbox 1960 3555 2025 3605; x_wconf 81' lang='lat' dir='ltr'>cf.</span> <span class='ocrx_word' id='word_1_391' title='bbox 2055 3566 2111 3614; x_wconf 71' lang='lat'>(0,</span> <span class='ocrx_word' id='word_1_392' title='bbox 2139 3571 2221 3614; x_wconf 73' lang='grc' dir='ltr'>η,</span> <span class='ocrx_word' id='word_1_393' title='bbox 2241 3571 2378 3619; x_wconf 86' lang='lat' dir='ltr'>seqq.</span> <span class='ocrx_word' id='word_1_394' title='bbox 2400 3556 2573 3619; x_wconf 86' lang='lat' dir='ltr'>partim</span> 
     </span>
     <span class='ocr_line' id='line_1_65' title="bbox 1549 3633 2483 3700; baseline 0.001 -19"><span class='ocrx_word' id='word_1_395' title='bbox 1549 3633 1613 3681; x_wconf 89' lang='lat' dir='ltr'>ad</span> <span class='ocrx_word' id='word_1_396' title='bbox 1628 3634 1757 3694; x_wconf 77' lang='lat' dir='ltr'>boec,</span> <span class='ocrx_word' id='word_1_397' title='bbox 1777 3651 1887 3698; x_wconf 78' lang='lat' dir='ltr'>quae</span> <span class='ocrx_word' id='word_1_398' title='bbox 1903 3651 1928 3682; x_wconf 87' lang='lat' dir='ltr'>a</span> <span class='ocrx_word' id='word_1_399' title='bbox 1949 3634 1980 3700; x_wconf 73' lang='lat' dir='ltr'>S</span> <span class='ocrx_word' id='word_1_400' title='bbox 1997 3651 2060 3697; x_wconf 80' lang='lat'>²7</span> <span class='ocrx_word' id='word_1_401' title='bbox 2077 3633 2192 3683; x_wconf 90' lang='lat' dir='ltr'>inde</span> <span class='ocrx_word' id='word_1_402' title='bbox 2206 3646 2483 3683; x_wconf 88' lang='lat' dir='ltr'>monentur.</span> 
     </span>
    </p>

    <p class='ocr_par' dir='ltr' id='par_1_13' title="bbox 1550 3712 2580 4251">
     <span class='ocr_line' id='line_1_66' title="bbox 1622 3712 2574 3778; baseline 0.003 -19"><span class='ocrx_word' id='word_1_403' title='bbox 1622 3713 1675 3759; x_wconf 87' lang='lat'>6.</span> <span class='ocrx_word' id='word_1_404' title='bbox 1734 3714 1881 3762; x_wconf 78' lang='lat' dir='ltr'>Nunc</span> <span class='ocrx_word' id='word_1_405' title='bbox 1928 3713 2064 3761; x_wconf 75' lang='lat' dir='ltr'>vides</span> <span class='ocrx_word' id='word_1_406' title='bbox 2084 3749 2099 3774; x_wconf 89' lang='lat'>,</span> <span class='ocrx_word' id='word_1_407' title='bbox 2142 3713 2267 3778; x_wconf 77' lang='lat' dir='ltr'>quid</span> <span class='ocrx_word' id='word_1_408' title='bbox 2293 3712 2484 3778; x_wconf 78' lang='lat' dir='ltr'>saciat.</span> <span class='ocrx_word' id='word_1_409' title='bbox 2521 3716 2574 3762; x_wconf 78' lang='lat' dir='ltr'>P.</span> 
     </span>
     <span class='ocr_line' id='line_1_67' title="bbox 1550 3792 2575 3855; baseline 0.004 -17"><span class='ocrx_word' id='word_1_410' title='bbox 1550 3792 1743 3841; x_wconf 79' lang='lat' dir='ltr'>Manut.</span> <span class='ocrx_word' id='word_1_411' title='bbox 1767 3792 2027 3855; x_wconf 76' lang='lat' dir='ltr'>videlicet,</span> <span class='ocrx_word' id='word_1_412' title='bbox 2060 3794 2226 3841; x_wconf 83' lang='lat' dir='ltr'>Davis.</span> <span class='ocrx_word' id='word_1_413' title='bbox 2247 3793 2392 3841; x_wconf 77' lang='lat' dir='ltr'>video</span> <span class='ocrx_word' id='word_1_414' title='bbox 2410 3830 2425 3853; x_wconf 85' lang='lat'>,</span> <span class='ocrx_word' id='word_1_415' title='bbox 2460 3795 2575 3843; x_wconf 78' lang='lat' dir='ltr'>Em.</span> 
     </span>
     <span class='ocr_line' id='line_1_68' title="bbox 1551 3869 2576 3929; baseline 0.003 -12"><span class='ocrx_word' id='word_1_416' title='bbox 1551 3869 1669 3918; x_wconf 72' lang='lat' dir='ltr'>‘vide</span> <span class='ocrx_word' id='word_1_417' title='bbox 1694 3871 1903 3929; x_wconf 85' lang='lat' dir='ltr'>mavult;</span> <span class='ocrx_word' id='word_1_418' title='bbox 1923 3873 2010 3920; x_wconf 89' lang='lat' dir='ltr'>sed</span> <span class='ocrx_word' id='word_1_419' title='bbox 2032 3884 2157 3921; x_wconf 84' lang='lat' dir='ltr'>recte</span> <span class='ocrx_word' id='word_1_420' title='bbox 2177 3874 2391 3920; x_wconf 86' lang='lat' dir='ltr'>occurrit</span> <span class='ocrx_word' id='word_1_421' title='bbox 2418 3874 2576 3920; x_wconf 84' lang='lat' dir='ltr'>Brem.</span> 
     </span>
     <span class='ocr_line' id='line_1_69' title="bbox 1552 3948 2579 4017; baseline -0.001 -18"><span class='ocrx_word' id='word_1_422' title='bbox 1552 3966 1761 4014; x_wconf 76' lang='lat' dir='ltr'>graecnm</span> <span class='ocrx_word' id='word_1_423' title='bbox 1790 3948 1899 4017; x_wconf 78' lang='grc' dir='ltr'>ὁρᾷς</span> <span class='ocrx_word' id='word_1_424' title='bbox 1921 3968 2208 4017; x_wconf 79' lang='lat' dir='ltr'>comparans</span> <span class='ocrx_word' id='word_1_425' title='bbox 2233 3952 2372 4014; x_wconf 87' lang='lat' dir='ltr'>(vide</span> <span class='ocrx_word' id='word_1_426' title='bbox 2400 3967 2490 3999; x_wconf 85' lang='lat' dir='ltr'>nos</span> <span class='ocrx_word' id='word_1_427' title='bbox 2516 3951 2579 3998; x_wconf 89' lang='lat' dir='ltr'>ad</span> 
     </span>
     <span class='ocr_line' id='line_1_70' title="bbox 1556 4030 2577 4094; baseline -0.002 -17"><span class='ocrx_word' id='word_1_428' title='bbox 1556 4031 1743 4078; x_wconf 80' lang='lat' dir='ltr'>Acadd.</span> <span class='ocrx_word' id='word_1_429' title='bbox 1767 4032 1845 4087; x_wconf 85' lang='lat'>11,</span> <span class='ocrx_word' id='word_1_430' title='bbox 1873 4031 1932 4077; x_wconf 76' lang='lat'>18</span> <span class='ocrx_word' id='word_1_431' title='bbox 1949 4065 1964 4088; x_wconf 93' lang='lat'>‚</span> <span class='ocrx_word' id='word_1_432' title='bbox 1987 4032 2091 4093; x_wconf 80' lang='lat'>57).</span> <span class='ocrx_word' id='word_1_433' title='bbox 2111 4032 2328 4080; x_wconf 85' lang='lat' dir='ltr'>Nimium</span> <span class='ocrx_word' id='word_1_434' title='bbox 2351 4046 2478 4094; x_wconf 72' lang='lat' dir='ltr'>saepe</span> <span class='ocrx_word' id='word_1_435' title='bbox 2506 4030 2577 4076; x_wconf 81' lang='lat' dir='ltr'>sic</span> 
     </span>
     <span class='ocr_line' id='line_1_71' title="bbox 1556 4108 2575 4174; baseline -0.004 -16"><span class='ocrx_word' id='word_1_436' title='bbox 1556 4109 1755 4166; x_wconf 84' lang='lat' dir='ltr'>Cicero,</span> <span class='ocrx_word' id='word_1_437' title='bbox 1783 4125 1925 4172; x_wconf 72' lang='lat' dir='ltr'>quam</span> <span class='ocrx_word' id='word_1_438' title='bbox 1953 4120 2007 4157; x_wconf 89' lang='lat' dir='ltr'>ut</span> <span class='ocrx_word' id='word_1_439' title='bbox 2026 4111 2290 4174; x_wconf 81' lang='lat' dir='ltr'>quidquam</span> <span class='ocrx_word' id='word_1_440' title='bbox 2317 4109 2380 4157; x_wconf 84' lang='lat' dir='ltr'>de</span> <span class='ocrx_word' id='word_1_441' title='bbox 2399 4108 2575 4155; x_wconf 84' lang='lat' dir='ltr'>lectio·</span> 
     </span>
     <span class='ocr_line' id='line_1_72' title="bbox 1558 4188 2580 4251; baseline -0.001 -16"><span class='ocrx_word' id='word_1_442' title='bbox 1558 4189 1632 4235; x_wconf 83' lang='lat' dir='ltr'>nis</span> <span class='ocrx_word' id='word_1_443' title='bbox 1657 4191 1857 4238; x_wconf 81' lang='lat' dir='ltr'>veritate</span> <span class='ocrx_word' id='word_1_444' title='bbox 1885 4189 2107 4239; x_wconf 85' lang='lat' dir='ltr'>dubitare</span> <span class='ocrx_word' id='word_1_445' title='bbox 2128 4190 2285 4238; x_wconf 83' lang='lat' dir='ltr'>liceat.</span> <span class='ocrx_word' id='word_1_446' title='bbox 2311 4189 2362 4237; x_wconf 84' lang='lat' dir='ltr'>Si</span> <span class='ocrx_word' id='word_1_447' title='bbox 2383 4188 2580 4251; x_wconf 83' lang='lat' dir='ltr'>insuper</span> 
     </span>
    </p>
   </div>
  </div>
 </body>
</html>
