3217 4784
841 388 965 454 DE
1014 388 1186 453 FIN.
1242 386 1446 453 BON.
1493 387 1611 454 ET
1660 388 1872 454 MAI..
1931 388 2033 469 ΙΙ,
2086 384 2200 457 31.

2453 415 2581 486 291

467 531 825 578 annorum
882 508 1421 579 intercesserint
1469 506 1731 591 millia,
1782 520 1866 578 ut
1903 510 2228 578 omnium
2278 510 2599 584 siderum

467 618 757 701 eodem,
794 617 990 690 unde
1048 614 1371 714 profecta
1411 618 1590 703 sint,
1627 615 1752 687 fiat
1810 616 1904 687 ad
1943 630 2258 689 unum¹9
2306 635 2594 720 tempus

467 734 802 802 reversio.
845 729 1107 801 Nullus
1135 741 1242 799 est
1281 727 1501 821 igitur
1522 727 1952 823 cujusquam
1998 727 2152 800 dies
2186 730 2458 803 natalis,
2505 739 2598 806 At

469 837 798 910 habetur.
837 843 927 909 Et
961 862 1097 934 ego
1136 834 1211 906 id
1248 835 1514 906 scilicet
1568 835 2079 907 nesciebamw.
2117 838 2295 927 Sed,
2336 856 2422 912 ut
2465 846 2596 927 sit,

468 953 783 1019 etiamne
799 961 970 1045 post
996 960 1302 1017 mortem
1337 946 1653 1016 coletur?
1682 946 1906 1044 idque
1937 962 2371 1023 testamento
2402 977 2602 1026 cave-

471 1058 580 1129 bit
624 1064 718 1145 is,
762 1058 888 1153 qui
927 1056 1136 1128 vobis
1169 1059 1456 1153 quasi2¹
1492 1057 1866 1128 oraculum
1908 1057 2243 1145 ediderit,
2283 1062 2604 1138 nihil¹ad

474 1192 608 1237 nos
653 1168 1015 1264 pertinere
1059 1182 1224 1264 post
1262 1180 1575 1237 mortem
1591 1169 1704 1236 ²²?
1739 1172 1904 1239 Haec
1945 1193 2097 1239 non
2154 1189 2360 1244 erant
2406 1176 2604 1270 ejuS,

400 1352 411 1365 .
476 1278 603 1373 qui
670 1275 1240 1349 innumerabiles
1290 1275 1641 1365 mundos,
1711 1275 2174 1376 infinitasque
2231 1285 2562 1380 regiones
2587 1343 2608 1375 ‚

477 1412 788 1483 quarum
819 1388 1018 1461 nulla
1056 1402 1243 1460 esset
1276 1411 1426 1472 ora,
1445 1389 1646 1460 nulla
1682 1390 2129 1477 extremita5‚
2167 1409 2411 1465 mente
2440 1420 2608 1494 per-

481 1499 888 1595 agravisset.
919 1497 1299 1597 Numquid
1339 1497 1478 1569 tale
1517 1498 2020 1569 Democritus?
2066 1513 2149 1568 ut
2186 1499 2361 1578 alios
2395 1508 2608 1575 omit-

481 1625 650 1696 tam,
672 1610 871 1681 hunc
897 1610 1211 1708 appe110‚
1235 1632 1457 1706 quem
1482 1607 1601 1678 ille
1627 1632 1855 1678 unum
1880 1622 2232 1706 sequutus
2248 1625 2376 1681 est.
2394 1615 2613 1703 Quod
2646 1627 2743 1679 ιο3

482 1721 539 1789 si
582 1718 735 1791 dies
764 1719 1131 1791 notandus
1177 1717 1313 1788 fuit
1337 1771 1356 1803 ‚
1390 1741 1656 1788 eumne
1708 1705 1989 1815 po'tius,
2029 1743 2180 1818 quo
2234 1736 2482 1810 natus,
2522 1749 2616 1796 an

483 1854 649 1900 eum
679 1883 698 1916 ,
759 1854 908 1925 quo
951 1831 1235 1926 sapiens
1277 1825 1508 1899 factus
1549 1828 1708 1900 est?
1750 1832 1914 1901 Non
1961 1829 2241 1927 potuit,
2287 1832 2615 1930 inquieS‚

483 1938 642 2010 fieri
678 1940 965 2038 sapiens
989 1993 1008 2026 ,
1044 1940 1183 2010 nisi
1209 1953 1424 2010 natus
1462 1955 1669 2012 esset.
1699 1944 1788 2011 Et
1822 1943 1963 2012 isto
1999 1941 2221 2012 modo
2249 1967 2344 2013 ne
2373 1945 2432 2014 si
2463 1947 2621 2015 avia

486 2047 785 2144 quidem
837 2052 993 2145 ejus
1043 2064 1211 2121 nata
1263 2074 1416 2121 non
1465 2066 1675 2125 esset.
1720 2056 1859 2123 Res
1917 2066 2070 2122 tota
2088 2046 2176 2139 ²3,
2215 2055 2620 2151 Torquate,

486 2242 582 2291 qne
616 2225 903 2290 partIcnlam
941 2226 1110 2276 Davis.
1144 2229 1315 2277 Recte.
1355 2231 1514 2292 Quum

487 2305 659 2354 scribae
682 2304 865 2369 ubique
888 2306 1169 2365 inculcant;
1193 2307 1257 2355 eff.
1286 2307 1511 2371 Hotting.

487 2386 550 2433 ad
574 2385 742 2434 Divin.
770 2388 847 2445 H,
874 2383 971 2445 28;
1006 2388 1171 2435 Brem.
1198 2385 1259 2433 de
1286 2391 1388 2436 Fat.
1424 2400 1513 2449 19,

488 2475 582 2513 etc.
606 2465 838 2513 Similiter
860 2481 1037 2529 supra,
1054 2468 1103 2513 11
1119 2501 1134 2525 ,
1157 2482 1221 2512 αα
1236 2499 1252 2525 ,
1278 2469 1343 2526 74
1362 2501 1376 2525 ,
1400 2474 1516 2529 poet

489 2543 612 2602 υἱώ,
642 2544 781 2609 quod
793 2544 1009 2593 additur.
1028 2543 1235 2592 Accedit
1251 2579 1266 2604 ,
1284 2544 1420 2608 qnod
1441 2545 1515 2592 vis

487 2635 561 2672 est
595 2624 647 2672 in
674 2623 858 2684 multa,
890 2640 1002 2688 qnae
1042 2624 1354 2685 debilitatur,
1394 2639 1516 2673 voce

490 2707 579 2752 hac
608 2704 754 2752 tertio
782 2703 897 2752 loco
922 2705 1102 2770 posita.
1135 2705 1196 2752 G.

567 2798 647 2846 19.
671 2780 761 2830 Ad
782 2799 931 2831 unum
958 2796 1174 2848 tempus,
1199 2784 1253 2831 id
1279 2794 1382 2840 est,
1410 2804 1435 2824 α
1453 2781 1518 2829 ad

493 2879 643 2910 unum
660 2862 888 2926 idemque
908 2864 1141 2928 temporis
1159 2875 1459 2912 momentum
1474 2884 1518 2912 υ.

494 2943 589 3008 Agi
613 2954 775 2990 autem
801 2942 862 2989 de
888 2957 1026 2989 armo
1057 2943 1378 3007 Physieorum
1413 2958 1520 2991 ma·

488 3040 619 3087 gno,
650 3020 793 3068 verba
815 3021 918 3086 ipsa
947 3020 1143 3071 docent.
1167 3024 1230 3070 G.

567 3118 648 3149 πο.
669 3102 737 3147 Ec
751 3116 846 3165 ego
876 3099 933 3147 id
951 3099 1135 3147 scilicet
1158 3116 1289 3148 nese.
1310 3102 1520 3149 Goerenz

497 3193 679 3246 trausp.
699 3179 880 3228 scilicet
893 3179 963 3228 id.
981 3180 1084 3238 Sic,
1106 3180 1293 3243 inquit,
1312 3190 1522 3243 quatuor

499 3263 679 3320 nostri,
707 3262 824 3309 Vin.
847 3260 998 3308 Mars.
1039 3260 1170 3307 Crat.
1198 3259 1335 3317 aliie,
1362 3269 1422 3306 nt
1446 3275 1521 3305 re·

497 3340 768 3405 posuimus.
790 3340 928 3403 Saepe
951 3339 1052 3388 Cic.
1080 3339 1304 3386 «scilicet
1327 3338 1369 3386 is
1386 3352 1522 3398 sum3

499 3421 687 3469 scilicet
716 3419 771 3466 id
794 3419 957 3482 agitur
975 3432 1031 3466 n:
1055 3429 1103 3465 et
1129 3419 1209 3465 cui
1238 3433 1339 3465 non
1365 3428 1523 3481 poetae

498 3499 623 3548 illud
637 3533 651 3556 ,
676 3520 701 3539 κ
722 3498 908 3545 scilicet
932 3497 974 3544 is
994 3497 1182 3561 superis
1210 3497 1351 3545 labor
1379 3506 1451 3543 est
1465 3517 1492 3537 ι·
1508 3530 1522 3554 ,

498 3580 663 3628 animo
703 3577 987 3626 obversatur
1005 3577 1028 3623 ?
1064 3576 1159 3625 Sed
1186 3577 1251 3624 ita
1284 3575 1434 3624 modo
1469 3575 1524 3623 in

498 3660 688 3717 ironia3
716 3673 827 3721 qnae
848 3656 946 3704 hoc
968 3657 1083 3704 loco
1109 3656 1253 3705 valet.

571 3753 599 3785 2
614 3754 633 3784 1
644 3772 658 3786 .
681 3735 777 3799 Qui
793 3751 860 3783 νο
868 3734 937 3782 bis
954 3734 1113 3799 quasi.
1128 3736 1262 3783 Goer.
1277 3734 1362 3783 dat
1377 3733 1527 3784 nobis.

466 3826 475 3835 “
500 3818 580 3867 Sic
598 3851 614 3876 ,
642 3816 801 3880 inquit
821 3851 836 3875 ‚
864 3815 981 3863 trini
1015 3816 1171 3863 nostri
1208 3830 1319 3862 cnm
1358 3812 1524 3861 Davie.

503 3908 552 3943 et
578 3896 772 3943 Bremio
806 3895 1070 3953 dederunt,
1088 3895 1254 3956 jejune
1281 3896 1396 3942 Eru.
1419 3892 1528 3941 vul-

505 3986 663 4038 gatam
683 3973 989 4024 defendente.

582 4069 668 4101 υ.
712 4054 851 4102 Nihil
889 4055 963 4103 ad
1008 4070 1098 4102 nos
1134 4052 1383 4119 pertinere
1418 4065 1531 4119 post

512 4142 727 4180 mortem.
746 4135 880 4184 Goer.
894 4144 1078 4199 transp.
1097 4135 1253 4184 «nihil
1266 4145 1382 4200 post
1402 4149 1530 4183 mor·

1600 2239 1701 2278 tem
1727 2228 1790 2276 ad
1821 2244 1913 2276 nos
1941 2229 2183 2292 pertinere
2201 2250 2242 2278 n.
2266 2232 2406 2292 Hoc,
2434 2231 2623 2296 inquit,

1601 2309 1778 2357 ordine
1800 2310 1959 2357 nostri
1991 2325 2185 2369 omnes,
2222 2311 2369 2359 Vien.
2408 2319 2458 2357 et
2494 2313 2623 2361 Ven.

1609 2391 1762 2451 1494.
1798 2389 1965 2453 Davis.
2003 2389 2148 2437 tacite
2184 2409 2209 2432 ι
2231 2406 2282 2438 n.
2319 2389 2384 2438 ad
2422 2407 2470 2439 n.
2508 2402 2625 2456 poet

1601 2477 1751 2515 mort.
1781 2484 1835 2531 p.
1862 2486 1884 2508 ι
1915 2476 2059 2529 atque
2090 2466 2157 2514 ita
2184 2466 2379 2515 Marsus
2404 2479 2455 2516 et
2489 2471 2625 2519 Crat.

1601 2547 1681 2597 Ex
1719 2544 1811 2593 hac
1856 2559 1975 2608 vaga
2011 2545 2522 2610 scriptura.suspicari
2564 2548 2627 2594 li-

1603 2635 1710 2677 eeat
1724 2659 1739 2683 ,
1761 2641 1844 2673 vv.
1860 2636 1974 2688 post
1989 2612 2190 2672 inor-cem
2207 2641 2269 2673 ex
2287 2625 2447 2690 glossa
2467 2626 2631 2675 adhoe-

1603 2706 1722 2755 sisse
1747 2723 1760 2754 :
1783 2705 1870 2753 sed
1889 2740 1905 2764 ‚
1933 2705 2010 2753 hi»
2045 2706 2290 2755 contextis
2313 2736 2332 2767 ‚
2359 2723 2464 2755 non
2497 2719 2628 2755 recte

1604 2785 1842 2834 abemnt.-
1878 2784 2171 2833 Exciderant
2196 2820 2210 2844 ,
2268 2796 2351 2843 et,
2406 2786 2461 2833 in
2504 2803 2631 2833 mar-

1606 2867 1719 2931 gine
1746 2866 1924 2930 scripta
1942 2901 1956 2923 ‚
1976 2864 2224 2913 varimode
2250 2865 2426 2914 deinde
2451 2866 2629 2911 inserta

1606 2957 1740 2995 sunt.
1777 2948 1871 2995 Per
1903 2961 1954 2992 ee
1984 2943 2181 3008 quidem
2214 2943 2320 2992 haec
2355 2944 2460 3006 ipsa
2494 2946 2632 2990 omni

1606 3025 1723 3073 loco
1772 3036 1899 3072 stare
1940 3033 2150 3087 possunt
2170 3053 2187 3081 ,
2229 3021 2459 3069 dicuntur
2500 3021 2632 3069 enim

1611 3104 1744 3153 velut
1770 3104 1821 3150 in
1848 3100 2123 3166 parenthesi
2143 3114 2157 3149 ι
2182 3100 2268 3147 sed
2286 3098 2410 3146 ordo
2434 3115 2463 3146 a
2488 3100 2632 3147 nobie

1608 3192 1835 3246 receptus
1855 3215 1870 3240 ‚
1905 3179 2104 3242 reliquis
2139 3187 2212 3225 est
2243 3177 2525 3243 probation
2559 3179 2633 3225 vis

1611 3261 1772 3319 enim,
1813 3274 1922 3323 quae
1951 3259 2006 3305 in
2031 3255 2157 3304 nihil
2177 3266 2282 3317 est,
2317 3257 2468 3321 magis
2501 3259 2634 3306 acui-

1612 3349 1708 3387 tur.
1734 3340 1796 3385 G.

1684 3418 1768 3465 23.
1805 3416 1895 3463 Res
1935 3425 2067 3471 tota,
2109 3416 2380 3479 Torquate,
2412 3431 2513 3464 non
2544 3417 2634 3464 do-

1612 3508 1800 3545 ctorum
1832 3493 1881 3544 k.
1917 3494 2088 3543 Malim
2116 3506 2231 3558 post
2260 3498 2535 3559 Torquate,
2568 3508 2639 3546 ese

1611 3574 1833 3624 additum
1864 3590 1878 3623 ε
1909 3591 2020 3623 nam
2055 3575 2196 3622 verbi
2227 3574 2518 3623 mbetantivi
2558 3594 2637 3623 aa·

1617 3656 1854 3705 severatio
1882 3654 2206 3716 desideratur,
2241 3655 2476 3719 facileque
2509 3659 2637 3705 exci-

1617 3737 1733 3785 dere
1750 3736 1799 3784 id
1814 3736 1980 3801 potuit
1990 3770 2005 3795 ,
2021 3744 2071 3783 et
2082 3734 2223 3799 plane
2243 3737 2506 3785 commodo
2522 3737 2636 3785 loeo

1616 3817 1686 3864 sic
1708 3815 1932 3875 additur,
1957 3826 2155 3863 extruso
2177 3830 2249 3864 sc.
2275 3816 2380 3876 ejus
2403 3832 2638 3880 compen·

1618 3895 1703 3944 dio
1734 3911 1820 3960 per
1846 3895 2054 3959 praeced.
2076 3894 2280 3943 literam.
2308 3895 2390 3943 Sic
2417 3898 2546 3943 enim
2575 3912 2636 3943 ex

1617 3976 1716 4023 loci
1754 3975 1991 4023 sententia
2039 3990 2150 4022 cum
2196 3975 2246 4022 vi
2290 3974 2351 4022 ab
2399 3975 2638 4024 enuntiati

1617 4055 1780 4103 fronte
1823 4055 2038 4118 ponitur.
2070 4058 2138 4104 G.
2173 4082 2242 4091 -—
2286 4056 2386 4101 Int.
2435 4053 2640 4101 omnino

1619 4134 1875 4199 iudignum
1903 4144 1976 4182 est
2012 4134 2173 4185 doctis
2201 4134 2335 4181 viris.

2344 4241 2448 4311 ¹9·
