3217 4784
833 382 954 447 DE
1005 381 1179 449 FlN.
1236 382 1439 448 BON.
1496 381 1609 446 ET
1660 380 1871 447 MAL.
1927 381 2024 459 lt,
2087 382 2188 464 14.

2449 406 2585 477 207

450 502 843 573 deserenda
876 516 1005 572 est.
1038 502 1140 571 Ita
1169 516 1580 571 ceterorum
1614 502 1988 570 sententiis
2015 503 2346 589 semotis»,
2374 503 2589 575 relin-

449 618 699 710 quitur
737 638 887 682 non
934 611 1111 681 mihi
1146 635 1314 682 cum
1357 615 1766 706 Torquato,
1808 610 1931 681 sed
1978 614 2230 682 virtuti
2265 634 2431 683 cum
2469 638 2592 685 vo-

450 724 724 821 luptate
761 724 1079 794 certatio,
1120 724 1359 812 Quam
1406 720 1704 817 quidem
1749 725 2219 794 certationem
2261 721 2487 794 homo
2519 741 2592 796 et

445 848 725 919 acutu5‚
753 846 825 903 et
853 831 1160 928 diligens
1192 830 1667 928 Chrysippus,
1695 854 1844 900 uon
1873 834 2294 922 contemnit,
2321 847 2590 904 totum-

446 970 593 1040 que
617 941 645 985 5
683 942 1069 1013 discrimen
1104 944 1367 1011 summi
1405 940 1583 1012 boni
1613 942 1686 1010 in
1720 938 2019 1010 eadem⁶
2051 932 2591 1042 comparatione

449 1046 768 1151 posit'um
805 1066 1030 1149 putat.
1062 1055 1217 1147 Ego
1253 1065 1493 1122 autem
1533 1052 1905 1135 existimo,
1941 1054 2001 1122 si
2045 1053 2434 1125 honestum
2474 1042 2591 1126 ali-

447 1163 629 1260 quid
681 1161 1070 1234 ostendero
1089 1174 1143 1248 ⁷,
1210 1162 1411 1259 quod
1486 1164 1577 1233 sit
1634 1164 1866 1260 ipsum
1938 1164 2006 1232 vi
2070 1188 2233 1249 sua,
2293 1180 2590 1264 propter

449 1267 723 1370 seque8
761 1272 1285 1367 expetendum,
1320 1274 1560 1368 jacere
1595 1287 1830 1344 vestra
1880 1277 2142 1343 omnia.
2183 1279 2438 1373 Itaque
2467 1302 2587 1363 eo,

452 1469 639 1531 vulgata
674 1484 699 1515 a
738 1470 849 1518 VV.
894 1472 1004 1520 DD.
1052 1482 1152 1518 tam
1188 1468 1327 1516 facile
1362 1468 1475 1514 ferri

447 1547 693 1613 potuerit,
737 1558 789 1594 ut
834 1564 978 1596 nemo
1031 1550 1082 1596 in
1125 1566 1179 1596 ea
1221 1546 1440 1594 offendat
1460 1581 1474 1603 ,

446 1638 645 1691 prorsus
666 1615 957 1691 notsliquet.
975 1627 1097 1674 Nam
1118 1624 1367 1689 arguimus
1390 1624 1475 1670 vix

445 1706 612 1764 aliter,
664 1722 808 1770 qnam
865 1720 1149 1752 accusamus
1202 1702 1476 1765 acceperis3

451 1786 547 1832 hoc
572 1796 731 1833 autem
759 1799 904 1847 quem
930 1782 1153 1845 languent
1175 1814 1189 1837 ,
1217 1796 1306 1844 per
1322 1796 1371 1826 se
1390 1795 1475 1842 pa·

449 1875 534 1912 tet.
550 1864 770 1927 Simplex
788 1870 946 1908 autem
966 1861 1063 1907 hoc
1082 1875 1173 1922 pro
1200 1859 1474 1922 composito

447 1942 544 1989 dici
571 1958 738 2006 posse,
763 1956 963 2004 prorsus
989 1936 1267 1986 dubitamus
1294 1951 1306 1984 :
1332 1937 1475 1985 nobis

447 2033 578 2067 certe
615 2036 851 2082 nusquam
905 2017 1181 2080 exemplum
1226 2016 1474 2077 innotuit,

447 2099 585 2161 quod
616 2099 713 2145 buc
752 2096 877 2144 trahi
909 2097 1086 2160 possit.
1117 2098 1293 2144 Veram
1329 2098 1476 2160 igitur

449 2177 786 2241 redargnimus
804 2175 1064 2223 lectionem
1080 2176 1354 2236 judicantes
1369 2210 1385 2235 ,
1400 2187 1475 2224 tot

447 2256 595 2304 bonis
618 2254 873 2303 codicibus
910 2252 1242 2302 confirmatam
1264 2292 1277 2314 ‚
1305 2267 1477 2303 sucto-

448 2337 609 2399 risque
628 2350 719 2381 usu
740 2334 898 2388 tritam
918 2368 932 2392 ,
959 2335 1010 2380 iu
1032 2343 1160 2381 texta
1189 2334 1473 2397 recepimus.

447 2414 748 2462 Indicativus
788 2422 947 2460 autem
996 2413 1086 2460 hac
1135 2414 1185 2459 iu
1231 2428 1473 2460 assevera-

448 2498 582 2543 tione
607 2494 934 2558 praeferendus
960 2504 1034 2541 est
1052 2528 1066 2550 ,
1095 2510 1224 2557 saepe
1248 2511 1275 2541 a
1297 2492 1471 2543 scribis

447 2585 556 2637 post
579 2574 673 2621 ηἰεί
689 2574 738 2620 iu
760 2572 1122 2635 subjunctivum
1152 2583 1381 2621 mutatus.

519 2656 573 2702 5.
602 2655 715 2700 Non
749 2651 1040 2707 contemnit,
1068 2664 1336 2717 totumque.
1369 2653 1474 2715 Que

445 2747 518 2783 est
544 2734 690 2782 immo
709 2733 872 2799 potius
889 2769 905 2795 ,
927 2746 976 2782 et
1004 2750 1155 2798 saepe,
1184 2750 1285 2782 nou
1313 2735 1472 2783 solum

444 2825 557 2879 post
582 2816 888 2877 negationem
911 2847 925 2871 ,
953 2814 1020 2861 cf.
1045 2812 1236 2862 Acadd.
1266 2817 1343 2875 11,
1372 2824 1432 2871 14
1453 2849 1468 2874 ,

449 2894 513 2949 45
532 2929 546 2947 ‚
588 2894 674 2941 sed
702 2893 804 2939 sine
827 2893 918 2939 bac
939 2894 1080 2939 etiam
1105 2892 1299 2957 legitur.
1327 2894 1471 2942 Plura

444 2986 604 3021 tamen
638 2971 797 3019 adhuc
821 2971 926 3019 locs
948 3007 964 3029 ,
996 2970 1086 3018 hac
1126 2972 1376 3035 particulae
1423 2976 1472 3020 vi

444 3068 546 3099 non
566 3049 896 3099 animadversa
913 3085 927 3107 ,
949 3050 1001 3097 iu
1016 3051 1267 3099 Ciceronis
1281 3053 1471 3118 scriptis

449 3131 690 3180 laborant.
716 3131 780 3177 G.

516 3212 565 3258 6.
609 3212 667 3257 In
700 3208 871 3256 eadem
903 3198 1287 3272 compdraeione.
1329 3210 1472 3257 Mea-

444 3288 547 3338 din.
588 3287 717 3337 Gud.
765 3303 821 3345 1,
862 3290 969 3335 Bas.
1009 3289 1069 3336 E.
1111 3297 1158 3334 et
1189 3281 1230 3345 ξ.
1262 3304 1427 3335 earum
1451 3306 1469 3334 .-

444 3366 638 3416 Nonius
666 3383 715 3413 v.
740 3365 1001 3415 discrimen
1024 3403 1039 3425 ,
1079 3365 1253 3414 eadem
1297 3383 1471 3415 rerum.

444 3449 669 3511 Guyetus
690 3446 741 3494 in
765 3463 826 3493 ea
850 3480 864 3505 ,
897 3446 973 3494 vel
991 3447 1041 3494 in
1063 3464 1123 3494 ea
1142 3446 1335 3494 demum
1356 3462 1475 3495 cou-

436 3528 564 3589 jicit.
585 3527 752 3574 Davis.
783 3542 953 3572 earum
978 3542 1136 3573 rerum
1159 3561 1174 3586 ,
1198 3526 1275 3573 vel
1298 3542 1468 3574 earum

443 3606 729 3671 simpliciter
782 3606 969 3653 suadet.
1019 3606 1113 3653 Sed
1181 3606 1429 3669 vulgatum
1457 3642 1471 3666 ,

442 3687 578 3750 quod
606 3684 861 3733 meliorum
883 3683 1033 3733 codd.
1062 3696 1135 3732 est
1155 3721 1169 3743 ‚
1198 3702 1364 3733 verum
1383 3702 1474 3751 pu-

444 3777 616 3814 tamus.
644 3764 864 3821 Eadem,
895 3775 966 3811 est
1005 3780 1064 3811 ea
1098 3763 1232 3829 ipsa,
1273 3776 1328 3813 ut
1346 3782 1472 3831 saepe

444 3846 529 3905 (cf.
544 3844 703 3892 Brenni
723 3843 784 3891 de
802 3846 903 3890 Fet.
925 3859 941 3889 ι
955 3842 1171 3907 5),quod
1189 3860 1338 3907 quum
1359 3830 1474 3893 scri-

443 3922 517 3969 bae
546 3939 647 3970 non
685 3921 907 3970 viderent
935 3959 949 3983 ‚
988 3940 1156 3971 earnm
1204 3925 1470 3984 coniecere.

447 4000 643 4065 Duplex
688 4000 866 4049 deiude
911 4002 1059 4049 lectio
1111 4005 1282 4063 juncta
1339 4003 1468 4051 illam

450 4081 596 4127 Nouii
627 4082 845 4145 peperit;
891 4099 999 4147 quae
1028 4082 1141 4131 ideo
1170 4100 1337 4148 parum
1367 4084 1470 4148 pla-

444 4168 547 4217 cet,
583 4157 715 4221 quod
748 4159 899 4208 vireas
927 4171 975 4208 et
1014 4162 1242 4226 voluptas
1278 4172 1329 4209 ut
1359 4178 1470 4226 per-

1565 1483 1699 1514 souae
1754 1467 2151 1517 introducuntur.
2219 1468 2592 1533 comparatione

1562 1557 1721 1591 autem
1751 1544 1879 1592 idem
1915 1557 1989 1592 est
2028 1562 2085 1592 sc
2121 1548 2416 1605 cereact'one5
2454 1551 2590 1614 quod

1563 1610 1669 1668 sine
1698 1638 1838 1669 causa
1869 1624 1988 1671 Em.
2020 1623 2151 1672 illius
2177 1624 2291 1673 loco
2330 1628 2451 1690 poni
2486 1646 2590 1676 ms-

1563 1699 1700 1748 luit:
1735 1701 1884 1749 immo
1927 1702 2086 1750 noluit
2130 1715 2302 1753 auctor
2347 1706 2474 1753 idem
2521 1720 2593 1756 ter

1563 1780 1852 1842 repositum.
1881 1780 2077 1828 Dicitur
2102 1793 2262 1830 autem
2289 1788 2589 1849 comparatio

1562 1858 1763 1921 proprie
1803 1858 1864 1906 de
1905 1861 2260 1923 componendis
2288 1862 2348 1910 sd
2376 1880 2589 1927 pugnam

1562 1934 1886 2002 gladiatorum
1930 1938 2158 2002 paribus,
2202 1952 2254 1988 ut
2301 1954 2429 1990 recte
2475 1959 2590 1992 cum

1564 2012 1683 2063 Eru.
1712 2014 1838 2064 vidit
1865 2017 2025 2065 Brem.
2055 2028 2104 2065 et
2139 2017 2246 2065 aliis
2272 2019 2435 2067 verbis
2461 2018 2589 2070 idem

1562 2096 1888 2159 exprimitur,
1928 2096 2119 2146 Acadd.
2160 2100 2207 2145 11
2239 2133 2254 2156 ,
2282 2100 2348 2155 46
2369 2135 2384 2157 ,
2438 2108 2535 2156 140
2567 2117 2580 2152 :

1568 2198 1590 2219 ι
1613 2177 1777 2222 Unum
1817 2191 1937 2239 par,
1976 2174 2112 2239 quod
2156 2174 2428 2241 depugnet,
2472 2180 2588 2227 reli-

1562 2268 1715 2317 quum
1743 2264 1843 2313 est,
1887 2254 2113 2318 voluptas
2132 2272 2242 2303 cum
2278 2256 2528 2306 honestate
2548 2283 2586 2309 -.

1563 2334 1721 2394 Quam
1749 2333 1999 2380 notionem
2024 2334 2076 2381 b.
2101 2335 2136 2383 1.
2166 2335 2291 2384 adeo
2321 2336 2493 2386 scribae
2511 2357 2588 2387 ce·

1566 2413 1697 2475 pisse
1717 2410 1972 2460 videntur:
1993 2428 2103 2459 natu
2123 2414 2182 2461 E.
2200 2424 2247 2461 et
2262 2410 2304 2470 ξ.
2326 2416 2431 2477 ejus
2456 2420 2588 2466 vocis

1562 2492 1677 2540 loco
1698 2492 2045 2557 composicione
2065 2494 2297 2543 referunt.
2322 2499 2384 2546 G.

1638 2588 1687 2633 7.
1716 2572 1771 2619 Si
1799 2571 2050 2620 honestum
2083 2572 2280 2638 aliquid
2311 2580 2585 2629 ostendero.

1561 2652 1698 2699 Goer.
1727 2652 1873 2700 sciib.
1912 2651 1981 2708 si,
2024 2651 2143 2702 hon.
2174 2654 2242 2703 al.
2260 2671 2393 2715 esse,
2430 2671 2588 2707 osten·

1561 2730 1694 2778 dero.
1735 2728 1914 2790 Miror,
1960 2732 2118 2795 iuquit
2139 2769 2155 2791 ‚
2187 2735 2332 2783 Viros
2367 2738 2585 2798 Doctus,

1560 2810 1645 2879 qui
1662 2846 1675 2869 ,
1696 2826 1846 2874 quum
1871 2809 2017 2874 vulgo
2038 2828 2141 2859 esse
2166 2811 2293 2862 absit
2312 2850 2326 2871 ,
2361 2816 2480 2863 nihii
2507 2821 2583 2865 os·

1560 2889 1824 2938 senderint.
1854 2890 1935 2937 Sic
1964 2891 2253 2939 Ciceronem
2286 2893 2485 2942 barbare
2512 2898 2587 2945 lo-

1559 2971 1644 3031 qui
1693 2971 1948 3033 cogimus!
1979 2971 2197 3031 Longum
2232 2971 2358 3017 soret
2401 2971 2452 3018 in
2487 2974 2585 3021 hoc

1560 3048 1730 3095 vitium
1772 3046 1991 3110 ingredi,
2042 3045 2178 3109 quod
2225 3042 2370 3106 hujus
2404 3051 2583 3114 scripta

1560 3125 1736 3185 toties,
1782 3136 1829 3172 et
1875 3122 2060 3185 ubique
2101 3121 2354 3171 codicibus
2404 3131 2583 3177 rectius

1559 3201 1878 3258 docentibus,
1909 3200 2273 3250 contaminavit.
2318 3204 2444 3253 Satis
2483 3209 2581 3268 jam

1558 3292 1659 3337 est,
1702 3282 1741 3329 si
1760 3282 1811 3330 h.
1839 3280 1871 3328 l.
1899 3281 1961 3328 ad
1987 3279 2348 3343 ambiguitatem
2375 3286 2583 3350 vulgatas

1559 3358 1812 3408 attendere
1845 3359 2131 3420 jusserimus
2161 3373 2176 3408 :
2208 3359 2291 3407 sed
2318 3361 2582 3427 aliquando

1561 3455 1662 3487 rem
1722 3438 1868 3504 piene
1912 3439 2128 3504 aperturi
2175 3455 2358 3489 sumus.
2403 3445 2582 3494 Praeter

1559 3520 1693 3570 Gud.
1717 3532 1745 3569 2
1761 3557 1776 3581 ,
1791 3520 1945 3568 nostri
1965 3532 2131 3567 omues
2150 3536 2250 3567 esse
2265 3536 2475 3573 servant.

1635 3602 1683 3649 8.
1704 3603 1905 3664 Propter
1919 3614 2084 3663 seque.
2109 3599 2274 3649 Lsmb.
2287 3614 2583 3669 propterque

1562 3694 1614 3728 se
1646 3698 1664 3728 .·
1699 3680 1768 3727 sic
1809 3680 1890 3728 iile
1924 3678 2109 3728 scilicet
2136 3692 2198 3726 ex
2223 3679 2421 3743 iugenio
2457 3701 2546 3732 suo
2566 3721 2580 3743 ‚

1563 3778 1664 3809 nou
1680 3760 1892 3808 auctoris
1907 3795 1922 3819 ,
1939 3759 2065 3807 solet
2078 3795 2093 3819 ,
2110 3758 2195 3822 qui
2209 3770 2419 3823 utroque
2433 3764 2582 3812 modo

1562 3840 1760 3898 scribit;
1792 3857 1837 3887 v.
1869 3856 1910 3888 c.
1950 3860 1971 3881 ι
1995 3841 2122 3886 inter
2149 3851 2316 3903 teque,
2340 3841 2402 3888 sd
2426 3843 2582 3905 pluri-

1562 3936 1766 3985 mosque
1783 3953 1797 3977 ,
1831 3920 1878 3965 in
1905 3936 2050 3984 reque
2070 3940 2112 3965 u.
2138 3918 2300 3981 Quid,
2325 3923 2462 3984 quod
2480 3926 2583 3971 siue

1560 3999 1908 4066 praepositione
1955 4000 2024 4047 sic
2071 3996 2241 4046 solet?
2291 4002 2431 4048 Orat.
2474 4003 2580 4063 111,

1562 4077 1648 4138 31,
1687 4086 1815 4133 124:
1857 4102 1880 4120 ‹-
1901 4080 1957 4125 In
1985 4074 2081 4125 hoc
2111 4078 2263 4141 igitur
2291 4088 2456 4137 tanto,
2485 4089 2579 4128 tam

1559 4162 1892 4221 immensoque
1935 4172 2186 4222 campon;
2230 4154 2315 4204 ubi
2353 4157 2585 4223 quisque,
