3217 4784
1085 386 1866 455 ARGUMENTUM.
2403 391 2547 483 429

496 524 615 579 set,
670 507 824 567 unde
874 506 947 564 ab
997 507 1466 566 Academicorum
1520 507 2148 586 Peripateticorumque
2209 510 2431 569 ratione
2488 533 2547 568 se

496 607 819 684 sejungeret
847 625 859 659 :
905 603 1094 683 pergit
1126 603 1248 680 jam
1276 604 1481 660 Cicero
1510 601 1581 660 nd
1614 604 1858 680 reliqua.
1895 608 1967 661 Et
1996 605 2245 683 primum
2272 606 2506 683 quidem
2534 632 2545 664 ε

495 702 887 781 gravissimam
916 703 1164 758 Zenonis
1192 700 1531 757 sententiam
1550 742 1567 769 ,
1597 698 1906 758 honestum
1940 702 2126 759 solum
2160 701 2378 761 bonum
2398 726 2551 775 esse;

494 801 748 877 itemque
776 798 1045 855 virtutem
1077 796 1351 854 constitui
1378 815 1496 853 non
1525 816 1722 873 posse,
1746 797 1792 853 si
1827 798 1984 857 aliud
2014 812 2225 877 praeter
2250 801 2551 861 honestum

496 897 554 954 in
582 895 753 953 bonis
776 906 1044 970 ponatur,
1061 911 1427 950 communem
1448 892 1561 950 illis
1584 912 1707 950 esse
1731 913 1861 950 cum
1885 896 2185 971 Pyrrhone
2206 911 2266 957 et
2283 899 2554 958 Aristone

498 1011 818 1069 eorumque
849 988 1152 1048 similibus.
1197 994 1330 1047 Non
1360 1002 1551 1047 autem
1585 989 1822 1061 decere,
1856 1004 2007 1049 stare
2043 1014 2174 1051 cum
2216 996 2314 1067 iis,
2349 998 2452 1074 qui
2482 1018 2555 1055 ne

496 1110 600 1146 sua
634 1086 868 1164 quidem
910 1106 1132 1144 summa
1178 1086 1332 1145 bona
1362 1106 1397 1145 a
1428 1101 1636 1145 natura
1677 1088 1924 1165 repetita
1967 1087 2242 1148 dicerent.
2284 1093 2349 1149 Id
2396 1094 2553 1170 qnod

497 1184 677 1260 effugi
714 1184 881 1241 facile
921 1182 1232 1261 potuisset,
1266 1185 1315 1241 si
1346 1184 1404 1241 in
1435 1183 1854 1261 disceptatione
1885 1203 2016 1241 cnm
2045 1187 2357 1246 Polemone
2383 1210 2555 1247 accu-

498 1282 678 1338 ratius
705 1280 1067 1352 attendisset,
1084 1280 1237 1339 unde
1265 1301 1452 1339 causae
1477 1281 1874 1338 controversia
1902 1296 2254 1355 nasceretur,
2279 1290 2310 1357 S
2333 1294 2435 1357 44,
2463 1287 2553 1354 45.

498 1377 959 1456 Improbandum
998 1377 1209 1437 deinde
1242 1379 1357 1436 hoc
1385 1398 1542 1449 esse,
1577 1378 1772 1455 quod,
1802 1397 1982 1455 quum
2011 1380 2191 1437 Stoici
2226 1382 2411 1439 solum
2445 1383 2558 1440 ho-

498 1489 722 1534 nestum
763 1474 819 1532 in
856 1475 1065 1534 summi
1098 1474 1238 1532 boni
1276 1474 1413 1532 sede
1454 1474 1814 1551 posuissent,
1869 1474 2030 1532 initia
2081 1489 2272 1534 tamen
2321 1498 2556 1549 rursus,

499 1572 932 1630 accommodata
964 1584 1218 1637 naturae,
1258 1569 1643 1647 proponenda
1689 1589 1811 1627 esse
1855 1569 2146 1643 dicerent,
2182 1572 2395 1648 quibus
2423 1577 2557 1633 seli—

500 1669 700 1744 gendis
750 1669 937 1726 virtus
989 1668 1262 1725 exsistere
1317 1666 1626 1742 enasciqne
1681 1667 1863 1744 possit
1897 1690 1910 1723 ε
1970 1687 2102 1726 nam
2157 1670 2442 1747 seligenda
2501 1674 2556 1729 in

498 1784 721 1822 summa
766 1763 1057 1821 bonorum
1090 1764 1276 1820 inesse
1317 1782 1554 1839 quoque
1595 1760 1829 1820 debere.
1875 1764 2026 1822 Hinc
2072 1765 2161 1822 vel
2207 1765 2301 1836 iis,
2347 1767 2560 1844 quibus

501 1863 771 1940 voluptas
817 1880 1102 1920 summum
1146 1859 1369 1918 bonum
1404 1861 1511 1929 sit,
1544 1860 1764 1919 aditum
1806 1860 1879 1919 ad
1923 1862 2205 1931 officium,
2248 1877 2306 1921 ct
2350 1866 2422 1922 ad
2461 1887 2559 1934 ea,

501 1978 630 2034 quae
666 1957 925 2016 facienda
959 1957 1303 2036 fugiendave
1335 1958 1480 2027 sint,
1510 1957 1678 2016 facile
1703 1971 1903 2036 patere
1930 1980 1943 2014 :
1973 1960 2210 2033 Stoici5‚
2239 1981 2420 2037 quum
2451 1962 2560 2019 ho—

500 2068 725 2112 nestum
790 2054 1146 2131 posuissent,
1204 2053 1425 2112 aditum
1479 2054 1636 2112 hunc
1694 2074 1819 2112 esse
1867 2056 2184 2114 occlusum.
2239 2063 2559 2116 Recurrere

499 2152 679 2227 igitur
700 2150 806 2208 hos
834 2150 907 2209 ad
937 2165 1230 2221 naturam,
1254 2171 1385 2228 quae
1415 2165 1601 2209 tamen
1627 2151 1919 2230 improbet
1941 2153 2175 2211 aliunde
2197 2155 2367 2212 linem
2392 2154 2559 2213 beate

501 2248 762 2320 vivendi,
795 2248 1029 2306 aliunde
1069 2248 1278 2326 agendi
1327 2249 1524 2318 initia,
1575 2248 1796 2325 repeti,
1840 2269 2020 2326 quum
2067 2271 2180 2309 una
2227 2250 2438 2310 horum
2487 2254 2563 2312 sit

503 2345 671 2402 ratio.
700 2350 822 2403 Nec
851 2366 974 2403 esse
1002 2360 1453 2403 consentaneum
1473 2388 1489 2415 ,
1521 2346 1758 2423 cognito
1800 2366 2027 2403 summo
2059 2346 2218 2405 bono
2245 2351 2459 2408 reverti
2487 2351 2561 2408 ad

498 2455 802 2500 naturam:
839 2443 1078 2501 excitari
1105 2442 1257 2500 enim
1280 2455 1338 2500 et
1361 2442 1777 2519 appetitionem
1808 2453 1867 2499 et
1900 2443 2185 2501 actionem
2216 2443 2404 2517 abiis,
2432 2467 2561 2524 quae

504 2540 821 2598 secundum
845 2553 1112 2598 naturam
1138 2540 1283 2613 sint,
1313 2560 1432 2598 non
1461 2539 1588 2597 vice
1612 2558 1807 2613 versa,
1837 2546 1868 2612 ς
1895 2540 2099 2609 46-48.

592 2641 785 2717 Pergit
830 2640 949 2718 jam
1008 2639 1082 2699 ad
1145 2638 1476 2698 Stoicorum
1532 2637 1908 2697 consectaria.
1963 2643 2226 2711 Quorum
2276 2641 2557 2718 primum,

504 2765 527 2787 «
546 2742 771 2795 Bonum
820 2758 992 2796 omne
1046 2736 1336 2796 laudabile
1361 2758 1373 2792 :
1427 2732 1717 2793 landabile
1766 2754 1938 2793 omne
1988 2736 2291 2795 honestum
2317 2759 2332 2794 ε
2390 2758 2560 2796 omne

503 2833 721 2892 bonum
762 2833 1135 2905 honestum»,
1164 2855 1239 2892 ex
1280 2853 1353 2891 eo
1396 2833 1720 2910 vituperat,
1766 2832 1925 2910 quod
1973 2832 2225 2909 primum
2264 2846 2558 2911 sumptum

504 2951 675 2989 nemo
706 2932 1082 3002 concesserit,
1117 2931 1227 2988 nisi
1254 2928 1511 3005 Pyrrha,
1540 2930 1772 3002 Aristo,
1802 2929 2128 3004 horumque
2155 2931 2384 3009 simile5‚
2413 2951 2559 3006 quos

504 3030 616 3108 ipsi
644 3028 976 3107 improbent
1001 3052 1014 3085 :
1041 3042 1101 3086 et
1129 3049 1199 3085 eo
1228 3047 1533 3097 concesse,
1563 3047 1713 3105 opus
1742 3040 1930 3085 tamen
1962 3025 2038 3081 sit
2072 3025 2358 3096 secundo,
2388 3032 2417 3096 5
2456 3028 2557 3099 48,

507 3136 605 3201 49.
639 3125 864 3185 Deinde
892 3126 952 3182 in
986 3123 1164 3182 sorite
1192 3122 1326 3190 illo,
1358 3149 1381 3173 a
1406 3122 1580 3196 Quod
1621 3122 1841 3179 bonum
1882 3121 1979 3189 sit,
2015 3119 2076 3176 id
2107 3138 2229 3176 esse
2265 3121 2556 3197 optabile3

506 3224 664 3301 quod
707 3223 987 3303 optabile,
1028 3220 1087 3279 id
1128 3220 1557 3299 expetendum3
1601 3220 1761 3299 quod
1804 3216 2222 3296 expetendum,
2256 3217 2314 3274 id
2355 3219 2558 3280 lauda-

508 3322 625 3380 bile
642 3365 656 3389 ,
684 3334 834 3379 etc.»
862 3321 998 3378 item
1026 3338 1144 3377 non
1171 3316 1441 3388 concedi,
1460 3315 1620 3394 quod
1644 3315 1862 3374 bonum
1888 3316 1993 3386 sit,
2017 3315 2075 3372 id
2104 3335 2226 3373 esse
2251 3315 2555 3379 laudabile.

508 3418 700 3478 Hebes
727 3432 918 3476 autem
946 3435 1070 3474 esse
1101 3413 1273 3485 illud,
1309 3412 1656 3491 gloriatione
1685 3412 1917 3490 dignam
1947 3431 2068 3469 esse
2099 3410 2327 3470 beatam
2352 3414 2553 3488 vitam,

505 3519 665 3597 quod
711 3536 840 3574 cum
882 3518 1182 3571 honestate
1223 3510 1399 3569 modo
1440 3509 1676 3586 gloriari
1722 3511 1852 3585 quis
1891 3508 2090 3587 possit.
2146 3511 2402 3568 Concedi
2446 3513 2557 3572 hoc

507 3618 705 3687 facile,
738 3630 795 3674 et
826 3628 1013 3671 tamen
1055 3611 1286 3689 negari,
1316 3609 1476 3688 quod
1520 3607 1657 3666 inde
1688 3607 1841 3665 effici
1868 3607 2083 3677 velint,
2129 3620 2343 3684 praeter
2367 3611 2557 3669 virtu—

510 3729 623 3772 tem
651 3711 793 3770 nihil
823 3713 884 3768 in
914 3708 1087 3767 bonis
1111 3708 1442 3767 ducendum
1467 3725 1625 3776 esse,
1655 3710 1685 3776 S
1716 3704 1924 3772 48-51.
1947 3703 2050 3761 His
2080 3716 2137 3760 et
2170 3704 2383 3764 talibus
2408 3711 2557 3767 sumi

508 3824 608 3871 aut
634 3829 750 3868 non
778 3826 1078 3877 concessa,
1102 3818 1204 3864 aut
1230 3826 1324 3876 ea,
1350 3802 1562 3881 quibus
1585 3800 1890 3866 concessiS,
1918 3799 2060 3856 nihil
2081 3798 2338 3875 juvetur.
2357 3807 2558 3883 Neque

507 3909 596 3966 his
625 3905 991 3965 consectariis
1018 3903 1337 3981 quidquam
1372 3899 1593 3978 profici.
1623 3903 1768 3956 Nam
1797 3917 1976 3973 quum
2004 3910 2299 3975 exspectes
2330 3899 2554 3975 doceri,

504 4025 614 4062 eur
643 4005 814 4062 dolor
840 4004 1056 4062 malum
1095 4021 1212 4059 non
1257 4002 1330 4056 sit
1356 4020 1368 4056 :
1413 4017 1681 4077 asperum
1710 3995 1944 4073 quidem
1968 4039 1983 4066 ,
2025 3995 2325 4067 odiosum,
2357 4014 2559 4059 contra

497 4116 764 4163 natttram
795 4103 952 4161 hunc
993 4101 1135 4175 dici,
1183 4097 1318 4167 sed,
1358 4117 1536 4174 quum
1583 4097 1639 4154 in
1683 4116 1754 4153 eo
1787 4094 1989 4153 vitium
2031 4113 2150 4150 non
2198 4095 2298 4166 sit,
2346 4098 2556 4159 malum
