3217 4784
687 440 777 528 54

1356 450 1452 515 Μ.
1501 450 1577 516 Τ.
1637 434 2120 523 CICERONIS
2199 444 2203 455 ·

585 597 643 631 21
686 567 797 638 vel
828 569 1067 665 paullo
1093 579 1218 636 aut
1250 565 1632 660 majorem,
1672 584 1794 641 aut
1827 571 2201 642 minorem.
2247 575 2354 640 Ita
2384 623 2403 656 ‚
2451 594 2610 666 quae
2637 594 2789 640 mu-

685 690 820 763 tat,
858 700 939 747 ea
975 677 1410 772 corrumpit;
1461 701 1622 773 quae
1651 680 1979 775 sequitur
1997 673 2088 760 ²3,
2133 694 2304 750 sunt
2342 693 2490 749 tota
2527 684 2789 749 Demo-

685 787 883 856 criti:
921 785 1180 872 atomi‚
1213 785 1464 873 inane,
1501 786 1865 886 imagines,
1889 813 2046 886 quae
2077 786 2346 859 idola²9
2375 792 2790 873 nominant,

686 915 1001 988 quorum
1034 894 1448 964 incursione
1491 919 1642 966 non
1685 896 1918 968 solum
1965 897 2371 986 videamus,
2407 897 2533 968 sed
2576 898 2788 968 etiam

680 996 1077 1093 cogitemus
1094 996 1192 1087 ³⁰3
1214 1001 1521 1074 infinitio
1551 1006 1741 1101 ipsa,
1777 1027 1995 1099 quam
2020 1007 2294 1099 ἀπειρίαν
2319 1019 2576 1075 vocant
2598 1057 2616 1084 ‚
2640 1017 2790 1073 tota

682 1102 774 1175 ab
814 1104 938 1176 illo
966 1122 1110 1194 est;
1156 1123 1307 1183 tum
1350 1111 1911 1184 innumerabiles
1946 1112 2230 1201 mundi,
2275 1115 2402 1211 qui
2442 1127 2517 1184 et
2550 1114 2788 1183 orian—

680 1229 824 1303 tur,
871 1231 945 1288 et
970 1221 1327 1293 intereant
1354 1223 1698 1319 quotidie.
1731 1225 1910 1313 Quae
1949 1226 2081 1294 etsi
2123 1223 2302 1293 mihi
2329 1223 2534 1296 nullo
2573 1223 2789 1294 modo

677 1324 1117 1422 probantur,
1171 1345 1413 1405 tamen
1455 1336 1955 1406 Democritum
1999 1331 2368 1404 laudatum
2413 1358 2454 1405 a
2498 1338 2793 1419 ceteris,

676 1433 771 1504 ab
809 1434 982 1525 hoc,
1018 1441 1144 1535 qui
1177 1465 1346 1513 eum
1381 1467 1608 1514 unum
1647 1440 2259 1541 sequutus-est31,
2297 1441 2566 1513 nollem
2601 1446 2789 1513 vitu-

687 1562 1018 1643 peratum
1037 1546 1125 1621 ³².

677 1727 802 1775 Nam
825 1738 996 1777 auctor
1029 1745 1089 1777 eo
1114 1725 1228 1778 loco
1254 1733 1393 1795 quasi
1415 1730 1663 1779 minimam
1677 1766 1695 1793 ,

678 1806 834 1869 qualis
861 1805 1016 1853 oculis
1041 1822 1092 1853 se
1117 1807 1285 1866 offert,
1321 1808 1436 1856 solis
1461 1810 1698 1872 magnitu-

682 1885 846 1932 dinem
867 1884 1009 1932 refert
1022 1919 1036 1943 ,
1073 1884 1168 1930 boc
1194 1898 1364 1934 nostro
1383 1897 1553 1933 contra
1569 1902 1698 1950 quo-

682 1962 942 2010 dammodo
961 1962 1217 2009 maximam
1233 1964 1390 2027 ponit.
1411 1963 1505 2011 Sed
1523 1974 1695 2011 notan-

683 2041 801 2090 dum
826 2052 984 2089 tamen
1007 2053 1112 2102 est,
1135 2042 1232 2090 Erl.
1266 2043 1437 2091 referre
1449 2043 1697 2105 pedalem.

683 2121 758 2169 De
798 2121 891 2177 iis,
935 2134 1045 2184 quae
1070 2119 1315 2169 adduntur
1337 2154 1353 2179 ,
1401 2119 1712 2168 monendum·

685 2209 759 2246 est
775 2232 790 2254 ‚
811 2197 924 2245 loco
946 2200 1096 2247 citato
1115 2208 1357 2247 auctorem
1375 2200 1479 2265 ipss
1498 2199 1697 2265 Epicuri

686 2275 829 2325 verba
847 2309 862 2334 ,
899 2275 994 2326 hoc
1044 2288 1205 2326 autem
1261 2272 1373 2326 loco
1420 2279 1698 2328 eorumdem

686 2355 836 2403 modo
858 2365 1067 2404 mentem
1085 2357 1386 2421 expressisse.
1405 2359 1471 2407 G.

757 2435 844 2481 28.
868 2434 987 2497 Quae
1015 2435 1244 2499 sequitur.
1279 2436 1330 2483 si
1364 2437 1569 2486 Rathius
1588 2439 1700 2485 Bre-

687 2513 837 2560 mium
855 2514 1175 2562 consuluisset
1191 2548 1205 2570 ‚
1229 2528 1332 2562 non
1352 2515 1516 2564 denuo
1534 2516 1616 2563 ille
1637 2532 1700 2567 ex

690 2591 836 2640 codd.
864 2591 1153 2655 quibusdem
1168 2604 1432 2654 sequuntur
1462 2610 1575 2641 eum
1607 2595 1703 2641 Da·

690 2670 785 2720 vis.
806 2670 1043 2719 suasisset.
1081 2659 1149 2718 Ut
1187 2670 1316 2718 enim
1351 2682 1515 2735 aperte
1545 2682 1703 2720 motat

691 2751 989 2814 opponitur,
1012 2750 1044 2798 i.
1065 2766 1108 2798 e.
1129 2770 1155 2790 ι-
1177 2749 1418 2812 corrigere
1436 2762 1642 2801 conatur
1655 2772 1701 2811 ιι,

690 2841 740 2878 et
753 2851 804 2886 ,οι
820 2829 1004 2892 integra
1018 2829 1070 2876 in
1088 2845 1221 2877 suam
1242 2829 1524 2877 senteutiam
1549 2840 1702 2879 trans-

692 2910 784 2958 fert
802 2930 828 2949 ι·
860 2921 874 2956 :
905 2908 972 2956 ita
1005 2908 1129 2955 nihil
1161 2908 1259 2956 huc
1292 2908 1529 2957 momenti
1562 2910 1700 2970 fecit,

690 2989 827 3054 quod
853 2987 1108 3052 'Epicurus
1149 2988 1203 3034 in
1246 2986 1538 3051 quibusdam
1578 2987 1703 3036 alios

690 3079 867 3133 praeter
908 3065 1241 3116 Democritum
1294 3078 1526 3129 sequutus
1572 3078 1646 3116 est
1684 3082 1700 3126 ς

692 3160 843 3208 quum
897 3156 1079 3193 certum
1131 3143 1553 3209 indubitatumque
1604 3145 1667 3193 sit
1685 3180 1700 3206 ,

692 3223 823 3270 hunc
840 3222 977 3270 illum
993 3232 1222 3271 sectatum
1240 3224 1457 3272 omnium
1476 3226 1699 3274 maxime.

695 3300 839 3349 Unde
857 3312 1052 3364 quoque
1078 3303 1224 3365 paulo
1250 3314 1363 3368 poet
1380 3302 1412 3368 S
1433 3320 1522 3366 st,
1556 3319 1583 3348 ιι
1617 3305 1704 3369 qui

693 3394 804 3427 eum
843 3394 994 3427 unum
1036 3392 1267 3443 sequutus
1291 3394 1415 3431 esset
1439 3403 1489 3431 ι.
1521 3383 1665 3432 Adde
1686 3415 1703 3443 ,

694 3457 830 3523 quod
854 3459 938 3505 Ita
971 3474 1036 3505 ex
1068 3460 1310 3523 precedd.
1335 3460 1518 3525 colligit
1540 3461 1571 3527 S
1602 3477 1663 3523 ¹7
1689 3497 1706 3524 ‚

701 3539 762 3586 18
787 3571 802 3595 ‚
840 3536 929 3585 nbi
953 3535 1082 3585 idem
1117 3537 1431 3600 Epicurusab
1465 3555 1568 3586 uno
1602 3541 1702 3586 De·

693 3614 887 3664 mocriti
903 3615 1128 3680 exemplo
1146 3616 1358 3681 pendere
1373 3616 1566 3665 dicitur.
1577 3617 1705 3665 Bene

693 3694 835 3742 etiam
860 3695 1018 3744 Boemi
1044 3705 1150 3743 toea
1166 3705 1322 3759 urget.
1338 3697 1489 3743 Recte
1510 3706 1670 3743 autem
1686 3729 1702 3754 ‚

693 3784 805 3820 sunt
846 3783 949 3821 ωω
968 3807 987 3832 ,
1045 3773 1198 3822 verbo
1249 3774 1554 3824 substantivo
1592 3790 1705 3822 cum

691 3851 1038 3900 asseveratione
1073 3851 1353 3916 praemiss03
1388 3870 1449 3902 ue
1474 3864 1577 3901 eota
1593 3863 1707 3900 sune

692 3930 844 3978 malis.
864 3932 925 3979 G.

763 4024 846 4071 ²9·
876 4009 996 4071 Qua·
1034 4007 1169 4058 idola
1196 4009 1467 4058 nominant.
1493 4012 1701 4058 Goerenz

692 4106 805 4152 qua·
825 4082 1008 4140 εἴδωλα.
1027 4089 1295 4138 nominant.
1316 4092 1469 4143 Recte
1486 4124 1499 4147 ,
1517 4090 1679 4155 iuquit
1693 4130 1707 4153 ‚

690 4170 847 4217 Bremi
890 4183 1092 4232 graecam
1126 4186 1295 4218 vocem
1336 4171 1503 4234 gmcis
1538 4170 1707 4220 literis.

1780 1734 1840 1779 In
1857 1730 2112 1778 nominant
2127 1746 2189 1778 ue
2214 1730 2394 1778 haeoeas
2409 1766 2426 1792 ‚
2458 1728 2794 1792 intelliguntur

1780 1808 2086 1855 Democritus
2098 1819 2147 1856 et
2162 1809 2300 1872 Epic.
2317 1806 2380 1855 de
2392 1806 2570 1871 quibus
2585 1818 2794 1852 commu·

1781 1886 1908 1934 niter
1924 1886 2096 1948 agitur.
2113 1886 2207 1936 Hic
2225 1888 2354 1933 enim
2363 1884 2425 1933 ab
2437 1884 2525 1932 illo
2533 1883 2587 1931 id
2603 1898 2798 1947 accepe-

1782 1974 1882 2024 rat,
1907 1974 1964 2011 ut
1983 1964 2098 2011 istas
2124 1962 2364 2033 ἀποῤῥοὰς
2389 1968 2482 2015 τῶν
2512 1961 2754 2031 σωμάτων
2776 1999 2792 2026 ,

1783 2035 1967 2092 aldeola
1979 2041 2159 2089 diceret
2175 2043 2266 2101 301.
2282 2040 2532 2091 Aristotel.
2545 2040 2607 2089 de
2627 2041 2792 2089 Divin.

1783 2135 1872 2185 per
1887 2135 2044 2168 somn.
2070 2135 2112 2166 c.
2134 2135 2185 2169 α.

1855 2201 1939 2248 30.
1989 2199 2109 2261 Quoe
2132 2198 2205 2249 id.
2242 2234 2260 2252 ,
2279 2233 2292 2247 .
2313 2233 2327 2247 .
2361 2199 2639 2265 cogitemus.
2670 2200 2793 2258 His,

1781 2277 1943 2343 iuquit
1963 2279 2169 2326 Goerem
2183 2313 2198 2337 ‚
2233 2279 2530 2342 parenthesis
2555 2280 2686 2341 signa
2707 2278 2793 2325 ad-

1784 2357 1994 2406 didimus
2008 2391 2023 2415 ‚
2048 2373 2158 2419 quo
2177 2357 2343 2405 abesse
2370 2367 2629 2419 nequeunt.
2647 2356 2796 2417 Quod

1784 2437 1826 2482 si
1853 2438 1969 2483 Em.
2000 2435 2231 2495 vidisset,
2260 2435 2322 2483 de
2339 2450 2546 2499 quorum
2590 2434 2796 2498 legendo

1784 2514 1981 2562 minime
2005 2513 2276 2576 cogitasset.

1855 2594 1884 2640 3
1897 2608 1918 2640 1
1932 2627 1944 2640 .
1971 2593 2206 2655 sequutus
2232 2604 2317 2642 est.
2342 2594 2548 2641 Goeoenz
2570 2602 2795 2657 sequutus

1787 2683 1923 2720 esset.
1951 2670 2142 2734 Vulgo,
2173 2670 2360 2736 inquit,
2395 2687 2422 2719 a
2447 2672 2645 2720 Davisio
2682 2671 2798 2718 iude

1786 2761 1861 2798 est
1898 2749 2060 2798 editur
2098 2763 2113 2798 :
2157 2750 2242 2798 scd
2271 2766 2436 2799 omnes
2459 2751 2612 2798 nostri
2634 2761 2759 2798 esset
2778 2767 2797 2805 ,-

1786 2839 1836 2878 et
1869 2829 1939 2877 sic
1972 2844 2140 2877 omnes
2176 2831 2376 2879 omnino
2409 2839 2585 2893 praeter
2619 2829 2797 2877 Eliens.

1794 2925 1816 2957 ι
1839 2941 1856 2968 ,
1893 2906 2025 2956 uude
2052 2909 2135 2957 ille
2167 2911 2236 2958 sic
2262 2912 2472 2974 scripsit.
2501 2910 2800 2959 Reduximus

1788 2985 1924 3050 quod
1943 2988 2120 3050 oorrIgi
2142 3002 2247 3036 nou
2274 2987 2508 3046 debebat3
2535 3003 2644 3034 vers
2670 2989 2799 3036 euim

1788 3066 2066 3114 consecutio
2088 3077 2161 3115 est
2174 3101 2188 3123 ,
2217 3067 2305 3131 qui
2329 3083 2421 3132 pro
2437 3081 2586 3131 quum
2604 3065 2687 3113 hic
2703 3082 2798 3128 po·

1787 3146 1899 3194 sito.
1916 3147 2043 3193 Tum
2062 3147 2190 3193 enim
2213 3144 2294 3193 hic
2314 3145 2452 3192 illum
2467 3144 2796 3208 vituperabat,

1787 3240 1940 3289 quum
1973 3239 2073 3273 sun
2110 3222 2436 3291 philosophia
2463 3223 2664 3292 σῦςημα,
2697 3224 2801 3287 ipse

1788 3302 2065 3352 conflasset.

1858 3383 1945 3431 32.
1977 3380 2332 3445 Vituperamus.
2357 3378 2523 3427 Refert
2540 3382 2694 3428 Laert.
2720 3383 2767 3429 X
2784 3414 2799 3438 ‚

1792 3462 1821 3508 8
1834 3492 1851 3523 ,
1875 3461 1936 3510 ab
1952 3463 2165 3529 Epicuro
2184 3461 2514 3508 Democritum
2528 3458 2798 3528 ληρόιιριτον

1789 3540 1996 3590 audisse.
2037 3542 2109 3591 Eo
2150 3539 2417 3587 referantur
2457 3553 2654 3602 quoque
2696 3538 2800 3586 haec

1789 3619 1901 3668 Nat.
1927 3621 2077 3667 Deor.
2100 3619 2155 3677 1,
2195 3618 2262 3667 33
2283 3649 2298 3674 ‚
2327 3616 2393 3678 93
2424 3629 2438 3664 τ
2469 3632 2660 3679 «quum
2681 3616 2800 3680 Epi·

1789 3714 1935 3746 curus
1977 3731 1992 3745 .
2012 3731 2027 3745 .
2048 3731 2060 3743 .
2122 3696 2174 3744 in
2225 3695 2557 3744 Democritum
2605 3697 2766 3760 ipsum
2786 3730 2802 3754 ,

1788 3792 1933 3840 quem
1959 3785 2190 3838 sequutus
2210 3784 2311 3832 est,
2347 3773 2492 3822 fuerit
2526 3774 2741 3838 ingratus
2757 3797 2801 3824 ιο.

1790 3855 1917 3904 Nam
1939 3854 2046 3902 haec
2067 3867 2162 3900 una
2187 3854 2311 3901 ratio
2332 3886 2347 3910 ‚
2370 3866 2465 3916 qua
2486 3853 2701 3916 ingratus
2722 3852 2803 3900 ille

1789 3932 1978 3982 dicetur
1995 3968 2011 3994 ‚
2053 3931 2254 3995 cogitari
2285 3942 2474 3996 potest,
2515 3948 2662 3995 quum
2705 3934 2805 3980 De·

1790 4011 2022 4060 mocritus
2046 4010 2338 4074 Olympiade
2357 4027 2382 4070 7
2397 4025 2417 4058 1
2447 4044 2462 4068 ‚
2494 4010 2567 4057 vel
2580 4010 2644 4058 ad
2666 4027 2800 4059 sum-

1795 4108 1924 4139 mum
1957 4106 2018 4151 '7²
2039 4127 2056 4151 ,
2079 4099 2220 4138 ustus
2240 4090 2337 4155 sit(
2356 4100 2516 4138 errant
2541 4090 2664 4138 enim
2684 4127 2698 4150 ‚
2716 4094 2801 4155 qui

1794 4170 1857 4218 ad
1917 4169 2253 4234 Olympiadem
2301 4173 2368 4219 80
2434 4170 2536 4232 ejus
2599 4171 2802 4220 natalem
