3217 4784
602 330 696 403 30
1268 326 1367 393 Μ.
1419 325 1496 389 T·.
1549 319 2033 391 CICERONIS

599 454 1082 548 Antipatrum,
1117 440 1624 515 Mnesarchum
1642 495 1660 527 ‚
1688 442 2074 511 Panaetium
2102 434 2187 526 ¹⁸,
2212 439 2482 512 multos
2515 440 2718 527 alios,

600 565 677 632 in
716 560 1107 657 primisque
1146 551 1562 624 familiarem
1609 566 1931 621 nostrum
1976 549 2458 621 Posidonium.
2523 551 2720 641 Quid

600 659 1821 767 Theophrastus19?mediocriterne
1849 657 2180 743 delectat,
2216 682 2443 756 quum
2468 675 2721 732 tractat

604 784 802 854 locos
851 776 943 849 ab
993 773 1370 845 Aristotele
1428 784 1594 842 ante
1647 770 2029 840 tractatos?
2089 768 2283 859 Quid
2333 770 2651 868 epicurei
2691 770 2721 839 ἱ)

604 914 781 963 num
835 869 1201 959 desistunt
1241 882 1330 953 de
1374 880 1662 964 iisdem,
1714 879 1805 951 de
1849 877 2119 975 quibus
2168 893 2242 951 et
2281 879 2372 951 ab
2406 881 2722 977 Epicuro

602 1002 948 1095 scriptum
986 1007 1114 1082 est,
1150 1007 1222 1063 et
1261 991 1351 1063 ab
1388 990 1740 1086 antiquis,
1782 988 1871 1060 ad
1905 987 2283 1059 arbitrium
2315 1014 2526 1060 suum
2558 990 2727 1060 scri-

602 1106 824 1180 bere?
877 1103 1093 1195 Quod
1142 1103 1201 1173 si
1251 1100 1482 1172 Graeci
1532 1098 1874 1193 leguntur
1907 1123 1949 1168 a
1990 1099 2255 1169 Graecis
2283 1152 2302 1183 ‚
2345 1096 2597 1169 iisdem
2633 1096 2724 1169 de

604 1217 824 1291 rebus
856 1217 988 1286 alia
1027 1216 1308 1284 ratione
1343 1210 1764 1306 compositis
1788 1218 1893 1296 ²⁰,
1923 1207 2099 1306 quid
2131 1222 2239 1279 est
2277 1232 2407 1279 cur
2432 1209 2661 1280 nostri
2685 1231 2728 1278 a

607 1327 871 1399 noStris
908 1348 1060 1396 nou
1099 1318 1476 1419 legantur?
2670 1303 2696 1331 ⁶

608 1503 982 1557 Atheniensibus
999 1505 1202 1551 Romam
1223 1502 1395 1549 missus
1413 1509 1485 1547 est
1511 1513 1623 1544 cum
1710 1495 1764 1543 in
1784 1495 2139 1561 philosophicis
2155 1496 2400 1546 habitabat
2421 1498 2445 1545 Ρ
2459 1496 2618 1562 quue
2633 1515 2732 1547 ms·

606 1584 854 1637 Carneade
873 1582 1169 1632 Academico
1187 1591 1235 1630 et
1250 1580 1469 1630 Critolao
1495 1578 1627 1625 Peri·
1712 1577 1784 1641 gis
1808 1575 1906 1625 hoc
1930 1577 2045 1624 loco
2063 1611 2080 1633 ,
2126 1576 2212 1625 uhi
2241 1576 2415 1642 reliqui
2448 1589 2579 1627 certa
2617 1595 2732 1627 suc·

609 1665 835 1730 patetico.
857 1690 928 1701 -
947 1662 1206 1726 Antipater
1236 1656 1502 1724 discipulus
1533 1657 1627 1705 fuit
1663 1714 1671 1721 .
1710 1655 1930 1704 cessione
1971 1667 2237 1719 ponuntur.
2289 1657 2517 1706 'Voluisse
2571 1668 2731 1706 sutem

608 1745 756 1806 hujus
788 1741 1028 1805 Diogenis
1048 1775 1063 1796 ‚
1103 1737 1341 1786 oriundus
1359 1738 1518 1794 Tarsi,
1551 1737 1628 1785 vel

607 1826 762 1887 Tyro,
778 1821 852 1868 vel
873 1819 1074 1875 Sidone,
1091 1828 1140 1863 et
1152 1826 1421 1879 praeceptor
1431 1813 1631 1862 Catonis

608 1902 804 1964 majoris
818 1933 835 1958 ‚
872 1896 952 1945 vel
970 1896 1074 1956 ejus
1092 1891 1428 1941 tantummodo
1463 1906 1633 1937 secun-

611 1982 728 2030 dum
750 1979 873 2027 alios
905 1976 1110 2022 amicus.
1127 1998 1195 2009 —
1215 1973 1287 2019 De
1304 1968 1595 2018 Mnesarcho
1615 2000 1631 2027 ‚

610 2075 755 2128 quem
775 2070 875 2104 non
895 2050 1170 2100 confundas
1205 2066 1316 2097 cum
1346 2048 1635 2113 Pythagorae

612 2150 776 2202 patre,
802 2133 875 2183 nil
894 2131 984 2178 nisi
1006 2130 1140 2194 quod
1158 2130 1331 2178 Cicero
1348 2128 1429 2175 hic
1450 2138 1498 2174 et
1517 2128 1636 2176 alias

611 2216 773 2281 (Orat.
792 2214 815 2258 1
831 2244 847 2270 ‚
866 2226 910 2257 c.
936 2224 957 2259 1
972 2224 991 2255 1
1015 2222 1031 2266 ;
1060 2206 1251 2256 Acsdd.
1270 2205 1462 2271 fragm.)
1489 2206 1635 2266 dicit,

614 2292 855 2342 novimus.
882 2313 952 2325 -
988 2287 1227 2334 Psnaetius
1249 2286 1468 2345 Stoicus,
1495 2285 1633 2335 Rho·

618 2373 757 2431 dius,
788 2366 1055 2431 discipulus
1076 2365 1350 2429 Antipatri,
1368 2377 1639 2430 praeceptor

617 2448 1032 2514 Scipionis,quem
1051 2445 1102 2491 in
1112 2444 1244 2508 AEgy
1250 2454 1387 2507 ptum
1405 2457 1641 2507 sequutus

618 2539 708 2578 est.
732 2527 933 2574 Librum
967 2525 1145 2572 fecerat
1182 2521 1242 2569 de
1265 2519 1441 2569 officiis
1460 2555 1474 2580 ,
1498 2537 1641 2584 quem

619 2609 791 2656 Cicero
816 2604 1031 2651 imitatus
1048 2611 1205 2649 est.-
1218 2600 1512 2647 Posidonius
1527 2634 1541 2658 ,
1556 2600 1645 2662 qni

618 2684 845 2735 Rhodius
864 2681 1022 2728 dictus
1049 2689 1122 2725 est
1136 2714 1152 2739 ,
1177 2680 1390 2739 Apamea
1409 2676 1645 2724 oriundus

621 2776 745 2826 erat,
759 2759 959 2816 Panaetii
981 2755 1272 2820 discipulus3
1292 2754 1386 2802 fuit
1403 2755 1528 2801 inter
1540 2755 1645 2802 Cic.

621 2838 879 2893 familiares
897 2837 981 2902 qui
993 2852 1101 2884 eum
1116 2850 1242 2898 saepc
1259 2832 1425 2882 Rhodi
1442 2832 1646 2889 audivit:

590 2974 593 2977 ,
622 2923 819 2971 auditus
851 2929 924 2966 est
961 2916 1105 2964 etiam
1141 2929 1167 2961 a
1206 2912 1439 2976 Pompeio
1477 2922 1649 2959 contra

622 3001 958 3050 Mithridatem
980 2991 1335 3060 proficiscente.

704 3081 785 3127 18.
819 3070 1192 3129 Mnesurdum,
1220 3067 1507 3118 Panaciam.
1540 3070 1647 3117 Ho-

626 3175 734 3207 rum
785 3156 979 3203 nomina
1044 3168 1105 3199 ex
1157 3149 1463 3197 librariorum
1516 3146 1650 3195 haud

630 3235 777 3285 dubie
814 3230 1101 3295 negligentis
1141 3229 1210 3275 sic
1251 3226 1540 3291 transposita
1575 3227 1647 3275 le-

630 3325 825 3380 guntur.
866 3311 982 3358 Nou
1034 3307 1179 3355 semel
1229 3307 1425 3369 quidem
1474 3303 1651 3356 Cicero

632 3388 924 3455 discipulum
954 3386 1185 3449 magistro
1206 3386 1455 3446 praemittit
1473 3418 1488 3443 ,
1509 3388 1549 3431 si
1565 3385 1649 3432 ille

630 3474 728 3521 hoc
764 3467 973 3525 clarior,
1010 3463 1085 3511 vel
1120 3464 1162 3509 si
1205 3462 1430 3509 consulto
1456 3463 1651 3510 inverso

631 3551 802 3600 ordine
831 3545 984 3594 utitur
1012 3556 1025 3589 ε
1054 3556 1260 3605 quorum
1297 3550 1519 3588 neutrum
1554 3540 1651 3588 huc

632 3629 860 3697 pertinet.
884 3629 952 3673 At
970 3623 1095 3670 forte
1115 3620 1358 3668 memoriae
1375 3619 1509 3683 lapsu
1533 3622 1545 3667 l
1578 3623 1650 3668 lta

633 3710 822 3759 scilicet
841 3704 949 3752 Viri
968 3701 1113 3749 Docti
1128 3734 1144 3758 ,
1164 3699 1400 3759 ejusmodi
1421 3699 1459 3745 si
1482 3715 1654 3747 occur-

633 3799 778 3845 runt,
815 3781 1099 3832 defendunt.
1133 3778 1228 3828 Sed
1260 3778 1382 3825 bene
1413 3778 1512 3826 hoc
1550 3779 1654 3842 ipse

632 3876 772 3918 norat
791 3900 807 3927 ‚
844 3876 992 3926 quum
1020 3858 1249 3906 scriberet
1270 3858 1407 3905 Orat.
1447 3858 1468 3902 1
1497 3889 1513 3915 ,
1558 3872 1611 3903 11
1635 3893 1652 3919 ,

636 3950 702 4006 46
726 3960 738 3995 ς
761 3968 784 3987 ‹-
813 3939 1018 4004 Vigebnt
1055 3937 1249 3986 auditor
1287 3936 1489 3984 Panaetii
1522 3935 1654 3985 illius

634 4027 708 4076 tui
726 4019 1076 4077 Mnesarchus·-
1096 4032 1114 4080 3
1131 4015 1253 4082 quid
1275 4027 1394 4077 tum,
1407 4032 1557 4080 quum
1577 4015 1654 4064 his

1714 1746 1957 1783 auctorem
1972 1737 2158 1797 justum
2176 1736 2397 1785 ordinem
2419 1753 2610 1785 servare
2622 1771 2638 1796 ,
2657 1737 2735 1785 vel

1715 1829 1778 1860 ex
1803 1829 1863 1861 eo
1892 1815 2131 1875 conjicere
2154 1816 2269 1864 licet
2294 1849 2309 1875 ‚
2352 1815 2512 1879 quod,
2531 1815 2734 1863 alterum

1716 1906 1910 1954 quoque
1959 1893 2158 1939 Panotii
2202 1894 2494 1957 discipulum
2532 1892 2736 1942 Posido·

1719 1969 1851 2016 nium
1879 1968 2032 2017 addit.
2069 1971 2192 2019 Indo
2235 1973 2318 2018 vix
2341 2005 2358 2031 ,
2406 1983 2552 2035 atque
2595 1972 2737 2021 inviti

1718 2032 2078 2112 paene⁸msnum
2101 2049 2435 2110 cohibuimus,
2457 2068 2558 2116 quo
2577 2053 2739 2101 minus

1721 2127 1960 2175 turbatam
1986 2129 2156 2177 seriem
2186 2132 2474 2182 restitueret.
2498 2132 2560 2181 G.

1799 2222 1879 2271 ¹9·
1930 2208 2063 2273 Quid
2099 2208 2457 2276 Theophrastus
2477 2216 2505 2258 ι’
2531 2212 2739 2259 Goerens

1723 2285 1806 2335 dst
1854 2286 1979 2350 quid
1997 2293 2024 2334 θ
2074 2284 2447 2353 Theophrastus.
2494 2289 2588 2336 Hic
2636 2300 2742 2337 ent

1724 2366 1953 2415 Lesbius:
1975 2365 2183 2429 primum
2202 2367 2477 2424 Platonem,
2496 2381 2611 2413 mox
2627 2366 2740 2414 Asi-

1726 2444 1945 2492 stotelem
1982 2441 2171 2490 audivit
2191 2476 2208 2502 ,
2259 2459 2287 2490 s
2324 2460 2427 2507 quo
2469 2459 2741 2507 cognomen

1726 2523 1914 2585 accepit
1938 2518 2264 2583 Theophrasti
2292 2521 2359 2569 ob
2402 2522 2502 2570 fere
2528 2523 2742 2570 divinam

1728 2600 2050 2663 eloquentiam
2070 2634 2085 2657 ‚
2125 2615 2274 2662 quum
2321 2610 2462 2649 antea
2502 2603 2742 2649 Tirtsmus

1729 2689 1996 2727 vocaretur.
2038 2680 2198 2727 Notus
2220 2689 2292 2727 est
2318 2694 2464 2744 opere
2503 2680 2743 2745 inscripto

1733 2756 2190 2805 &rucatenlwults
2216 2757 2306 2806 slis
2325 2758 2469 2820 hujus
2489 2760 2549 2808 de
2575 2758 2745 2824 physi-

1732 2836 1802 2883 cis
1827 2846 1874 2883 et
1897 2835 2157 2884 muralibus
2178 2837 2444 2901 perierunt.

1805 2931 1886 2963 ao.
1913 2915 2089 2963 Iisdem
2133 2916 2195 2964 de
2238 2918 2376 2964 rebus
2415 2918 2522 2965 alia
2559 2915 2746 2965 racione

1734 2993 2015 3058 compositis.
2039 2997 2178 3042 lianc
2204 3012 2232 3043 s
2260 2996 2393 3043 Paris
2420 3012 2447 3043 a
2469 3029 2484 3056 ,
2522 2995 2652 3045 Gud.
2682 3010 2710 3042 2
2729 3028 2746 3053 ,

1727 3085 1786 3131 ‚et
1809 3073 1933 3137 Spir.
1969 3072 2176 3133 absunt3
2222 3073 2387 3122 eadem
2410 3075 2575 3124 navis.
2609 3075 2748 3124 Cice-

1734 3153 1868 3201 ronis
1884 3152 2120 3216 elegantia
2141 3153 2338 3217 indigna
2358 3154 2608 3215 judicans,
2634 3169 2749 3203 con·

1735 3233 1868 3280 cellis
1907 3232 2140 3281 coercuit.
2182 3232 2333 3295 Quod
2379 3234 2605 3296 equidem
2638 3249 2750 3281 cum

1734 3311 1927 3361 Bremio
1955 3328 2056 3360 non
2093 3327 2337 3375 assequor.
2378 3313 2504 3361 Nam
2541 3314 2751 3377 primum

1737 3393 1892 3455 legere
1945 3388 2160 3453 aliquem
2208 3389 2271 3437 de
2321 3391 2488 3454 aliqua
2523 3408 2578 3439 re
2621 3403 2752 3441 recte

1739 3470 1916 3518 dicitur
1968 3467 2134 3531 (unde
2160 3469 2300 3516 etism
2346 3468 2467 3516 nihil
2513 3480 2585 3518 est
2605 3506 2620 3532 ,
2664 3486 2754 3518 cur

1740 3564 1851 3595 cnm
1901 3547 2082 3596 Rathio
2133 3548 2195 3595 de
2231 3546 2429 3610 abjicias
2457 3550 2520 3612 );
2576 3547 2754 3597 deiude

1739 3642 2025 3693 componere
2059 3629 2307 3690 proprium
2347 3627 2546 3675 verbum
2586 3639 2660 3677 est
2693 3627 2755 3677 de

1741 3723 1825 3765 eo,
1854 3707 1942 3770 qui
1965 3722 2038 3752 res
2062 3718 2146 3752 sut
2165 3705 2387 3753 inventas
2401 3717 2517 3769 ‚put
2536 3706 2722 3755 oblatas
2739 3740 2756 3766 ‚

1741 3786 1941 3834 ordinat
1961 3817 1977 3841 ‚
2015 3795 2065 3831 et
2103 3784 2312 3833 orationi
2352 3784 2559 3836 includit
2597 3801 2612 3835 ι
2651 3787 2757 3850 ipss

1741 3863 1846 3911 hae
1905 3860 2116 3925 denique
2168 3854 2397 3912 cont'exts
2466 3866 2716 3927 requirunt
2739 3899 2756 3926 ,

1740 3958 1890 4006 quum
1919 3940 2072 4005 prims
2095 3940 2236 3989 verbs
2270 3942 2488 4008 proximi
2525 3944 2759 4006 segmenti

1742 4037 1801 4069 eo
1837 4018 2121 4067 referantur.
2143 4018 2205 4065 G.
