3217 4784
858 458 981 524 DE
1020 455 1194 523 FIN.
1248 454 1450 527 BoN.
1504 455 1617 521 ET
1666 454 1881 522 MAL.
1937 458 2001 538 1,
2040 477 2105 547 7.

2447 454 2534 552 57

429 598 829 673 cognomen
863 574 1254 661 invenerit,
1298 589 1426 645 aut
1464 588 1800 670 torquem
1846 573 2051 644 illum
2089 573 2275 645 hosti
2307 575 2538 646 detra-

431 691 646 776 xisse,
691 702 771 759 ut
804 687 1118 783 aliquam
1163 712 1250 757 ex
1309 711 1398 758 eo
1437 688 1840 784 perciperet
1882 711 2185 785 corpore
2213 699 2274 731 ¹⁰
2333 689 2538 760 volu·

429 817 748 899 ptatem3
799 815 924 871 aut
970 824 1137 871 cum
1182 802 1447 871 Latinis
1476 800 1688 871 tertio
1731 799 2110 895 consulatu
2144 800 2544 874 conflixisse

432 911 624 1008 apud
662 911 985 982 Veserim
1016 918 1073 953 ¹¹
1122 924 1422 1006 propter
1460 909 1928 1006 voluptatem.
1966 909 2186 999 Quod
2221 934 2392 982 vero
2437 937 2546 983 se·

440 1024 597 1092 curi
634 1020 865 1091 filium
912 1020 1338 1118 percusserit
1364 1030 1454 1106 ¹²,
1483 1020 1860 1116 privavisse
1892 1044 1969 1089 se
2004 1023 2220 1089 etiam
2264 1019 2551 1092 videtur

437 1130 685 1201 multis
744 1126 1270 1226 voluptatibus,
1335 1152 1563 1224 quum
1630 1128 1769 1225 ipsi
1833 1142 2106 1198 naturae
2171 1130 2550 1227 patrioque

436 1240 666 1309 amori
703 1237 1086 1336 praetulerit
1120 1238 1240 1332 jus
1278 1238 1661 1332 majestatis
1705 1251 1922 1334 atque
1962 1239 2259 1336 imperii.
2302 1240 2546 1329 Quid?
2586 1247 2650 1304 ²4

446 1352 522 1418 T.
561 1352 964 1445 Torquatus
1003 1345 1172 1435 is¹3,
1208 1348 1337 1444 qui
1384 1346 1639 1418 consul
1678 1371 1845 1418 cum
1889 1352 2014 1418 Cn.
2044 1350 2342 1421 Octavio
2373 1347 2508 1420 fuit
2531 1405 2551 1439 ‚

439 1588 499 1636 ba
517 1620 532 1645 ,
560 1587 736 1652 quibus
758 1588 884 1636 hauc
921 1587 1170 1636 historiam
1205 1586 1371 1636 retulit
1402 1587 1457 1635 in

441 1666 629 1724 literas,
667 1665 895 1730 leguntur
929 1665 1060 1730 apud
1087 1665 1298 1713 Gellium
1313 1698 1329 1723 ‚
1368 1664 1457 1713 lib.

440 1746 542 1802 tx,
569 1760 679 1808 cap.
721 1744 779 1791 13
799 1777 815 1800 ,
841 1744 1032 1806 putavit
1072 1744 1171 1790 hoc
1201 1743 1462 1807 contigisse

441 1838 569 1870 anuo
599 1821 663 1869 ab
705 1822 767 1869 U.
812 1822 913 1870 386
932 1856 947 1881 ‚
980 1823 1054 1869 M.
1083 1821 1232 1869 Furio
1255 1818 1462 1870 Camillo

442 1901 667 1966 quintum
696 1900 937 1949 dictatore
978 1915 994 1950 ε
1032 1911 1089 1948 ut
1114 1901 1247 1949 testis
1281 1910 1355 1948 est
1378 1900 1460 1948 Li-

445 1979 553 2026 vius
565 2013 579 2038 ,
597 1980 684 2027 lib.
703 1980 776 2026 VI
789 2013 804 2038 ,
831 1989 1063 2026 extremo.
1084 1980 1193 2042 lpse
1210 1988 1370 2026 autem
1390 1978 1464 2026 Li-

445 2057 554 2104 vius
569 2093 585 2118 ,
602 2057 784 2104 lilet
797 2091 814 2117 ‚
837 2056 1003 2105 decem
1022 2057 1154 2106 haud
1174 2058 1336 2106 miuus
1351 2067 1465 2122 post

446 2149 623 2181 anuos.
663 2133 799 2182 Idem
838 2145 997 2182 tamen
1023 2146 1183 2183 narrat
1208 2136 1260 2183 id
1285 2137 1463 2183 factum

453 2214 511 2261 C.
538 2209 751 2273 sulpitio
774 2220 823 2257 et
848 2212 910 2259 C.
949 2212 1137 2259 Licinio
1162 2213 1313 2261 Calvo
1339 2228 1465 2259 coss.

453 2289 693 2338 dictatore
717 2291 777 2336 T.
809 2289 1016 2350 Quintio
1045 2292 1212 2338 Penuo
1234 2305 1247 2338 :
1274 2289 1326 2336 id
1353 2299 1425 2337 est
1447 2323 1464 2349 ,

447 2385 534 2416 sex
583 2367 722 2414 suuis
772 2367 1033 2431 postes-ins.
1081 2368 1345 2420 Considera
1380 2384 1468 2432 per

450 2447 629 2496 otium.
654 2446 869 2495 Mune-r.

525 2542 608 2574 10.
651 2525 861 2589 Corpore
895 2525 1221 2588 voluptatem.
1260 2527 1468 2573 Goereuz

451 2605 753 2669 voluptatem
768 2619 985 2667 corpore.
999 2605 1220 2666 Quamor
1235 2639 1252 2665 ,
1274 2604 1434 2667 iuquit
1451 2640 1468 2666 ,

452 2683 625 2741 nostri,
643 2693 701 2729 ut
718 2680 980 2743 edidimus;
1006 2681 1156 2730 modo
1174 2681 1311 2745 quod
1330 2678 1467 2732 Gud.

460 2777 481 2808 1
503 2796 520 2822 ,
543 2759 757 2824 eorporis
773 2770 960 2822 peccat.
980 2761 1039 2808 Et
1057 2761 1306 2808 Davisium
1325 2761 1467 2808 etiam

456 2840 508 2885 in
535 2840 636 2886 suis
658 2839 722 2885 ita
748 2837 948 2900 legisse,
980 2838 1094 2886 inde
1120 2849 1253 2904 patet
1272 2872 1286 2897 ,
1333 2839 1470 2903 quod

461 2932 660 2982 corpore
686 2914 751 2963 ob
779 2931 948 2980 vagam
973 2917 1131 2965 sedem
1167 2917 1276 2979 ejici
1296 2918 1433 2979 jubet
1456 2930 1471 2965 z

456 2996 509 3043 iu
531 3010 630 3059 quo
653 3004 780 3043 recte
817 3010 846 3042 a
884 2995 1077 3042 Bremio
1115 2996 1350 3043 refutatus
1382 3007 1470 3045 est.

457 3074 555 3123 Sed
592 3075 882 3138 transpositu
920 3071 1068 3120 verba
1115 3083 1163 3120 et
1200 3074 1309 3121 soni
1351 3075 1474 3122 ratio

458 3151 634 3217 probat
650 3189 665 3214 ,
698 3162 747 3199 et
783 3167 898 3199 sane
937 3151 1002 3197 ita
1039 3166 1234 3214 quoque
1278 3151 1475 3200 auribus

459 3230 661 3278 molesta
678 3228 893 3291 ejusdem
906 3228 1042 3277 vocis
1057 3229 1109 3276 iu
1123 3228 1351 3279 clausulis
1363 3244 1477 3277 con·

462 3310 599 3361 tinuo
642 3324 694 3357 se
719 3308 1004 3373 excipientis
1030 3308 1254 3372 repetitio
1281 3308 1475 3358 vitatur.

461 3390 713 3438 Paruimus
747 3403 863 3452 ergo
897 3388 1102 3435 rectiora
1124 3386 1474 3451 praebentibus.

539 3482 620 3514 11.
684 3466 838 3530 Apud
906 3464 1135 3515 Veserim.
1196 3465 1479 3531 Complures

463 3543 640 3609 scripti
673 3542 923 3592 Vesuvium
940 3578 957 3604 ‚
986 3544 1037 3592 in
1055 3544 1225 3608 hisque
1243 3543 1349 3592 bini
1367 3547 1480 3594 mei.

464 3625 572 3673 Nec
599 3623 739 3671 aliter
772 3621 884 3671 edd.
928 3633 1045 3672 vett.
1081 3624 1333 3687 permultas
1368 3638 1384 3671 ε
1424 3634 1480 3673 ut

463 3702 580 3751 iude
623 3698 838 3749 Vesen'm
886 3699 1029 3767 (noli
1053 3702 1291 3750 Vesevum
1310 3699 1358 3765 ),
1394 3719 1482 3767 per

469 3780 818 3846 compendium
880 3782 1115 3844 scriptum
1172 3798 1274 3830 esse
1342 3781 1481 3830 facile

466 3858 751 3922 conjeceris.
771 3858 872 3907 Sed
904 3858 1099 3924 vulgata
1137 3875 1247 3907 vera
1286 3871 1375 3909 est.
1402 3860 1479 3911 cf.

468 3939 666 3995 omn,
704 3938 793 3998 31,
822 3951 914 3986 ιιι
954 3937 1145 3998 ‹Cujus
1167 3938 1479 4001 (Torquati)

472 4018 616 4065 tertio
636 4014 890 4064 consulatu
907 4016 1061 4064 Latini
1074 4016 1137 4065 ad
1157 4018 1371 4065 Veserim
1389 4018 1481 4065 fusi

477 4107 526 4145 et
546 4097 754 4159 fugatim.
777 4096 873 4146 cu.
898 4096 1006 4144 Vnt.
1032 4098 1165 4144 Max.
1179 4100 1245 4144 vt
1258 4131 1275 4157 ,
1297 4106 1344 4154 4.
1369 4099 1482 4145 Erat

474 4185 635 4224 autem
658 4177 845 4225 Veseris
866 4175 1041 4225 fluvius
1063 4178 1113 4224 in
1139 4178 1338 4225 Vesuvii
1368 4178 1481 4224 vici-

1540 1577 1691 1625 nitate
1715 1593 1729 1626 ε
1768 1577 1896 1624 inter
1920 1593 2062 1641 quem
2088 1588 2139 1625 et
2171 1589 2385 1627 montem
2424 1580 2554 1629 hunc

1540 1671 1756 1719 pugnam
1769 1658 1910 1703 istam
1923 1655 2154 1703 accidisse
2165 1689 2181 1713 ‚
2201 1656 2347 1705 tradit
2364 1658 2528 1706 Livius
2540 1694 2555 1717 ‚

1545 1737 1693 1791 vm,
1720 1735 1749 1781 8
1775 1747 1789 1782 ε
1809 1757 1834 1776 ι-
1850 1734 2117 1797 Pugnatum
2140 1744 2215 1781 est
2239 1734 2369 1793 baud
2384 1736 2556 1800 procul

1545 1811 1792 1861 radicibus
1811 1811 2014 1859 Vesuvii
2037 1814 2216 1861 montis
2230 1849 2247 1875 ,
2273 1829 2367 1877 qua
2387 1814 2465 1860 via
2492 1814 2556 1861 ad

1547 1892 1764 1940 Veserim
1784 1890 1967 1940 ferebat
1980 1913 2025 1940 n.
2048 1892 2095 1939 A
2120 1890 2376 1940 fluviorum
2396 1903 2556 1941 autem

1546 1970 1795 2019 vicinitate
1820 1970 2050 2035 appellari
2074 1971 2255 2035 ubique
2279 1987 2457 2037 puguae
2475 1988 2556 2019 ve-

1547 2048 1730 2099 teribus
1747 2048 1926 2098 soleut.
1949 2051 2015 2098 G.

1625 2142 1705 2175 υ.
1726 2127 1892 2175 Securi
1908 2127 2077 2194 filium
2107 2128 2410 2193 percusserit.
2436 2130 2555 2177 Goe-

1547 2222 1662 2255 reuz
1685 2204 1768 2254 dat
1786 2207 1945 2255 securi
1951 2206 2244 2271 percusserit
2242 2206 2424 2274 filium.
2438 2206 2558 2255 Vul-

1550 2295 1688 2349 gstus
1703 2285 1827 2333 ordo
1837 2319 1852 2344 ,
1873 2286 2032 2348 iuquit
2047 2318 2064 2344 ,
2076 2301 2226 2347 quum
2243 2288 2461 2349 uequeiu
2473 2301 2561 2333 no·

1550 2363 1662 2411 stt-Is
1680 2364 1891 2427 quinque
1903 2397 1917 2422 ,
1932 2380 2019 2411 uec
2043 2364 2097 2411 iu
2114 2365 2257 2412 Vien.
2275 2364 2558 2428 reperiatur,

1551 2442 1709 2490 sciolo
1725 2442 1867 2489 alicui
1888 2441 2049 2489 deberi
2074 2442 2266 2490 videtur
2291 2459 2305 2490 τ
2330 2443 2411 2490 ille
2431 2444 2558 2491 euim

1552 2519 1700 2569 codd.
1731 2530 2007 2568 nostrorum
2045 2519 2201 2569 multo
2236 2521 2560 2585 praeferendus

1552 2611 1641 2647 est.
1659 2602 1733 2647 Ita
1753 2614 1929 2664 nempe
1946 2598 2160 2666 v.filium
2179 2616 2289 2648 cum
2307 2601 2417 2648 viiu
2429 2601 2561 2649 clau-

1552 2678 1653 2726 sula
1671 2678 1829 2742 posita
1842 2688 1938 2737 est,
1955 2677 2103 2742 idque
2120 2678 2306 2727 ratione
2323 2679 2562 2727 contextis

1552 2758 1812 2822 aptissima.
1847 2759 1971 2806 Nam
1995 2758 2128 2821 quod
2129 2757 2298 2826 filium
2320 2758 2562 2823 supplicio

1553 2837 1795 2895 affecerit,
1829 2836 1880 2883 in
1898 2836 1995 2885 hoc
2020 2837 2271 2884 sententias
2288 2836 2439 2884 cardo
2459 2851 2563 2882 ver-

1554 2927 1701 2964 satur.
1719 2915 1856 2964 Nihil
1878 2916 2028 2978 igitur
2056 2915 2127 2961 sic
2155 2915 2396 2978 corrigere
2423 2912 2564 2960 dubi-

1557 2996 1781 3043 tavimus.
1802 3020 1872 3030 -—-
1883 2992 1975 3041 til.
1985 2991 2289 3058 percusserit.
2317 2992 2444 3053 Quia
2461 2991 2565 3039 sine

1552 3075 1692 3135 jussu
1708 3072 1857 3136 patris
1873 3071 2180 3135 imperatoris
2194 3081 2365 3118 contra
2377 3070 2565 3118 hostem

1557 3150 1787 3214 singulari
1829 3147 1999 3213 praelio
2025 3157 2322 3212 pugnaverat
2339 3185 2355 3209 ‚
2399 3149 2513 3199 licet
2538 3168 2566 3200 e

1560 3244 1720 3293 pugna
1766 3228 1925 3274 victor
1971 3226 2204 3277 rediisset.
2263 3227 2383 3276 Inde
2438 3227 2566 3277 ἀίω

1561 3316 1677 3355 suut
1699 3304 1961 3353 Manliana
1996 3304 2198 3370 impertis
2222 3305 2283 3355 de
2309 3308 2566 3356 severiori-

1560 3385 1653 3434 bus
1672 3384 1901 3448 imperiis.

1640 3464 1719 3512 13.
1765 3466 1818 3511 L.
1850 3464 2136 3528 Torquatus.
2174 3465 2303 3529 lego
2351 3466 2406 3514 T.
2452 3466 2569 3512 Tor·-

1562 3554 1745 3607 quatus
1794 3558 1854 3591 ex
1897 3541 2142 3607 lapidibus
2181 3542 2467 3607 Capitolinis
2484 3579 2499 3604 ,
2543 3561 2570 3592 e

1564 3621 1760 3672 Valerio
1780 3657 1798 3683 ,
1823 3621 1910 3670 lib.
1936 3623 2010 3680 V,
2032 3637 2140 3685 cap.
2165 3623 2229 3679 83
2256 3639 2284 3670 e
2307 3622 2435 3670 libro
2460 3626 2569 3671 LIV

1565 3701 1683 3766 epit.
1707 3701 1850 3751 Livii.
1869 3700 2018 3749 Mun.
2033 3700 2230 3748 -Vide
2247 3710 2296 3748 et
2313 3701 2422 3749 Val.
2435 3704 2569 3751 Max.

1564 3781 1653 3831 lib.
1668 3783 1742 3829 vt
1760 3814 1776 3840 ,
1805 3797 1912 3845 cap.
1933 3781 1986 3830 3.
2002 3805 2066 3818 —
2089 3781 2288 3830 Davisio
2305 3781 2573 3846 monitore,

1566 3859 1629 3908 ab
1647 3861 1763 3908 Em.
1791 3860 1843 3906 T.
1871 3860 2142 3923 Torquatus
2168 3873 2437 3909 correctum
2471 3873 2571 3919 est,

1566 3955 1715 4003 quum
1734 3939 1904 4003 scripti
1922 3939 2133 4003 editique
2145 3950 2255 3988 ante
2275 3957 2382 3987 eum
2408 3956 2574 3987 omues

1567 4018 1700 4083 (uuo
1718 4017 1888 4066 Paullo
1914 4019 2103 4067 Manat.
2122 4017 2207 4082 qui
2229 4020 2372 4066 tacite
2399 4019 2575 4065 rectius

1569 4106 1800 4161 sequutus
1844 4109 1917 4145 est
1938 4132 1955 4160 ,
2000 4097 2278 4163 excepto),
2329 4112 2477 4162 prave
2516 4098 2573 4144 L.

1570 4176 1915 4225 exhibeant-G.
