3217 4784
1094 374 1847 443 INTRODUCTIO.
2444 376 2526 447 13

401 521 546 562 rum
581 493 875 585 quaedam
911 516 1097 583 paeue
1126 516 1413 583 congrua
1442 494 1638 557 series
1669 509 1863 580 atque
1900 495 2331 560 consentiens.
2365 497 2530 561 Nam

399 605 613 692 primo
631 623 963 667 summum
988 600 1238 664 bonum
1261 623 1465 688 quum
1494 622 1573 664 ex
1589 616 1818 663 natura
1845 600 2166 683 universa,
2187 617 2327 666 tum
2357 626 2434 667 ex
2459 627 2532 668 ea

398 709 681 773 hominis
737 705 1120 787 deducitur3
1171 703 1407 768 deinde
1462 705 1600 785 ejus
1656 704 1838 769 notio
1886 705 2079 769 latius
2144 708 2534 794 explicatum

398 837 597 902 porro
630 833 814 877 secus
849 809 930 874 de
961 832 1041 874 eo
1072 808 1501 891 judicantium
1534 809 1869 874 sententiae
1901 811 2377 895 examinantur-3
2414 813 2531 878 ‹le-

400 919 598 1007 nique
627 917 803 981 idem
839 917 1053 1006 ipsum
1083 914 1167 979 ad
1202 937 1466 979 omnem
1497 915 1806 980 virtutem
1837 916 2167 1004 vitamque
2193 917 2396 1005 ipsam
2429 941 2535 982 ac-

399 1021 872 1088 commodatur.
919 1023 1072 1085 Haec
1117 1019 1487 1109 disputandi
1537 1020 1639 1082 via
1683 1020 1892 1083 tribus
1940 1021 2041 1084 his
2087 1021 2352 1109 quidem
2395 1045 2533 1088 ser-

402 1128 707 1193 monibus
742 1128 874 1190 fere
905 1125 1270 1190 communis
1298 1141 1395 1189 est
1421 1148 1438 1188 :
1472 1124 1586 1189 sed
1611 1125 1728 1189 ista
1752 1126 1890 1213 ipsa
1922 1126 2088 1190 ratio
2119 1148 2256 1190 non
2289 1144 2421 1192 tam
2449 1128 2532 1193 ad

400 1250 728 1298 auctorem
758 1230 1125 1312 referenda,
1158 1253 1352 1319 quam
1380 1230 1463 1295 ad
1490 1229 1856 1319 disciplinas
1885 1231 2051 1318 ipsas
2069 1279 2087 1311 ,
2115 1254 2265 1296 cum
2293 1234 2532 1321 quibus

400 1362 539 1403 eam
576 1354 801 1402 natura
837 1337 1077 1426 pariter
1102 1337 1233 1418 rei,
1269 1350 1467 1423 atque
1499 1358 1656 1399 usus
1690 1336 2237 1403 communicarat:
2268 1339 2387 1402 alia
2416 1339 2533 1428 igi-

401 1459 509 1509 tur
536 1443 828 1507 hocloco
859 1438 1186 1506 afferenda
1208 1456 1337 1520 est,
1370 1462 1575 1527 eaque
1602 1439 1670 1501 in
1699 1440 1979 1503 auctoris
2004 1440 2270 1505 arbitrio
2299 1445 2530 1531 posita.

400 1550 613 1636 Atque
658 1547 795 1611 haee
831 1546 1131 1635 quidem,
1165 1567 1369 1632 quum
1407 1545 1472 1607 in
1512 1545 1979 1608 sententiarum
2011 1545 2296 1633 spsarum
2333 1571 2534 1637 expo-

400 1654 632 1717 sitione
664 1652 829 1716 ordo
866 1650 1318 1740 disputationis
1355 1647 1552 1713 semel
1587 1664 1886 1736 receptus
1922 1650 2292 1736 sequendus
2333 1671 2532 1733 esset,

318 1829 327 1836 ,
400 1761 464 1824 in
498 1760 730 1824 barum
759 1757 1169 1848 potissimum
1191 1754 1589 1835 judicatione
1625 1754 1966 1842 quaerenda
1999 1755 2159 1839 erit3
2194 1757 2433 1845 quippe
2464 1760 2530 1822 in

400 1891 530 1956 qua
574 1866 839 1931 liberius
882 1864 1119 1928 versari
1153 1864 1372 1928 liceret
1412 1886 1427 1927 ε
1475 1860 1674 1951 idque
1707 1863 1922 1950 ipsum
1962 1877 2061 1928 est
2082 1912 2100 1939 ‚
2135 1862 2314 1951 quod
2348 1867 2536 1930 volu-

402 1996 568 2037 mus.
601 1975 680 2037 In
717 1972 837 2035 hac
873 1986 1089 2034 autem
1136 1969 1385 2034 Tullius
1426 1969 1513 2033 ita
1550 1984 1874 2051 versatur,
1921 1985 2034 2051 ut,
2075 1992 2218 2058 quae
2263 1971 2332 2033 in
2368 1995 2532 2036 una-

403 2101 660 2165 quaque
700 2078 1033 2143 sententia>
1061 2074 1669 2165 reprehendendum
1716 2090 1902 2163 putat
1922 2123 1950 2157 7
1987 2099 2059 2140 ea
2096 2078 2278 2164 prius
2313 2079 2533 2165 paucis

401 2182 908 2271 comprehendat
931 2232 949 2264 ,
998 2198 1193 2270 atque
1247 2198 1390 2245 tum
1448 2182 1816 2269 singulatim
1877 2205 2153 2271 quaeque
2202 2201 2531 2273 resumpta

401 2312 536 2352 non
567 2311 647 2352 ex
672 2286 1128 2369 communibus
1159 2285 1545 2373 quibusdam
1571 2285 1800 2365 judicii
1825 2287 2088 2376 regendi
2114 2289 2396 2378 legibus,
2421 2290 2535 2355 sed

401 2395 662 2459 alterius
695 2392 1043 2481 disciplinoe
1069 2391 1384 2455 sententia
1411 2390 1591 2455 alteri
1619 2391 1914 2479 opposita
1936 2441 1955 2475 ,
1981 2410 2328 2482 utramque
2358 2417 2536 2460 com·

401 2499 688 2588 parando
720 2500 956 2589 magis,
991 2521 1134 2586 quoe
1171 2497 1254 2562 sit
1286 2496 1718 2585 probabilior,
1751 2514 2024 2584 quaerat,
2054 2500 2246 2586 quani
2280 2523 2425 2587 quoe
2456 2525 2534 2565 ex

401 2605 504 2669 his
559 2627 706 2668 vera
752 2606 835 2670 sit
854 2653 872 2685 ‚
927 2602 1253 2685 dijudicet.
1320 2604 1414 2667 Ita
1465 2600 1718 2666 disertis
1775 2602 1986 2666 verbis
2041 2602 2147 2667 ille
2203 2604 2534 2692 Epicureae

401 2712 680 2775 Stoicam
736 2734 813 2775 ex
868 2708 1138 2773 adverso
1175 2708 1363 2798 pouit
1412 2707 1551 2796 (11,
1594 2713 1710 2787 14,
1761 2707 1910 2796 44),
1944 2732 2013 2773 re
2051 2711 2282 2799 magis,
2338 2734 2532 2799 quam

401 2816 612 2880 verbis
634 2865 652 2897 ,
708 2815 936 2879 Stoicae
997 2814 1384 2879 Academico
1404 2814 1938 2902 -Peripateticam
1956 2862 1975 2896 ,
2036 2838 2115 2879 ex
2169 2816 2533 2880 Polemonis

403 2921 650 2984 ratione
710 2919 1104 3006 propositam
1127 2967 1145 3000 ‚
1188 2920 1451 3000 objicit:
1497 2918 1933 3007 (quamquam
1983 2920 2134 2983 satis
2187 2919 2352 2983 clare
2398 2920 2536 2983 haec

404 3048 668 3114 quoque
686 3024 880 3087 verba
896 3024 1288 3109 loquuntur,
1309 3025 1640 3088 «universa
1663 3024 1922 3088 illorum
1949 3021 2533 3111 (Academicorum)

404 3131 654 3194 ratione
690 3150 841 3191 cum
879 3143 1015 3191 tota
1046 3144 1252 3192 vestra
1283 3127 1767 3216 confligendum
1800 3142 2002 3215 puto»
2025 3126 2147 3214 (cf.
2179 3126 2288 3207 lv,
2326 3151 2398 3211 2,
2428 3129 2530 3219 3).

405 3233 840 3321 Peripateticae
871 3230 1151 3319 denique
1172 3280 1190 3312 ,
1222 3232 1306 3296 ad
1341 3232 1648 3297 Antiochi
1682 3247 1968 3295 mentem
2000 3230 2324 3319 explicatae
2357 3244 2535 3323 (quae

405 3344 471 3406 in
504 3342 723 3431 paucis
758 3340 953 3405 modo
987 3339 1402 3427 differebat),
1436 3362 1555 3427 per
1584 3361 1658 3403 ea
1687 3338 1914 3403 Stoicae
1945 3340 2262 3424 occurrit,
2293 3364 2438 3429 quae
2468 3346 2532 3407 in

404 3447 527 3512 hac
558 3447 990 3535 probabiliora
1015 3444 1363 3526 judicabat.
1400 3446 1531 3509 lsta
1557 3442 1821 3532 quidem
1854 3444 2101 3508 ratione
2129 3462 2356 3509 auctor
2376 3470 2535 3513 nus-

406 3575 602 3640 quam
628 3600 646 3632 ,
699 3574 896 3639 quam
954 3551 1420 3614 sententiarum
1481 3548 1675 3613 unice
1719 3571 1931 3612 veram
1983 3564 2256 3632 statuat,
2303 3569 2491 3640 urget
2518 3578 2535 3634 3

408 3656 521 3721 sed
545 3673 757 3721 utram
784 3679 861 3720 ex
884 3655 1135 3720 duabus
1164 3655 1333 3718 inter
1365 3677 1433 3718 se
1456 3653 1702 3718 collatis
1734 3652 2232 3741 probabiliorem
2257 3653 2503 3740 judicet
2519 3708 2536 3739 ‚

405 3762 674 3850 singulis
704 3762 803 3826 his
830 3761 1239 3826 sermonibus
1267 3761 1359 3824 sic
1385 3758 1704 3841 ostendit,
1734 3776 1811 3822 ut
1837 3774 1970 3823 tota
1993 3759 2193 3847 ipsius
2221 3765 2537 3829 sententia

408 3890 487 3931 ex
519 3883 661 3931 toto
697 3890 894 3955 opere
926 3865 1324 3948 conjicienda
1354 3867 1553 3956 magis
1582 3881 1780 3953 atque
1810 3863 2168 3954 colligenda
2202 3866 2313 3948 sit,
2339 3891 2536 3956 quam

409 3990 487 4038 ut
520 3975 720 4062 ipsam
749 3974 931 4037 claris
965 3972 1410 4059 distinctisque
1440 3973 1654 4036 verbis
1681 3970 1991 4060 expediat.
2023 3973 2237 4058 Atque
2267 3974 2354 4037 ita
2388 3997 2541 4038 sane

414 4079 785 4143 Ciceronem
838 4102 914 4143 ex
954 4102 1082 4143 suae
1126 4077 1547 4169 philosophiae
1586 4076 1837 4140 ratione
1873 4092 2046 4140 recte
2092 4092 2156 4140 et
2205 4077 2343 4142 sine
2370 4079 2542 4157 justa
