3217 4784
794 398 916 466 DE
960 397 1132 465 Fut.
1182 394 1386 463 BoN.
1439 394 1554 463 ET
1605 397 1823 464 MAL.
1878 400 1984 482 11,
2037 395 2140 468 18.

2391 397 2528 469 225

408 524 523 591 Sic
557 535 788 591 vester
814 520 1098 616 sapiens
1129 541 1391 614 magno
1420 516 1665 613 aliquo
1698 517 2190 616 emolumento
2219 543 2531 592 commo·

408 646 554 718 tus,
594 632 814 701 animi
849 621 1168 715 causa¹3‚
1205 629 1262 697 si
1308 650 1494 723 opus
1532 625 1785 714 fuerit,
1837 627 2232 700 dimicabit.
2280 632 2532 701 Occul·
2570 652 2634 723 57

407 758 564 812 tum
612 741 891 813 facinus
947 762 1101 809 esse
1146 737 1523 834 potuerit·

1578 736 1940 833 gaudebit.
1971 739 2534 867 Deprehensus,

403 876 694 923 omnem
744 873 1037 948 poenam
1071 861 1510 917 contemnet.
1558 848 1710 917 Erit
1764 849 1955 917 enim
1979 828 2395 929 instructus
2445 852 2534 921 ad

402 976 712 1031 mortem
742 954 1387 1043 contemnendam,
1426 954 1515 1025 ad
1539 955 1902 1043 exsilium,
1930 956 2070 1027 ad
2054 982 2291 1055 ipsum
2321 961 2531 1031 etiam

403 1072 733 1141 dolorem
767 1096 782 1137 :
822 1090 1040 1165 quem
1074 1064 1369 1162 quidem
1402 1091 1565 1152 vos,
1599 1091 1830 1163 quum
1862 1068 2210 1164 improbis
2242 1097 2534 1169 poenam

402 1178 838 1278 proponiti5‚
905 1176 1455 1273 impatibilem¹9
1519 1176 1786 1263 facitis;
1851 1203 2082 1274 quum
2131 1182 2530 1278 sapientem

402 1314 689 1387 semper
718 1288 893 1359 boni
937 1288 1098 1386 plus
1114 1297 1181 1331 ²⁰
1217 1287 1487 1360 habere
1533 1288 1788 1375 vultis,
1832 1287 2307 1360 tolerabilem.

500 1403 751 1470 XVIII.
806 1396 945 1470 Sed
1000 1396 1191 1495 finge
1249 1424 1399 1470 non
1461 1398 1695 1470 solum
1756 1395 2092 1468 callidum
2147 1423 2351 1487 eum,
2403 1406 2531 1499 qui

403 1508 673 1607 aliquid
740 1507 1070 1607 improbe
1145 1507 1448 1591 faciat¹,

402 1695 457 1731 ut
480 1683 658 1731 rectius
689 1682 936 1747 praedicat.
976 1683 1082 1729 Nos
1122 1678 1319 1743 quidem
1351 1678 1421 1723 sic

400 1764 590 1810 auctori
613 1763 840 1824 injuriam
857 1759 964 1807 fieri
986 1760 1104 1806 certi
1124 1772 1306 1804 sumus.
1334 1757 1400 1803 G.

479 1844 555 1889 18.
595 1840 768 1888 Anirni
802 1854 977 1885 causa.
1018 1837 1116 1884 Sic.
1145 1836 1280 1885 Gud.
1318 1849 1339 1883 1
1376 1846 1426 1883 et

400 1922 507 1967 Bas.
550 1919 729 1982 reliqui
771 1917 942 1980 scripti
972 1915 1070 1962 sere
1106 1930 1275 1963 omnes
1316 1930 1426 1960 cum

401 2012 578 2052 causa,
613 1996 743 2044 Gud.
775 2012 802 2042 α
824 2029 839 2053 ,
877 2010 986 2041 cum
1029 2005 1146 2042 eam.
1183 1994 1425 2042 Nolumus

402 2084 606 2120 conatus
639 2075 874 2121 Virorum
913 2075 1185 2121 Doctorum
1227 2090 1424 2121 enume-

403 2166 531 2210 rare,
552 2152 638 2214 qui
658 2162 836 2213 praeter
852 2167 1003 2199 unum
1019 2152 1237 2200 Matthias
1257 2168 1424 2200 omnes

400 2230 567 2276 locum
610 2230 839 2276 vitiosum
877 2229 1115 2290 judicant.
1157 2232 1253 2277 Hic
1295 2231 1423 2277 enim

402 2318 532 2355 recte
554 2307 694 2365 vidit,
722 2308 882 2355 animi
903 2325 1052 2355 causa
1074 2325 1167 2373 pro
1192 2308 1421 2369 volupta-

402 2390 463 2435 tis
498 2404 654 2435 causa
692 2386 791 2435 diei
814 2402 827 2436 τ
854 2390 1179 2453 miramurque
1204 2403 1307 2435 non
1329 2387 1421 2435 du-

401 2467 517 2515 dum
531 2468 659 2514 idem
676 2468 791 2515 intt.
801 2469 1101 2531 perspexisse
1114 2501 1128 2526 ‚
1154 2484 1305 2531 quum
1319 2467 1423 2515 haec

400 2546 595 2594 dicendi
620 2549 745 2593 ratio
768 2546 901 2594 band
916 2563 1030 2595 sane
1050 2564 1159 2595 raro
1179 2559 1417 2595 occurrat.

399 2627 473 2676 Cf.
501 2627 669 2675 Pison.
701 2628 799 2683 26,
835 2627 903 2674 65
932 2641 944 2673 :
973 2647 1000 2669 α
1023 2627 1305 2675 convivium
1332 2643 1420 2690 pu·

399 2704 580 2751 blicam
605 2721 705 2752 non
730 2705 977 2767 dignitatis
998 2721 1141 2754 cansa
1169 2706 1316 2753 inibit

398 2783 483 2831 sed
508 2783 652 2847 plane
667 2783 815 2829 animi
828 2785 903 2831 sui
918 2800 1058 2831 causa
1074 2807 1116 2832 υ.
1135 2785 1280 2831 Divv.
1306 2787 1419 2834 vll,

400 2879 478 2925 ep.
503 2879 531 2909 α
558 2877 571 2910 :
597 2884 622 2904 α
646 2862 741 2909 Hic
755 2861 977 2909 simiolus
995 2862 1143 2909 animi
1162 2879 1302 2911 causa
1321 2880 1417 2921 me,

402 2942 453 2987 in
493 2956 636 3002 quem
675 2937 985 2987 inveheretur
1010 2974 1024 2997 ‚
1072 2939 1214 3003 elegit
1241 2962 1282 2989 ι.
1326 2941 1418 2990 Cll.

399 3020 545 3066 Rosc.
591 3019 811 3065 Amerin.
870 3018 964 3075 46,
1020 3019 1151 3075 1363
1206 3018 1417 3083 Philipp.

398 3101 518 3156 vn,
545 3099 606 3156 6,
654 3099 741 3153 183
789 3099 959 3144 Senec.
1001 3095 1062 3142 de
1105 3097 1286 3144 Beneff.
1325 3098 1416 3147 lib.

400 3179 500 3238 lv,
550 3193 604 3236 17
634 3211 647 3235 ,
702 3185 730 3232 4
756 3211 771 3233 ,
815 3186 908 3223 etc.
964 3174 1131 3222 Lectio
1179 3191 1287 3221 eum
1334 3193 1419 3223 au-

400 3267 497 3303 tem
542 3273 604 3303 ex
644 3255 938 3318 compendio
972 3244 1079 3301 ἷηιι
1123 3254 1193 3316 (p.
1230 3254 1416 3317 animi).

401 3347 509 3383 nata
535 3334 756 3394 videtur,
777 3335 982 3381 brachiis
996 3335 1146 3381 literae
1168 3351 1203 3381 a
1218 3334 1419 3381 nimium

400 3415 626 3461 diductis.
655 3415 832 3460 Sensus
859 3424 1019 3459 antem
1059 3411 1139 3459 hic
1165 3422 1238 3459 est
1264 3428 1276 3460 :
1305 3434 1331 3453 α
1353 3414 1421 3459 Ut

398 3493 562 3556 Scipio
586 3492 949 3540 dimicationem
976 3503 1072 3538 tam
1099 3490 1418 3555 periculosam

398 3572 664 3621 honestatis
677 3606 690 3628 ‚
711 3587 813 3619 non
830 3570 1095 3634 voluptatis
1113 3605 1126 3627 ‚
1143 3588 1285 3618 causa
1305 3571 1419 3619 sub·

400 3654 454 3701 iit
474 3666 486 3700 :
516 3654 587 3700 sic
611 3652 854 3716 Epicurus
875 3650 1023 3697 animi
1050 3650 1418 3716 (oblectandi),

399 3746 498 3777 non
536 3731 753 3785 decoris,
808 3744 946 3776 causa
992 3729 1302 3776 dimicabit».
1341 3729 1421 3775 Ad

396 3821 520 3872 part.
564 3810 655 3865 sle,
711 3825 771 3855 ex
826 3808 1057 3871 opposito
1100 3809 1384 3870 jungentem
1402 3841 1416 3864 ‚

398 3889 761 3948 recordaberis,
790 3904 883 3935 nos
918 3888 1135 3935 eamdem
1181 3889 1287 3947 ejus
1323 3887 1421 3933 vim

399 3983 543 4030 supra
570 3969 591 4014 1
616 4005 631 4030 ‚
673 3982 691 4015 ι
718 4002 732 4021 ,
777 3968 836 4023 3,
871 3979 924 4013 uc
950 3967 1252 4030 praecedente
1274 4000 1288 4020 ,
1325 3979 1421 4010 no-

400 4056 537 4091 tasse.
555 4046 687 4092 G.-
702 4046 961 4093 Lambinus
982 4047 1151 4093 maluit
1163 4060 1268 4090 cum
1280 4060 1419 4100 casu,

401 4124 624 4170 Davisius
651 4142 742 4170 sua
770 4142 919 4172 cansa
936 4162 950 4187 ,
979 4126 1063 4173 scd
1092 4141 1259 4173 omnes
1280 4122 1420 4172 codi-

592 4211 682 4279 ῙῙ.
730 4228 823 4275 Cic.
844 4244 960 4293 pars
985 4229 1133 4277 ece-eia.

1526 1530 1776 1576 verum
1855 1506 2066 1575 etiarn
2128 1525 2531 1605 praepoten—

1515 1693 1594 1724 ces
1616 1676 1815 1740 scripti,
1834 1693 1942 1724 eum
1968 1693 2150 1741 causa,
2170 1689 2218 1726 et
2233 1691 2363 1727 recte
2390 1694 2402 1726 ε
2427 1697 2537 1729 nam

1515 1771 1626 1802 cum
1660 1772 1812 1803 causa
1855 1756 2117 1814 dimicate,
2145 1757 2273 1805 idem
2303 1770 2376 1807 est
2399 1761 2532 1822 quod

1514 1834 1751 1882 rationem
1769 1834 1947 1883 babere
1967 1836 2244 1886 dimicandi.
2266 1838 2345 1884 Sic
2361 1838 2531 1887 Cicero

1514 1912 1575 1960 de
1599 1915 1742 1963 Orat.
1757 1916 1831 1973 11,
1859 1916 1908 1962 6.
1926 1938 1950 1955 οι
1969 1916 2116 1978 Quod
2138 1932 2228 1964 nos
2253 1932 2363 1963 cum
2389 1932 2529 1965 causa

1512 1993 1717 2041 dicimus
1751 2012 1772 2041 .·
1805 2006 1862 2043 ut
1893 1993 2205 2060 proficiamus
2221 1995 2436 2059 aliquid,
2458 1997 2530 2044 illi

1514 2085 1671 2122 totum
1690 2074 1818 2121 diem
1836 2085 1885 2121 et
1910 2076 2014 2121 sine
2040 2091 2180 2122 causa
2194 2096 2235 2121 ιο.
2252 2076 2527 2123 Panaenus.

1511 2154 1668 2202 -Μ,
1698 2156 1755 2201 F.
1783 2154 1992 2202 Crenzer
2017 2155 2069 2201 in
2103 2154 2180 2203 ed.
2209 2153 2322 2201 libri
2349 2152 2531 2202 Plotini

1511 2230 1574 2276 de
1589 2230 1982 2288 Pulchr-ieudine‚
1999 2248 2106 2297 pag.
2121 2235 2207 2295 84,
2226 2234 2356 2293 conj.
2386 2253 2408 2275 ι
2426 2249 2532 2283 ma·

1512 2323 1609 2371 gno
1641 2309 1808 2372 aliquo
1851 2311 2180 2360 emolumento
2226 2323 2528 2373 commotus,

1514 2387 1712 2434 immani
1748 2403 1857 2434 cum
1919 2404 2059 2435 causa
2082 2426 2098 2448 ,
2139 2391 2181 2437 si
2202 2406 2327 2454 opus
2352 2391 2496 2438 suerit
2516 2427 2530 2446 ,

1513 2465 1818 2515 dimicabit».
1845 2470 1903 2513 In
1923 2483 2023 2529 quo
2043 2472 2090 2517 J.
2115 2469 2177 2516 V.
2198 2473 2250 2517 L.
2276 2483 2531 2531 germanos

1511 2544 1705 2592 criticos
1740 2544 1960 2593 obsecrat
2004 2563 2066 2594 ne
2106 2547 2230 2595 adeo
2267 2548 2528 2597 ridiculum

1510 2624 1795 2671 Ciceronem
1820 2624 2017 2673 faciant.

1584 2718 1666 2765 19.
1702 2703 2034 2768 Inzpadbilem.
2075 2705 2213 2753 Nihil
2249 2717 2488 2755 mutamus
2513 2741 2528 2765 ‚

1508 2799 1799 2846 quamquam
1842 2795 1938 2832 tres
1984 2788 2139 2833 nostri
2190 2785 2495 2849 impetibilem
2513 2820 2527 2843 ‚

1508 2863 1643 2925 quod
1668 2864 1891 2912 Gronov.
1916 2880 1978 2913 ex
2002 2881 2091 2912 suo
2113 2863 2317 2927 probat,
2351 2875 2403 2911 et
2426 2864 2528 2911 duo

1507 2944 1707 2989 Oxonn.
1735 2942 2091 3005 importabilem
2127 2942 2376 2989 exhibent.
2398 2942 2524 2987 Vul-

1508 3033 1671 3084 garum
1698 3022 1868 3085 probae
1892 3021 2194 3069 auctoritatis
2230 3029 2323 3075 est,
2362 3029 2414 3065 ut
2448 3020 2526 3063 vi-

1508 3099 1683 3147 derunt
1705 3099 1872 3146 Daris.
1902 3111 1954 3146 et
1973 3100 2130 3144 Brem.
2152 3108 2204 3143 et
2244 3104 2374 3143 amat
2411 3111 2526 3142 sane

1508 3190 1678 3229 auctor
1695 3176 1901 3224 verbalia
1919 3177 1969 3222 in
1992 3174 2100 3222 bilis
2116 3208 2131 3231 ‚
2154 3187 2364 3236 quorum
2385 3173 2523 3237 plura

1506 3256 1639 3319 apud
1664 3255 1824 3318 ipsum
1851 3254 1997 3300 semel
2023 3252 2172 3300 modo
2198 3252 2441 3315 leguntur,
2471 3264 2527 3300 ut

1507 3330 1929 3396 comprehensibile
1968 3332 2156 3381 Acadd.
2184 3335 2208 3380 1
2226 3368 2241 3392 ‚
2285 3347 2305 3378 1
2321 3347 2340 3378 ι
2365 3366 2379 3390 ,
2427 3341 2490 3389 4ῐ
2510 3367 2524 3388 ,

1507 3422 1599 3459 etc.
1625 3411 1984 3459 G.-—Ceterum
2015 3410 2142 3457 valet
2172 3408 2491 3457 intolerabilis
2510 3443 2525 3468 ‚

1507 3502 1555 3539 et
1599 3489 1871 3555 opponitur
1903 3493 1972 3556 τῷ
2017 3489 2311 3537 tolerabilem
2327 3523 2344 3549 ,
2388 3488 2522 3551 quod

1507 3572 1747 3633 seqnitur.

1581 3665 1662 3697 ιο.
1691 3648 1818 3697 Boni
1831 3650 1976 3712 plus,
2002 3662 2147 3710 quam
2175 3648 2308 3695 mali.

1580 3729 1767 3776 xvm.
1799 3744 1844 3775 1.
1868 3728 1966 3791 Qui
1987 3726 2186 3790 aliquid
2214 3726 2427 3788 improbe
2427 3726 2525 3791 fa·

1509 3806 1624 3855 ciat.
1671 3808 2015 3869 'rmnsponum
2046 3805 2179 3853 Gud.
2214 3816 2371 3868 uterq.
2415 3806 2523 3853 Bas.

1509 3887 1638 3935 Crat.
1673 3882 1884 3947 improbe
1920 3882 2118 3946 aliquid
2151 3900 2169 3930 :
2209 3882 2296 3930 sed
2337 3882 2533 3945 aliquid

1510 3962 1649 4009 valde
1681 3960 1740 4008 de
1775 3961 1928 4023 glossa
1973 3972 2250 4025 suspectum
2289 3972 2379 4009 est.
2413 3964 2528 4010 Non

1511 4040 1667 4102 agitur
1689 4040 1816 4086 enim
1844 4038 1903 4085 de
1923 4054 1981 4086 eo
1998 4074 2012 4096 ‚
2038 4040 2125 4103 qui
2156 4041 2251 4088 hoc
2282 4039 2403 4087 illud
2439 4040 2528 4084 im-

1512 4119 1667 4182 probe
1693 4118 1801 4167 sacit
1820 4153 1832 4177 ,
1852 4118 1936 4167 scd
1958 4121 2096 4180 cujus
2118 4122 2330 4167 animum
2356 4116 2532 4169 callida

2256 4202 2333 4271 15
