3217 4784
807 472 928 537 DE
976 470 1149 537 FIN.
1206 470 1406 536 BoN.
1461 473 1572 537 ET
1625 472 1842 556 MAL„
1890 471 1986 553 11,
2038 466 2140 536 16.

2398 492 2538 562 217

424 617 502 665 ea
544 594 759 690 igitur
791 589 1112 687 jucunde
1166 606 1377 686 negat
1421 615 1630 687 posse
1678 593 1812 669 vivi
1839 588 1923 659 ¹⁶.
1980 589 2171 682 Quid
2220 591 2539 684 turpiuS‚

421 727 632 795 quarn
690 703 1031 799 sapientis
1070 701 1282 769 vitam
1325 724 1411 770 ex
1456 702 1952 796 insipientium
1992 723 2321 769 sermone
2371 723 2540 794 pen-

418 810 636 882 dere?
675 811 870 902 Quid
905 835 1075 906 ergo
1112 809 1252 879 boo
1296 809 1455 880 loco
1484 810 1818 905 intelligit
1858 809 2294 881 honestum?
2330 812 2540 880 Certe

418 920 636 1006 nihil,
694 922 833 990 nisi
888 917 1088 1015 quod
1137 921 1362 1016 possit
1416 922 1651 1016 ipsum
1715 934 2010 1015 propter
2058 944 2132 989 se
2182 919 2344 1012 jure
2398 918 2541 987 lau-

417 1030 679 1101 dar117.
716 1034 901 1101 Nam
935 1032 992 1099 si
1031 1044 1327 1126 propter
1352 1031 1794 1126 voluptatem
1830 1055 1844 1097 :
1878 1053 2037 1123 quae
2067 1045 2172 1100 est
2204 1032 2334 1099 ista
2363 1028 2541 1113 lausi,

420 1165 580 1236 quae
624 1143 848 1237 possit
881 1163 921 1209 e
950 1138 1247 1209 macello
1280 1142 1472 1235 peti?
1508 1143 1668 1209 Non
1696 1140 1755 1208 is
1785 1142 1890 1207 vir
1925 1153 2068 1223 est,
2104 1132 2283 1222 ut¹⁸‚
2314 1162 2540 1234 quum

418 1246 869 1319 honestatem
909 1273 996 1319 eo
1035 1249 1198 1319 loco
1234 1249 1537 1335 habeat,
1571 1264 1653 1320 ut
1689 1252 1841 1320 sine
1870 1274 1952 1319 ea
1983 1247 2305 1340 jucunde
2333 1261 2544 1344 neget

421 1381 631 1451 posse
668 1359 851 1445 vivi,
897 1357 1073 1429 illud
1121 1359 1548 1446 honestum,
1587 1358 1789 1455 quod
1825 1357 2171 1455 populare
2214 1360 2335 1446 sit,
2382 1383 2543 1429 sen·

425 1468 584 1552 tint,
636 1484 707 1538 et
744 1469 898 1537 sine
946 1493 1034 1538 eo
1067 1469 1388 1563 jucunde
1426 1484 1642 1563 neget
1683 1471 1821 1538 vivi
1861 1492 2107 1563 posse3
2158 1482 2281 1537 aut
2333 1470 2543 1563 quid·

418 1601 634 1671 quam
669 1577 861 1648 aliud
900 1577 1288 1649 honesturn
1315 1578 1700 1672 intelligat,
1734 1579 1870 1645 nisi
1897 1574 2095 1671 quod
2125 1579 2214 1645 sit
2241 1589 2546 1661 rectum,

416 1683 804 1780 ipsumque
857 1709 987 1780 per
1029 1709 1140 1770 se,
1193 1709 1321 1755 sua
1371 1689 1480 1771 vi,

417 1789 796 1863 laudabile.

1531 1709 1659 1755 sua
1712 1698 1971 1781 sponte
1999 1695 2083 1768 ¹9,
2120 1708 2247 1755 sua
2293 1700 2548 1755 natura

514 1905 697 1971 XVI.
768 1907 1054 1999 Itaque,
1108 1907 1510 1998 Torquate,
1580 1927 1808 1998 quum
1875 1902 2182 1987 diceres,
2242 1901 2543 1972 clamare
2584 1926 2643 1977 51

418 2012 841 2105 Epicurum,
887 2035 1035 2080 non
1082 2036 1287 2107 posse
1330 2010 1651 2109 jucunde
1691 2014 1876 2097 vivi,
1920 2012 2054 2080 nisi
2094 2010 2428 2093 honeste,
2474 2024 2545 2079 ot

418 2118 798 2214 sapienter,
820 2134 889 2189 et
900 2121 1091 2213 juste
1108 2122 1488 2208 viveretur,
1522 2138 1600 2192 tu
1628 2126 1780 2218 ipse
1818 2120 1997 2190 mihi
2029 2121 2314 2216 gloriari
2348 2118 2540 2190 vide-

416 2226 610 2298 bare.
663 2233 887 2298 Tanta
935 2232 1039 2297 vis
1081 2232 1310 2300 inerat
1352 2235 1425 2299 in
1466 2231 1741 2317 verbis,
1792 2246 2093 2329 propter
2139 2256 2385 2302 earum
2429 2256 2543 2302 re-

493 2458 573 2506 16.
596 2461 764 2523 Negat
773 2475 916 2522 posse
931 2460 1046 2508 vivi.
1066 2464 1200 2509 Goer.
1223 2474 1374 2526 negat
1384 2482 1432 2527 ρ.

412 2537 574 2586 vivere
592 2538 787 2603 eet-ibit²
811 2550 1073 2603 notatque:
1091 2542 1205 2589 Ern.
1235 2558 1298 2589 ex
1317 2557 1435 2589 con·

408 2617 597 2677 jectum
623 2617 718 2665 Th.
746 2618 898 2666 Bentl.
937 2629 984 2665 et
1007 2620 1192 2667 Davisii
1216 2621 1318 2668 vivi
1335 2621 1436 2668 edi·

413 2696 486 2743 dit
511 2711 524 2745 ε
550 2706 677 2744 eerte
694 2713 842 2760 posse
866 2714 915 2745 so
938 2698 1129 2755 vivere,
1165 2699 1313 2746 scribi
1351 2701 1433 2747 de·

411 2774 526 2823 bere
581 2774 838 2824 offirmas.
893 2778 1069 2837 Quoad
1116 2779 1432 2839 posteriorem

324 2888 334 2895 -
413 2855 648 2904 rationem
671 2854 835 2916 negari
857 2856 1052 2916 nequit,
1073 2871 1230 2905 amare
1251 2871 1431 2905 aucto·

414 2950 511 2981 rem
528 2950 580 2981 u
596 2944 713 2997 post
728 2948 870 2997 posse
882 2933 1101 2981 additum
1118 2969 1135 2993 ‚
1155 2946 1209 2982 ut
1227 2938 1431 2984 omnino

411 3012 475 3059 ad
503 3013 610 3060 iuss.
636 3013 688 3059 in
714 3027 765 3059 se
801 3023 1065 3069 exeuntes3
1101 3029 1189 3061 nec
1224 3031 1331 3062 raro
1362 3017 1431 3063 sio

413 3091 718 3153 reciprocum
756 3088 1065 3137 obliteratum
1095 3106 1196 3138 esse
1236 3105 1249 3138 z
1294 3096 1433 3153 eujus

411 3171 482 3217 rei
506 3167 837 3232 exemplorum
859 3169 1051 3231 copiam
1081 3168 1197 3216 alibi
1219 3172 1434 3233 profere-

411 3263 537 3296 mus.
583 3247 680 3295 Sed
708 3247 832 3295 bene
871 3246 1139 3298 notandum
1161 3259 1256 3306 eet,
1299 3266 1433 3297 enm·

411 3326 521 3375 dem
566 3326 629 3375 ad
670 3327 815 3374 verbe
859 3325 1057 3377 dicendi
1096 3337 1144 3374 et
1186 3328 1433 3391 opinionis

409 3407 700 3469 pronomina
724 3407 946 3453 omittere
973 3407 1160 3465 solere3
1203 3408 1270 3458 cf.
1295 3410 1430 3455 Orat.

410 3487 515 3539 111,
547 3500 640 3542 ao,
663 3494 757 3544 743
793 3487 986 3533 Muren.
1013 3487 1074 3543 3,
1099 3502 1146 3545 7.

484 3580 505 3611 1
514 3580 544 3631 7
553 3564 686 3613 ,Nisi
697 3565 836 3627 quod
840 3564 992 3628 possit
1003 3564 1157 3628 ipsum
1165 3577 1367 3629 propter
1379 3583 1431 3615 se

394 3645 514 3710 jure
525 3644 741 3691 laudari.
758 3645 881 3691 Mire
895 3642 1026 3692 Gud.
1042 3660 1069 3690 a
1082 3677 1099 3703 ,
1133 3645 1267 3708 quod
1275 3646 1434 3708 possit

404 3724 614 3787 ignorat.
652 3727 815 3787 Atque
855 3722 977 3770 solet
1018 3739 1129 3771 sane
1165 3737 1337 3772 auctor
1370 3725 1425 3772 in

405 3803 753 3852 consecutione
778 3803 911 3851 haud
943 3819 1053 3850 raro
1096 3804 1431 3868 complicatine

404 3883 659 3930 :ct-ibere:
697 3895 754 3931 ut
799 3883 876 3929 his
923 3883 1112 3930 omissis
1154 3883 1318 3930 locum
1361 3885 1430 3931 eio

405 3964 614 4026 accipies
629 3997 644 4021 ,
672 3985 699 4005 κ
720 3974 856 4010 certe
872 3962 996 4010 nihil
1017 3996 1030 4020 ‚
1052 3962 1144 4010 nisi
1164 3965 1321 4025 ipsum
1342 3963 1430 4011 ho·
1460 4013 1486 4036 ¹.

408 4050 594 4088 nestum
624 4059 674 4105 p.
703 4058 754 4090 ee
788 4041 975 4090 laudari
1007 4064 1052 4089 ιι.
1101 4043 1196 4089 Sed
1231 4054 1428 4090 contor-

409 4118 531 4165 tior·
550 4119 653 4167 bac
679 4122 836 4169 forent
855 4132 1041 4184 :utque
1068 4122 1149 4169 hic
1188 4123 1346 4170 oodex
1375 4124 1429 4171 in

364 4196 369 4202 '
408 4197 684 4246 omittendo
711 4215 837 4263 nepe
863 4211 1051 4263 peccet.
1079 4204 1140 4248 G.

1602 2466 1680 2511 18.
1734 2467 1796 2510 Ue
1966 2475 2035 2511 uc.
2092 2465 2291 2529 Duplex
2331 2478 2385 2512 ue
2430 2465 2543 2523 YV.

1522 2545 1637 2592 m).
1689 2543 1883 2591 latuisse
1922 2542 2143 2603 videtur,
2168 2545 2358 2608 qnippe
2395 2562 2544 2608 quum

1521 2621 1638 2670 alibi
1661 2623 1946 2671 alterutram
1970 2622 2150 2686 cupide
2182 2623 2374 2672 deleant
2409 2638 2422 2671 :
2460 2624 2546 2671 sed

1523 2701 1634 2749 vide
1653 2718 1746 2749 noe
1764 2704 1888 2750 infra
1915 2702 1977 2750 ad
2006 2706 2069 2760 V,
2101 2719 2157 2761 α,
2198 2710 2246 2758 4.
2270 2706 2333 2751 G.

1598 2797 1680 2843 ¹9·
1712 2785 1931 2839 Rectum,
1963 2783 2215 2846 ipsumque
2228 2799 2320 2845 per
2344 2798 2397 2830 se
2416 2818 2430 2839 ,
2455 2798 2545 2829 sua

1520 2861 1600 2917 vi,
1627 2877 1720 2907 sua
1748 2873 1947 2923 sponte,
1990 2878 2079 2908 sua
2103 2873 2305 2910 natura.
2338 2864 2546 2909 Goerenz

1520 2942 1798 3003 transponit
1836 2957 1927 2987 sua
1964 2951 2142 2986 natura
2161 2973 2175 2995 ‚
2223 2955 2312 2984 sua
2347 2949 2544 3000 sponte,

1522 3031 1757 3081 notatque
1805 3033 1817 3064 :
1858 3020 2106 3081 ipsumque
2159 3015 2353 3062 firmant
2401 3016 2543 3062 etiam

1519 3099 1649 3161 Spir.
1676 3108 1724 3143 et
1746 3098 1848 3146 Erl.
1881 3105 2127 3158 receptum
2154 3110 2215 3140 ex
2241 3093 2340 3140 Pal.
2370 3108 2389 3139 1
2416 3104 2464 3140 et
2494 3096 2542 3143 3.

1520 3176 1715 3237 Reliqui
1743 3175 1937 3237 scripti,
1960 3174 2115 3236 ipsum
2145 3171 2279 3235 quod
2294 3189 2313 3225 ,-
2354 3170 2470 3219 iude
2489 3173 2540 3219 hi

1520 3255 1649 3299 inter
1681 3269 1774 3299 ma
1813 3262 1980 3314 sponte
2018 3251 2219 3313 repetite
2253 3249 2317 3296 sie
2340 3250 2543 3299 addunt.

1522 3335 1691 3378 Prave.
1733 3331 1942 3393 Vulgata
1997 3331 2174 3377 deinde
2214 3332 2541 3393 transposito,

1502 3433 1546 3481 ια
1567 3428 1653 3458 sua
1689 3421 1889 3473 sponte,
1909 3426 1991 3457 sna
2011 3421 2221 3457 natura»
2246 3424 2258 3457 :
2284 3408 2370 3458 sed
2394 3426 2544 3472 quum

1522 3492 1732 3537 referant
1757 3505 1925 3536 omnes
1945 3490 2129 3545 nostri,
2158 3501 2439 3551 veteresque
2456 3490 2544 3536 im-

1521 3571 1676 3633 pressi
1704 3568 1980 3632 complures
2021 3567 2192 3615 ordine
2240 3578 2544 3627 transverso,

1519 3664 1613 3696 noe
1640 3649 1703 3695 ita
1727 3646 1867 3695 edere
1894 3657 2174 3710 coegerunt.
2201 3648 2427 3695 Ceterum
2455 3664 2544 3695 cn-

1519 3728 1727 3775 mulavit
1751 3738 1921 3774 auctor
1944 3726 2076 3774 idem
2101 3727 2347 3785 notantia,
2403 3738 2456 3774 ut
2481 3744 2543 3775 eo

1520 3807 1715 3871 gravius
1761 3805 2008 3863 firmaret,
2046 3828 2071 3847 σι
2115 3818 2300 3854 rectum
2342 3824 2404 3855 ex
2444 3825 2545 3856 sese

1518 3886 1670 3934 modo
1712 3886 1954 3934 laudabile
1991 3902 2121 3943 enee,
2155 3903 2256 3934 non
2285 3903 2374 3950 per
2413 3889 2541 3934 neci-

1520 3965 1641 4012 dene
1667 3987 1712 4013 ιο.
1741 3951 1926 4033 Ᾰγαθὸν
1954 3970 2174 4030 μοναχῶς
2198 3963 2388 4015 ἐπαίνου
2418 3962 2543 4021 ἄξιον

1518 4046 1667 4108 Diog.
1695 4048 1836 4092 Laert
1859 4046 1979 4101 vn,
2011 4061 2107 4092 roo
2139 4062 2237 4107 seq.
2279 4046 2415 4093 Dixit
2453 4060 2539 4090 au·

1522 4135 1616 4172 tem
1643 4134 1820 4169 rectum
1840 4155 1855 4179 ‚
1898 4133 1951 4169 ut
1974 4123 2117 4181 alibi,
2148 4140 2208 4172 ne
2229 4127 2403 4172 benum
2431 4139 2535 4168 ver—

1521 4212 1624 4249 tens
1640 4201 1893 4266 ambiguus
1915 4214 2055 4251 estet.
