3217 4784
628 435 747 503 xiv
1281 438 1537 507 NOVI
1600 438 2124 511 EDITORIS

629 566 783 639 ullo
824 567 1070 640 fructu
1102 568 1220 640 illa
1254 570 1699 643 contulimus
1737 600 1754 643 z
1797 597 2117 672 namque
2150 573 2506 673 quidquid
2554 577 2631 647 in
2672 580 2772 648 eis

630 692 931 789 alicujus
985 706 1172 763 esset
1218 695 1431 791 pretii
1474 697 1711 768 DaviS.
1748 709 1821 766 et
1867 700 2067 769 Goer.
2108 697 2311 770 lucro
2351 698 2500 794 jam
2544 724 2773 799 appo·

632 830 945 887 suerant.
977 814 1235 910 Majori
1264 840 1438 888 vero
1467 841 1641 889 cura
1683 817 2137 892 conferenda*
2176 835 2383 893 erant
2420 821 2773 896 editiones

629 964 790 1037 quae
826 953 991 1038 post
1017 943 1483 1012 Goerenzium
1513 943 1588 1013 in
1619 943 1856 1015 lucem
1887 944 2354 1043 prodierunt3
2388 947 2664 1045 quippe
2693 950 2767 1018 in

630 1062 901 1162 quibus
942 1063 1158 1161 hujus
1209 1081 1281 1137 et
1338 1081 1746 1140 ceterorum
1793 1071 2158 1141 sententiae
2212 1094 2408 1141 novo
2459 1072 2768 1142 examini

631 1186 920 1284 subjici,
965 1213 1247 1262 errores
1299 1189 1788 1289 deprehendi,
1834 1176 2054 1265 nimie
2093 1194 2389 1267 audacia
2436 1197 2771 1294 reprimi,

631 1312 1056 1386 omissiones
1124 1316 1445 1415 suppleri
1512 1332 1897 1415 poterant3
1955 1318 2172 1415 hujus
2239 1324 2520 1418 generis
2593 1320 2771 1391 duas

630 1450 913 1507 tantum
949 1438 1317 1522 novimuS,
1360 1438 1679 1511 Schiitzii
1716 1464 1979 1540 nempe
2016 1457 2090 1514 et
2117 1420 2453 1516 nostrntis
2483 1443 2772 1516 Leclerc

632 1559 896 1631 horum
950 1558 1299 1634 librorum
1353 1561 1744 1653 editiones,
1788 1589 1951 1662 quae
2006 1568 2080 1637 in
2139 1591 2393 1639 eorum
2453 1567 2766 1665 generali

627 1682 944 1756 editione
996 1684 1343 1783 (Schiitzii
1396 1702 1573 1759 tom.
1633 1692 1837 1776 XIII;
1890 1670 2210 1779 Leclerc,
2253 1705 2430 1762 tom.
2471 1695 2772 1775 XXVII,

630 1807 742 1880 ed.
790 1811 1020 1900 inu-18)
1062 1810 1556 1881 eontinentur.
1614 1810 1756 1883 Sed
1803 1814 1883 1883 in
1935 1815 2022 1887 iis
2079 1838 2335 1913 parum
2390 1838 2544 1887 esse
2598 1819 2768 1884 novi

626 1930 1001 2004 fatendum
1060 1945 1165 2003 est
1186 1986 1205 2019 ,
1260 1957 1494 2030 quum
1545 1928 1977 2033 plerumque
2035 1919 2491 2035 superiorum
2540 1935 2766 2009 edito·

623 2081 789 2127 rum
834 2057 1227 2129 sententias
1262 2079 1621 2154 exponere
1641 2111 1661 2145 ,
1705 2055 2137 2131 confirmare
2158 2113 2177 2146 ,
2218 2073 2344 2129 aut
2383 2057 2724 2130 damnare
2744 2115 2762 2145 ,

628 2177 826 2251 nulla
857 2176 1007 2250 fere
1043 2203 1186 2250 suae
1225 2181 1594 2278 opinionis
1636 2180 1845 2254 allata
1885 2206 2135 2273 causa,
2178 2184 2347 2255 satis
2383 2181 2718 2256 habeant.

720 2301 1124 2375 Nonnullas
1176 2304 1459 2375 criticas
1520 2301 2065 2377 observationes
2127 2308 2622 2403 excerpsimus
2680 2329 2768 2376 ex

626 2426 713 2497 iis
752 2428 1129 2524 perpaucis
1162 2451 1342 2525 quas
1378 2430 1465 2499 G.
1510 2431 1730 2500 Henr.
1768 2432 2012 2499 Moser
2054 2429 2132 2498 in
2172 2426 2399 2500 libros
2436 2427 2529 2500 de
2573 2432 2628 2497 F
2631 2428 2762 2497 ini·

627 2547 768 2625 bus
804 2574 1052 2623 recens
1101 2551 1386 2650 scripsit
1426 2551 1574 2650 (1),
1623 2554 1701 2622 in
1756 2550 2059 2647 quibuS‚
2102 2552 2433 2648 quamvis
2483 2565 2558 2623 et
2590 2555 2768 2623 Goe-

624 2860 824 2926 quutae
876 2857 1082 2906 essent.
1129 2846 1360 2906 Etenim
1409 2845 1854 2905 concedendum
1905 2858 1994 2904 est
2035 2844 2250 2904 editori
2294 2845 2387 2904 vel
2437 2843 2766 2905 absolutam

622 2952 864 3029 alicujus
901 2950 1038 3009 libri
1076 2948 1391 3010 editionem
1432 2948 1728 3021 molienti,
1769 2963 1835 3008 ut
1878 2948 2164 3007 delectum
2211 2949 2474 3010 instituat
2527 2967 2765 3015 eorum,

622 3079 752 3137 quae
796 3057 871 3116 ab
915 3055 1239 3115 editoribus
1280 3054 1476 3114 adbuc
1516 3054 1746 3133 prolata
1792 3067 1962 3128 sunt,
1998 3055 2306 3114 manifesto
2345 3054 2488 3113 falsa
2536 3053 2768 3113 silentio

621 3182 920 3243 premens,
938 3175 1080 3221 nota
1103 3161 1282 3221 hodie
1309 3175 1371 3221 et
1388 3159 1466 3220 ab
1489 3159 1630 3239 ipsis
1653 3159 1942 3222 tironibus
1970 3175 2279 3241 perspecta
2303 3160 2567 3221 breviter
2588 3162 2769 3221 attin-

624 3289 802 3349 gens:
830 3269 1037 3347 longus
1062 3280 1257 3328 autem
1290 3269 1367 3328 sit
1391 3268 1454 3327 in
1480 3267 1577 3340 iis,
1614 3288 1746 3347 quae
1788 3268 2075 3328 hodierna
2109 3282 2247 3328 aetas
2286 3270 2549 3346 quamvis
2589 3268 2767 3327 falsis-

622 3376 767 3435 sima
795 3387 864 3433 ut
896 3393 1034 3433 vera
1064 3373 1466 3451 amplectitur3
1506 3377 1719 3452 partim
1752 3375 2129 3452 grammatica
2156 3372 2508 3447 subtilitate,
2552 3372 2763 3450 partim

623 3482 1025 3561 exemplorum
1053 3480 1222 3559 copia
1250 3479 1491 3539 meliora
1516 3478 1828 3540 edocens».

700 3623 789 3704 (1)
826 3629 894 3683 In
924 3623 1204 3702 peculiari
1231 3621 1635 3681 dissertatione
1663 3620 1777 3680 hoe
1801 3623 2015 3681 titulo:
2058 3648 2084 3674 «
2103 3619 2399 3699 Symbolae
2434 3620 2648 3678 critieae
2687 3619 2759 3677 ad

627 3732 850 3809 aliquot
888 3729 1185 3789 Ciceronis
1223 3727 1297 3787 de
1337 3725 1576 3786 Finibus
1616 3725 1909 3785 bonorum
1942 3740 2001 3786 et
2037 3726 2324 3785 malorum
2359 3727 2520 3796 loca3
2551 3723 2762 3802 quibus

623 3837 888 3898 examina
922 3835 1156 3915 publica
1194 3835 1256 3893 in
1306 3833 1605 3912 gymnasio
1645 3832 1808 3911 regio
1847 3833 2100 3892 Ulmano
2146 3853 2198 3891 a.
2240 3810 2477 3891 d.'xlx
2520 3844 2663 3909 sept.
2706 3845 2760 3888 el

623 3944 724 4023 qui
753 3955 1069 4021 sequentur
1096 3939 1307 4000 diebus
1346 3937 1629 4018 proximis
1671 3938 1783 3996 rite
1813 3939 2195 4011 instituenda,
2236 3937 2440 3997 indicit
2477 3937 2764 4014 Georgius

626 4049 909 4111 Henricus
940 4052 1156 4117 Moser,
1188 4045 1331 4126 phil.
1370 4043 1525 4103 doct.
1556 4056 1616 4103 et
1656 4062 1911 4120 gymnas,
1947 4065 2063 4123 reg.
2096 4046 2409 4123 professor.
2439 4045 2661 4116 Ulmae‚
2692 4063 2760 4100 ex

629 4157 859 4225 offic-ina
886 4161 973 4215 Io.
1002 4154 1258 4213 Danielis
1288 4150 1597 4229 Wagneri,
1643 4150 1789 4209 1825
1808 4179 1848 4208 υ.
