3217 4784
806 495 929 561 DE
977 494 1149 562 FIN.
1207 495 1412 562 BON.
1468 496 1582 562 ET
1632 496 1845 561 MAL.
1899 495 1996 577 11,
2035 496 2099 577 4.
2408 493 2537 565 155

403 629 660 710 putant
680 670 698 702 ,
723 616 848 712 qui
876 639 1033 685 eam
1059 620 1159 686 sic
1185 613 1545 685 definiunt
1565 669 1584 701 ‚
1611 613 2109 685 Sublationem
2140 615 2355 685 animi
2382 620 2536 688 sine

400 726 712 812 ratione,
751 725 1115 822 opinantis
1149 748 1222 795 se
1254 748 1518 819 magno
1547 721 1753 793 bono
1782 721 1923 792 frui
1948 733 2009 782 ¹9
2045 750 2059 792 ε
2094 748 2245 794 non
2275 723 2537 795 dicitur

400 835 670 922 laetitia,
718 860 853 906 nec
891 833 1316 932 gaudium²⁰
1366 838 1441 903 in
1489 858 1820 930 corpore.
1876 838 1961 903 In
1994 858 2083 904 eo
2124 847 2365 905 autem
2412 859 2530 906 vo·
2574 849 2634 905 14

400 945 671 1042 luptas,
717 947 1045 1016 omnium
1103 943 1319 1014 latine
1381 943 1829 1042 loquentium
1886 967 2127 1030 more,
2191 945 2530 1042 ponitur,

400 1080 628 1150 quum
676 1058 1072 1152 percipitur
1126 1080 1245 1142 ea,
1299 1080 1462 1152 quae
1511 1079 1804 1125 sensum
1849 1053 2161 1149 aliquem
2211 1069 2529 1139 moveat,

391 1165 828 1259 jucunditas.
874 1171 1073 1235 Hanc
1107 1190 1404 1263 quoque
1432 1164 1955 1261 jucunditatem
1982 1218 2000 1250 ,
2033 1167 2089 1234 si
2123 1165 2261 1248 viS,
2294 1179 2529 1235 trans-

398 1273 508 1345 fer
549 1275 623 1344 in
667 1278 984 1347 animum
1035 1303 1050 1345 :
1090 1276 1342 1372 juvare
1382 1277 1571 1347 enim
1616 1278 1691 1345 in
1739 1290 2053 1370 utroque
2104 1271 2401 1363 dicitur,
2443 1301 2533 1345 ex

399 1408 636 1481 eoque
665 1384 1153 1480 jucundum²¹
1182 1414 1201 1475 3
1231 1386 1452 1458 modo
1485 1386 1877 1482 intelligas,
1914 1386 2104 1456 inter
2132 1385 2374 1474 illum,
2404 1387 2530 1483 qui

404 1492 593 1564 dicat
608 1548 627 1579 ‚

473 1700 552 1747 19·
570 1686 664 1735 Vir.
684 1702 779 1734 res.
804 1724 816 1734 .
840 1722 851 1733 .
876 1705 939 1736 m.
962 1687 1268 1751 &frui-Haec
1283 1687 1416 1733 Goer.

395 1766 669 1828 parenthesi
683 1766 910 1826 includit,
920 1767 1057 1830 quod
1069 1769 1180 1815 VV.
1195 1768 1305 1813 DD.
1317 1782 1419 1812 nou

392 1845 577 1907 jamdiu
604 1847 773 1894 fecisse
800 1845 1417 1895 miratur.—Sublaeionem

395 1924 569 1983 animi,
580 1938 673 1976 etc.
692 1928 767 1974 De
785 1928 875 1974 hac
894 1927 996 1990 ipsa
1019 1925 1301 1974 definitione
1330 1940 1417 1971 vo·

396 2003 594 2067 luptatis
628 2005 761 2069 apud
792 2006 982 2053 Stoicos
1013 2006 1161 2053 multa
1186 2007 1418 2052 Veterum

397 2080 503 2128 loca
523 2084 762 2145 congessit
784 2085 949 2131 Davis.
978 2094 1023 2131 et
1047 2084 1108 2132 sd
1135 2086 1187 2132 h.
1218 2083 1253 2131 l.
1279 2094 1327 2131 et
1353 2085 1416 2132 nd

398 2161 542 2207 Tuae.
580 2163 669 2219 lv,
699 2163 762 2219 6,
798 2178 908 2224 quoe
949 2161 1075 2209 vide.
1112 2161 1272 2210 Verba
1310 2164 1413 2227 ipss

398 2239 609 2286 auctoris
626 2256 787 2303 presse
810 2258 837 2287 e
863 2243 1030 2304 graecis
1054 2242 1264 2290 Zenonis
1284 2258 1416 2289 versa

397 2329 538 2376 suut3
568 2319 630 2368 cf.
668 2322 827 2368 Laert.
856 2322 979 2377 v11,
1012 2329 1106 2376 114
1133 2336 1146 2367 ε
1179 2315 1330 2375 ἡδονὴ
1356 2315 1417 2370 δι’

398 2395 493 2452 lew
512 2392 682 2466 ἄλογος
702 2397 894 2465 ἔπαρσις
914 2397 984 2466 ἐφ’
1006 2398 1180 2467 αἱρετῷ
1201 2394 1418 2450 δοκοῦντι

394 2473 640 2542 ὑπάρχειν.
670 2478 895 2526 Ceterum
920 2478 1136 2543 loquitur
1164 2477 1338 2527 Cicero
1359 2479 1414 2528 h.

394 2555 433 2605 Ι.
461 2554 524 2602 de
553 2576 574 2597 ι
598 2556 764 2605 laetitia
792 2558 1026 2621 gestiente
1044 2570 1094 2606 et
1123 2558 1295 2622 nimia,
1321 2576 1417 2622 qun

394 2633 601 2681 inaniter
637 2644 684 2680 et
718 2636 867 2683 effuse
901 2636 1092 2683 animus
1126 2637 1337 2685 exsultat
1361 2654 1415 2696 »3

395 2711 508 2759 vide
529 2714 673 2761 Tusc-
697 2715 869 2778 Dispp.
893 2715 926 2764 l.
951 2716 987 2763 l.
1008 2715 1038 2780 S
1063 2721 1143 2765 13.

470 2808 549 2840 πο.
588 2790 809 2850 Loecieia,
841 2810 929 2840 nec
951 2796 1208 2858 gaudium.
1238 2798 1341 2843 Nec
1365 2796 1415 2845 h.

395 2872 432 2919 1.
461 2869 588 2917 idem
616 2883 714 2929 est,
741 2872 875 2934 quod
899 2888 982 2920 ne.
1005 2906 1018 2919 .
1043 2906 1058 2920 .
1084 2875 1307 2938 quidem,
1338 2877 1416 2924 vel

394 2948 540 2999 etiam
566 2966 663 2997 non
683 2986 699 3011 ,
727 2967 878 3013 quum
898 2952 1138 3016 gaudium
1155 2955 1315 3002 minus
1332 2973 1419 3004 va·

394 3030 524 3089 lest,
557 3046 703 3094 quam
740 3030 946 3088 Iaeeitia,·
985 3032 1169 3096 quippe
1206 3050 1315 3098 quae
1354 3035 1417 3083 sit

395 3133 421 3151 ιι
435 3109 693 3157 exsultatio
706 3109 926 3173 quaedam
945 3111 1091 3158 animi
1109 3127 1219 3158 cum
1237 3113 1415 3175 gaudio

395 3190 732 3244 efferventiote
760 3205 918 3236 rerum
947 3190 1264 3253 expetiturum
1283 3213 1333 3249 n,
1360 3202 1416 3239 ut

392 3268 519 3317 bene
555 3268 743 3316 Gellius
777 3269 840 3317 N.
881 3270 988 3317 Διὶ.
1023 3271 1101 3326 11,
1140 3285 1183 3315 c.
1218 3286 1312 3329 απ
1345 3270 1412 3319 ef.

394 3349 538 3395 Tusc.
578 3351 666 3405 lv,
709 3349 741 3395 6
761 3383 778 3409 ‚
832 3362 852 3393 1
869 3363 911 3396 ι.
946 3349 1104 3410 Quem
1149 3347 1211 3395 sd
1252 3348 1415 3396 locum

395 3429 597 3474 omnino
635 3426 716 3474 illa
755 3436 996 3474 structura
1034 3427 1223 3474 auctori
1264 3429 1418 3476 rsrior

392 3506 609 3555 uounda
631 3517 729 3563 est,
753 3522 846 3569 qus
869 3523 971 3553 non
992 3522 1300 3570 praegressum
1326 3524 1417 3556 nee

396 3586 474 3633 vel
489 3601 650 3650 neque
665 3587 898 3649 sequitur.
926 3586 1000 3635 Cf.
1020 3586 1208 3635 Acsdd.
1235 3589 1307 3647 11,
1335 3602 1418 3649 17,

398 3667 491 3724 ὄις
520 3667 662 3714 Divv.
690 3668 758 3725 V,
786 3682 865 3729 ep.
895 3681 944 3712 2.
986 3668 1054 3713 Ea
1081 3666 1132 3713 in
1156 3668 1259 3730 ipsa
1285 3679 1414 3714 stru-

394 3756 528 3793 ctura
548 3746 960 3809 frequentissimus
976 3757 1049 3792 est
1066 3747 1263 3794 Seneca.
1291 3749 1356 3796 G.

465 3840 494 3871 α
509 3842 549 3873 ι.
575 3828 757 3873 Juvat-e
778 3825 905 3873 enim
930 3826 981 3873 in
1003 3836 1208 3890 ueroque
1225 3826 1414 3890 dicitur,

393 3922 461 3952 ex
478 3921 630 3969 eoque
644 3906 931 3968 jucundum.
956 3908 1014 3953 In
1031 3907 1108 3953 his
1132 3907 1242 3955 intt.
1262 3908 1414 3955 omni·

393 3984 487 4033 bus
513 3986 810 4044 invidemus,
837 3987 922 4050 qui
942 3986 1064 4033 nihil
1092 3986 1415 4044 offenderint,

395 4066 576 4126 quippe
593 4081 703 4128 quae
723 4082 813 4113 nos
834 4065 967 4113 haud
986 4083 1157 4129 parum
1181 4082 1410 4114 exercue-

393 4142 512 4191 rint.
540 4143 658 4192 Vult
681 4156 883 4207 auctor,
912 4146 1110 4194 verbum
1126 4146 1305 4210 juvare
1331 4163 1412 4210 pa·

396 4225 512 4271 riter
537 4223 598 4271 de
618 4224 679 4272 iis
704 4224 825 4283 dici,
857 4242 965 4291 quae
990 4228 1203 4274 animum
1220 4261 1238 4287 ,
1265 4243 1412 4290 quam

1505 1701 1616 1747 quae
1659 1700 1842 1749 corpus
1891 1683 2103 1731 suaviter
2141 1681 2387 1742 officinam
2433 1685 2528 1731 hoc

1502 1764 1632 1811 enim
1660 1780 1722 1810 ex
1749 1777 1918 1824 graecae
1945 1763 2113 1810 formae
2139 1761 2217 1821 vi,
2249 1760 2294 1810 iv
2321 1760 2529 1828 ἑκατέρῳ

1503 1842 1724 1912 λέγεται,
1755 1844 1898 1892 toties
1927 1843 1975 1889 iu
1999 1842 2200 1890 Platone
2227 1841 2373 1888 ehvis
2392 1875 2408 1900 ,
2438 1841 2530 1889 du·

1504 1921 1648 1970 bituri
1672 1922 1862 1987 nequit.
1894 1923 1962 1970 At
1989 1920 2162 1972 verba.
2192 1936 2257 1967 ex
2274 1920 2527 1984 eoqueju·

1502 2005 1715 2052 cundum
1734 2039 1749 2064 ,
1795 2004 1916 2068 quid
1960 2003 2094 2051 aliud
2137 2003 2340 2061 volunt,
2383 2017 2528 2066 quam

1502 2100 1674 2132 vocem
1704 2082 1954 2148 jucundus
1995 2083 2131 2130 verbi
2161 2074 2338 2145 ju'vare
2380 2083 2448 2144 (i.
2482 2098 2526 2129 e.

1502 2163 1779 2224 delectare)
1808 2164 2119 2226 conjugatum
2147 2163 2286 2210 esse?
2325 2178 2432 2209 nam
2463 2161 2527 2208 ad

1487 2242 1764 2306 jucundum
1803 2241 1963 2290 denuo
2001 2241 2179 2289 dicitur
2212 2240 2527 2305 cogitandum

1503 2336 1605 2367 esse
1623 2355 1637 2378 ,
1668 2337 1728 2367 ex
1762 2321 2005 2368 nominati
2031 2322 2245 2368 auctoris
2282 2320 2525 2367 scribendi

1503 2413 1641 2446 more
1667 2400 1983 2446 certissimum
2019 2410 2108 2448 est.
2148 2402 2218 2448 At
2249 2399 2335 2446 vix
2360 2400 2526 2462 negari

1500 2476 1697 2536 licebit,
1723 2478 1973 2526 Ciceronis
1999 2488 2138 2526 aetnte
2163 2480 2398 2542 scriptum
2427 2495 2528 2525 esse

1496 2557 1767 2620 jocundum
1786 2575 1804 2604 .·
1828 2557 1898 2604 sic
1924 2557 2128 2621 lapides,
2156 2558 2225 2605 sic
2248 2557 2394 2605 codd.
2417 2559 2528 2605 scri·

1504 2636 1577 2699 pti
1596 2637 1905 2684 vetustissimi
1920 2636 2127 2701 quique;
2151 2637 2220 2685 sic
2240 2637 2330 2684 alis
2350 2637 2501 2685 multa
2514 2672 2528 2693 ,

1502 2728 1557 2764 ut
1581 2728 1790 2773 statuas,
1815 2718 2007 2777 jubent.
2033 2720 2142 2766 Jam
2172 2717 2282 2781 quis
2307 2727 2491 2779 quaerst
2509 2749 2526 2774 ‚

1503 2796 1757 2859 quomodo
1770 2799 1955 2844 auctori
1971 2796 2045 2843 vel
2066 2797 2117 2844 in
2136 2797 2350 2844 animum
2365 2795 2526 2841 venioe

1501 2877 1748 2939 potuerit,
1776 2878 1871 2924 hoc
1895 2876 2062 2923 abillo
2084 2875 2352 2922 derivatum
2376 2872 2527 2919 velle?

1503 2957 1564 3002 Et
1589 2966 1749 3004 tamen
1770 2958 1841 3003 sic
1862 2956 2103 3019 potuisse,
2129 2954 2170 3000 si
2193 2953 2269 2998 vel
2295 2951 2421 2997 Iovis
2439 2966 2531 2995 no-

1503 3053 1613 3083 men
1639 3035 1938 3095 memineris,
1962 3032 2102 3079 facile
2129 3028 2364 3078 fateberis.
2390 3026 2527 3090 Jupi-

1502 3127 1578 3162 ter
1603 3118 1732 3163 enim
1764 3112 1896 3162 baud
1930 3110 2076 3159 dubie
2111 3126 2137 3155 a
2153 3109 2332 3173 juvans
2355 3117 2522 3169 pater,

1501 3196 1571 3241 sic
1590 3206 1645 3242 ut
1667 3192 1882 3240 secundo
1902 3206 2038 3246 casu,
2061 3186 2366 3235 substantivo
2386 3186 2528 3232 omis-

1501 3288 1589 3328 so,
1617 3270 1838 3335 juvantis
1872 3271 1923 3315 in
1962 3265 2120 3323 Jov1's,
2163 3283 2190 3314 a
2227 3263 2491 3329 plebeculae
2509 3298 2525 3322 ,

1502 3350 1698 3398 nomina
1726 3347 1897 3396 crebro
1917 3364 2005 3394 usu
2036 3344 2310 3409 usurpanda
2339 3354 2529 3391 conti-s-

1500 3430 1688 3490 hentis,
1718 3443 1803 3475 ore
1832 3435 2151 3486 coerceretur,
2178 3434 2227 3472 et
2252 3424 2322 3471 sic
2351 3423 2525 3471 deinde

1502 3512 1555 3557 in
1588 3523 1894 3555 communem
1929 3521 2068 3553 usum
2103 3503 2283 3561 abiret3
2321 3504 2383 3550 cf.
2412 3503 2526 3550 Nat.

1501 3594 1654 3640 Deor.
1683 3590 1759 3650 11,
1787 3588 1850 3635 25
1864 3622 1878 3647 ,
1906 3588 1993 3644 64.
2017 3589 2091 3634 Its
2113 3585 2262 3648 igitur
2274 3583 2525 3647 jucundus

1499 3688 1526 3719 a
1550 3670 1731 3737 juvare
1763 3666 2065 3715 descendisse
2094 3664 2287 3729 putabis
2307 3700 2320 3724 ,
2360 3674 2414 3715 ut
2426 3662 2524 3728 fa·

1501 3750 1688 3798 candus
1706 3746 1856 3813 afirn'
1868 3744 2160 3812 ‚foecundm-
2175 3760 2201 3791 n
2226 3743 2519 3808 priscosm,

1501 3847 1561 3878 ex
1608 3845 1710 3893 quo
1754 3825 1949 3891 effa-ms
1990 3835 2136 3872 restat
2158 3857 2175 3881 ,
2222 3834 2314 3870 etc.
2375 3826 2525 3869 Prsve

1501 3920 1662 3957 autem
1682 3907 1829 3971 vulgo
1839 3905 2090 3972 jucundus
2116 3921 2143 3951 s
2175 3920 2219 3950 v.
2236 3901 2380 3966 jocus
2401 3902 2526 3948 deri-

1504 4000 1655 4037 vsnt:
1692 4004 1803 4035 nam
1835 3997 2150 4051 praeterquam
2188 3984 2324 4048 quod
2355 3983 2526 4029 barum

1498 4084 1677 4116 vocum
1704 4065 1959 4131 prosodics
1982 4064 2225 4128 quantitas
2240 4099 2254 4123 ,
2281 4078 2424 4125 quam
2445 4077 2525 4108 vo-

1500 4158 1644 4205 cant,
1664 4147 1854 4201 dissert,
1879 4143 2027 4191 mults
2061 4143 2203 4191 etiam
2232 4157 2331 4188 uon
2357 4140 2523 4201 jocosa

1498 4226 1716 4290 jucunda
1739 4235 1869 4274 sunt.
1891 4227 1952 4273 G.
