3217 4784
776 394 899 463 DE
947 394 1120 464 FIN.
1174 392 1374 462 BON.
1426 396 1539 463 ΕΤ
1590 390 1802 463 MAL.
1857 394 1978 475 IV,
2043 415 2144 487 ¹7·

2387 393 2528 486 [193

408 518 535 612 qui
578 515 860 597 dicent,
905 531 977 586 et
1016 534 1143 586 vos
1181 514 1272 585 ad
1315 531 1642 588 naturam
1688 515 2149 586 revertimini.
2198 512 2527 603 Quibus⁷

410 640 664 697 natura
720 626 884 719 jure
944 624 1434 723 responderit,
1484 651 1637 696 non
1691 649 1841 696 esse
1902 647 2187 707 verum,
2241 621 2532 694 aliunde

409 734 626 806 finem
660 735 867 807 beate
890 733 1213 821 vivendi,
1239 757 1280 804 a
1308 758 1383 804 se
1411 736 1765 830 principia
1808 735 1911 804 rei
1942 732 2268 830 gerendae
2300 728 2530 829 peti⁸;

408 870 561 916 esse
617 849 811 916 enim
859 868 1077 914 unam
1129 846 1521 930 rationem,
1568 867 1711 938 qua
1762 857 1834 913 et
1885 844 2235 940 principia
2293 867 2532 914 rerum

406 952 877 1050 agendarum,
911 967 984 1022 et
1005 951 1255 1023 ultima
1284 951 1647 1023 bonorum
1679 956 2267 1039 continerentur3
2294 968 2536 1052 atque,

408 1077 490 1131 ut
518 1062 867 1132 Aristonis
899 1074 1082 1131 esset
1107 1061 1405 1158 explosa
1433 1062 1820 1149 sententia,
1840 1061 2175 1149 dicentiS,
2200 1062 2382 1134 nihil
2414 1063 2540 1135 dis-

411 1166 598 1239 ferre
626 1167 819 1239 aliud
857 1166 949 1239 ab
985 1169 1166 1256 alio,
1195 1194 1331 1241 nec
1356 1195 1508 1242 esse
1544 1196 1660 1242 res
1696 1171 1909 1257 ullas,
1948 1185 2215 1267 praeter
2242 1175 2541 1245 virtutes

414 1293 484 1347 et
519 1279 721 1361 vitia,
757 1279 949 1349 int‘er
989 1304 1168 1376 quas
1206 1280 1609 1378 quidquam
1650 1283 1950 1353 omnino
1991 1282 2398 1369 interesset,
2440 1287 2541 1356 sic

415 1412 649 1458 errare
683 1392 1045 1461 Zenonem
1070 1444 1089 1478 ,
1128 1394 1253 1488 qui
1289 1392 1487 1462 nulla
1531 1394 1605 1461 in
1645 1417 1755 1477 re,
1786 1394 1916 1461 nisi
1963 1393 2036 1461 in
2073 1393 2336 1464 virtute
2379 1392 2544 1491 [aut

415 1498 674 1597 vitio9]
721 1503 1320 1598 propensionem,
1359 1527 1451 1573 ne
1498 1504 1776 1571 minimi
1814 1501 2106 1598 quidem
2151 1506 2540 1591 momenti,

414 1607 505 1679 ad
549 1634 908 1681 summum
962 1610 1240 1681 bonum
1301 1608 1840 1707 adipiscendum
1897 1633 2047 1679 esse
2111 1608 2422 1697 diceret;
2476 1626 2547 1681 et

416 1744 644 1815 quum
680 1720 768 1791 ad
806 1719 1084 1789 beatam
1117 1722 1331 1789 vitam
1360 1719 1644 1790 nullum
1680 1734 2128 1789 momentum
2166 1744 2248 1790 ea
2275 1744 2390 1790 res
2428 1720 2549 1791 ha·

416 1827 644 1917 beret,
687 1828 774 1899 ad
804 1829 1325 1925 appetitionem
1368 1844 1611 1901 autem
1648 1855 1916 1917 rerum,
1945 1853 2097 1900 esse
2126 1830 2199 1899 in
2247 1830 2357 1900 his
2388 1855 2549 1900 mo-

420 1953 658 2007 menta
709 1936 1104 2008 diceretw:
1161 1945 1367 2035 quasi
1418 1965 1593 2011 vero
1650 1940 1803 2012 haec
1857 1940 2208 2038 appetitio
2256 1964 2404 2010 non
2458 1939 2546 2011 ad

419 2049 680 2116 summi
726 2045 902 2117 boni
944 2047 1404 2146 adeptionem
1437 2054 1853 2148 pertineret.
1887 2048 2083 2140 Quid
2128 2065 2367 2120 autem
2411 2049 2543 2119 mi·
2585 2068 2655 2129 48

493 2241 539 2285 7.
563 2225 756 2288 Quibus.
789 2229 829 2275 1.
866 2244 912 2274 e.
951 2225 1095 2274 vobis
1124 2226 1351 2275 omnibus
1385 2240 1436 2278 et
1523 2240 1666 2278 esset.
1707 2230 1836 2277 Hinc
1869 2231 1958 2277 ista
1983 2246 2096 2277 vere
2122 2229 2285 2294 spuria
2313 2228 2547 2292 uncisque

421 2305 599 2353 Stoicis
621 2315 669 2351 et
692 2306 977 2354 Aristoucis.

492 2385 540 2432 8.
573 2385 765 2433 Non...
776 2385 901 2448 peti,
944 2389 1061 2434 Haec
1101 2387 1169 2433 sic
1206 2387 1439 2450 capienda

420 2472 532 2511 suut
544 2478 557 2512 :
571 2463 713 2510 «Non
728 2479 829 2510 esse
844 2464 1031 2512 veritati
1045 2476 1440 2524 consentaneum,

421 2556 661 2605 tamquam
675 2558 738 2589 ex
758 2543 847 2589 alia
870 2552 1058 2600 uatum,
1075 2559 1223 2606 quam
1244 2561 1354 2609 quae
1372 2557 1443 2593 est

420 2621 631 2669 hominis
653 2622 736 2681 (ex
766 2621 874 2668 solo
909 2623 1095 2684 animo)
1122 2621 1268 2670 finem
1304 2624 1444 2673 beate

423 2700 616 2748 vivendi
628 2716 964 2763 summumque
973 2700 1156 2749 bouum
1168 2702 1442 2761 desumere;

420 2778 483 2826 ab
499 2779 711 2827 homiui·
736 2790 896 2826 autem
915 2790 1112 2837 uatum,
1149 2782 1182 2829 i.
1205 2798 1247 2829 e.
1268 2781 1329 2829 ab
1356 2783 1414 2829 iia
1428 2817 1442 2841 ,

421 2874 530 2921 quae
551 2869 666 2905 sunt
682 2857 951 2905 secuudum
980 2871 1228 2919 naturum,
1264 2862 1446 2925 princi·

422 2937 500 3001 pia
520 2952 678 2985 rerum
693 2935 1013 2998 gerendarum
1029 2939 1279 3002 primaque
1293 2939 1444 2987 officii

424 3016 731 3063 fundamenta
758 3026 975 3079 repetere
990 3016 1110 3063 velle
1125 3039 1166 3063 ιι.
1182 3018 1246 3065 G.

492 3111 542 3156 9.
562 3096 621 3142 In
642 3091 822 3141 virente
846 3089 956 3159 [aue
978 3093 1146 3157 vicio}
1174 3098 1445 3144 Damnave-

424 3184 539 3220 runt
562 3174 728 3221 Davis.
753 3182 801 3219 et
837 3173 957 3220 Em.
996 3188 1074 3220 vv.
1107 3184 1199 3219 aut
1222 3173 1346 3220 vitio
1382 3174 1446 3220 ad

425 3267 604 3309 uncos,
641 3266 792 3314 quum
817 3265 987 3298 sensus
1022 3266 1085 3297 ex
1122 3251 1184 3299 iis
1210 3250 1447 3300 absurdus

423 3330 637 3377 exsistat.
665 3331 726 3376 Et
754 3339 914 3376 amant
949 3344 1063 3375 une
1088 3329 1261 3377 scribe
1287 3346 1445 3394 oppo-

422 3409 621 3457 nitiouee
641 3408 786 3456 textis
805 3409 1016 3466 inferre;
1052 3410 1119 3456 cf.
1151 3409 1215 3456 ad
1249 3409 1444 3457 Acadd.

423 3489 499 3547 11,
528 3503 586 3535 ια
605 3520 620 3546 ,
647 3488 732 3535 38.
753 3486 951 3549 Neque,
975 3488 1017 3534 ei
1037 3486 1131 3535 tale
1157 3487 1280 3551 quid
1301 3487 1443 3536 addi-

425 3577 562 3614 turus
579 3577 750 3614 auctor
768 3565 957 3623 fuisset,
983 3577 1073 3614 aut
1088 3602 1104 3624 ‚
1136 3566 1224 3615 sed
1252 3579 1303 3615 et
1321 3567 1440 3615 scri·

425 3647 596 3706 pauset
611 3681 626 3704 ,
665 3657 720 3693 ut
760 3646 801 3692 ei
838 3643 1082 3693 interdum
1128 3668 1154 3688 a·
1173 3646 1310 3695 bouo
1348 3663 1442 3695 ma·

422 3725 523 3773 lum
538 3759 555 3785 ,
598 3724 856 3775 honestum
888 3725 1021 3789 turpi
1047 3746 1069 3766 ι
1089 3758 1104 3783 ,
1133 3743 1195 3774 eo
1219 3727 1332 3775 loco
1355 3727 1444 3775 ad·

425 3805 497 3852 dit
515 3841 532 3866 ,
558 3804 646 3853 ubi
665 3820 836 3870 parum
861 3804 925 3852 ad
949 3815 1174 3854 contexta
1199 3807 1443 3870 pertinere

429 3883 664 3932 videntur.
701 3886 925 3948 Denique
965 3884 1105 3932 facile
1142 3885 1307 3933 videre
1348 3897 1445 3944 est,

429 3957 531 4006 hec
557 3962 918 4011 accommodata
943 3980 972 4010 ι
999 3962 1170 4010 scribis
1197 3979 1299 4010 esee
1326 3979 1442 4027 pro-

432 4038 558 4084 xime
576 4040 985 4101 precedentibus,
1013 4064 1034 4083 σ-
1055 4054 1228 4106 praeter
1247 4043 1446 4089 virtutes

430 4123 479 4159 et
502 4116 611 4161 vitia
630 4138 651 4157 ·
670 4152 685 4177 ,
707 4129 761 4166 ut
795 4122 1097 4185 comparatio
1135 4137 1194 4168 eo
1235 4121 1445 4184 pressior

1526 2309 1671 2373 digna
1692 2308 2034 2371 judIcavimus.
2054 2311 2117 2357 G.

1607 2404 1685 2438 ιο.
1733 2391 1800 2436 Ec
1843 2404 1992 2453 quum
2036 2389 2109 2435 ad
2149 2389 2343 2437 beatam
2387 2389 2549 2437 vitam

1528 2467 1713 2516 mellum
1748 2478 2040 2515 momentum
2072 2483 2134 2514 ea
2164 2484 2239 2514 res
2269 2466 2538 2517 haberet...

1531 2562 1631 2593 esse
1658 2545 1710 2615 {n
1742 2544 1817 2593 his
1860 2557 2106 2593 momenta
2147 2546 2344 2594 diceret.
2386 2549 2549 2610 Quum

1530 2626 1641 2673 VV.
1667 2626 1778 2672 DD.
1799 2640 1923 2689 quos
1946 2624 2157 2672 diximus
2173 2663 2187 2686 ,
2205 2625 2255 2672 in
2276 2628 2551 2690 praegrcesis

1532 2703 1764 2751 haeoereut
1784 2738 1799 2762 ‚
1829 2704 1913 2748 vix
1937 2713 2234 2766 potuerunt,
2260 2705 2381 2768 quin
2407 2706 2552 2753 etiam

1530 2783 1584 2830 iu
1623 2782 1702 2830 his
1741 2779 2064 2830 offenderent.
2093 2785 2258 2831 Πενία.
2291 2783 2420 2831 enim
2448 2800 2553 2831 eua-

1533 2860 1616 2908 det
1631 2895 1646 2919 ,
1675 2871 1884 2908 nectet-2
1907 2876 1981 2908 res
2003 2860 2233 2909 habereut
2253 2883 2295 2922 u,
2312 2861 2553 2926 probante

1531 2942 1720 2988 Ernest.
1751 2942 1908 2988 Brem.
1937 2940 1991 2986 in
2015 2949 2141 2988 nott.
2168 2956 2310 2987 mser.
2346 2960 2368 2982 ιι
2393 2953 2551 2988 cetera

1530 3018 1766 3066 habereut
1785 3041 1826 3064 n.
1854 3017 1950 3066 Sed
1978 3034 2038 3064 ea
2061 3033 2138 3064 res
2165 3029 2235 3064 est
2258 2996 2551 3081 prop'znsio,

1533 3108 1582 3144 et
1616 3096 1678 3144 ad
1718 3098 1808 3142 «in
1837 3095 1941 3152 his,
1969 3097 2020 3141 in
2047 3096 2225 3142 virtute
2249 3107 2334 3143 aut
2356 3097 2552 3155 vitio»,

1535 3174 1848 3238 cogitandum
1880 3188 1893 3221 τ
1933 3171 2030 3219 hoc
2066 3172 2165 3219 loci
2205 3188 2387 3222 sensu:
2451 3178 2554 3223 «Et

1534 3251 1650 3300 licet
1696 3251 1894 3317 quidem
1935 3250 1998 3298 ad
2046 3250 2233 3297 beatam
2277 3252 2421 3299 vitam
2462 3254 2554 3315 (ad

1533 3346 1774 3378 summum
1809 3329 1996 3378 bonum
2023 3328 2410 3396 adipiscendum)
2436 3348 2553 3394 pro-

1533 3409 1708 3474 pemio
1737 3409 1863 3457 nihil
1890 3411 2125 3458 momenti
2150 3411 2353 3467 faceret,
2383 3420 2554 3458 contra

1532 3500 1694 3536 tamen
1732 3488 1798 3537 ad
1836 3489 2188 3554 appetitionem
2229 3486 2557 3553 (propensio-

1531 3583 1643 3615 nem
1660 3602 1673 3627 ,
1702 3568 1765 3616 ed
1791 3584 1868 3617 res
1889 3567 2208 3633 appetendas)
2234 3569 2286 3616 iu
2311 3569 2487 3618 virtute
2508 3580 2556 3617 et

1534 3647 1657 3695 vitio
1701 3658 1941 3695 momenta
1989 3664 2089 3696 esse
2114 3669 2160 3697 ν.
2207 3647 2327 3694 Vult
2370 3660 2555 3707 auctor,

1533 3727 1678 3774 «vim
1705 3727 1902 3791 quidem
1939 3728 1992 3775 iu
2024 3743 2101 3774 ree
2134 3727 2431 3791 appetendae
2465 3730 2559 3775 vii·-

1537 3817 1690 3855 tutem
1731 3815 1781 3853 ct
1815 3806 1986 3853 vitium
2027 3822 2275 3864 exserere,
2317 3822 2418 3854 uon
2453 3808 2560 3869 yice

1533 3901 1671 3933 verca
1690 3907 1733 3933 u.
1762 3883 1813 3933 Si
1848 3900 1966 3932 vero
2002 3887 2192 3933 Erneot.
2231 3901 2322 3949 pro
2359 3897 2519 3934 autem
2540 3920 2556 3943 ,

1534 3974 1699 4012 tamen
1727 3964 1904 4027 corrigi
1928 3962 2085 4024 jubet,
2105 3980 2276 4028 parum
2305 3964 2557 4021 intellexit,

1534 4058 1663 4107 αρε
1684 4042 1814 4089 hanc
1838 4043 2124 4107 particulam
2151 4045 2337 4091 auctori
2365 4054 2559 4100 contra,

1534 4138 1566 4168 a
1589 4120 1844 4168 contraria
1858 4132 1999 4185 parte
2013 4155 2028 4179 ,
2051 4121 2228 4171 valere.
2251 4122 2312 4168 G.
