3217 4784
497 431 1963 455 mmmmmmmmmmmmmmws
1973 429 2341 452 mun-usus
2352 436 2430 453 m
2440 437 2617 455 mm

828 643 1001 761 M.
1072 640 1215 759 T.
1281 633 2304 765 CICERONIS

498 892 646 967 DE
698 885 1161 967 F1N1ssus
1216 884 1779 965 BONORUM
1830 887 1973 965 ET
2023 844 2624 989 ΜΑιόΒυΜ,

1033 1079 1124 1184 Α
1158 1078 1248 1179 D
1349 1081 1428 1179 B
1456 1080 1545 1177 R
1573 1079 1664 1180 U
1699 1080 1785 1179 T
1814 1075 1909 1178 U
1935 1080 2104 1204 M,

1157 1294 1455 1363 LIBER
1503 1293 1968 1363 TERTIUS.

504 1663 557 1727 Ι.
611 1614 1156 1728 VoLuP'rATEM
1217 1651 1584 1749 quidem¹,
1638 1657 1892 1735 Brute,
1930 1653 1989 1722 si
2036 1655 2191 1750 ipsa
2228 1678 2365 1751 pro
2404 1680 2478 1727 se
2521 1659 2629 1729 lo·
2673 1705 2697 1739 1

503 1781 790 1863 quatur,
838 1788 974 1834 nec
1025 1777 1168 1832 tam
1229 1764 1635 1858 pertinaces
1689 1759 1955 1831 habeat
2010 1775 2357 1858 patronos
2385 1818 2405 1852 ‚
2460 1790 2634 1838 con-

504 1900 866 1946 cessuram
906 1871 1242 1960 arbitror,
1282 1874 1687 1942 convictam
1732 1873 2102 1968 superiore
2137 1871 2324 1943 libro
2347 1929 2366 1962 ,
2402 1874 2633 1972 digni-

503 1988 631 2055 tati
646 1984 991 2054 ².Etenirn
1008 1984 1096 2053 sit
1124 1981 1505 2081 impudens
1524 1977 1578 2069 3,
1595 1983 1655 2052 si
1673 1982 1922 2051 virtuti
1955 1979 2222 2054 diutius
2244 2003 2629 2084 repugnet,

505 2108 629 2162 aut
678 2094 736 2161 si
778 2092 1097 2161 honestis
1139 2092 1462 2187 jucunda
1508 2105 1939 2188 anteponat,
1981 2096 2158 2161 aut⁴
2209 2094 2436 2191 pluris
2473 2121 2627 2169 esse

576 2295 614 2341 Ι.
646 2308 686 2339 ι.
715 2294 1012 2356 Voluptatem
1040 2292 1253 2356 quidem.
1277 2296 1410 2341 Ante
1425 2295 1524 2339 Da-

502 2372 596 2419 vis.
626 2370 848 2434 equidem
877 2371 1163 2434 vulgabatur
1186 2384 1200 2418 :
1229 2371 1316 2419 sed
1345 2382 1400 2419 ut
1437 2388 1525 2419 sex

504 2449 648 2511 hujus
678 2450 847 2513 scripti
884 2467 996 2497 cum
1023 2452 1304 2498 Victoriana
1332 2450 1523 2515 quidem

505 2528 768 2587 exhibent;
794 2529 857 2575 ita
881 2528 1036 2575 nostri
1058 2544 1252 2585 omnes,
1274 2529 1373 2576 duo
1393 2532 1523 2581 Oxx.

504 2609 558 2654 P.
584 2609 733 2654 Mars.
763 2608 892 2654 Crat.
920 2605 1136 2670 editique
1159 2618 1278 2654 vett.
1304 2607 1524 2673 plerique

504 2685 634 2733 idem
662 2685 968 2732 conflrmant-
996 2685 1245 2733 Falluntur
1261 2687 1413 2744 enim,
1439 2690 1524 2751 qui

503 2765 726 2828 equidem
753 2780 846 2829 pro
866 2762 1057 2827 quidem
1081 2764 1366 2827 simpliciter
1391 2782 1417 2812 a
1439 2766 1522 2814 Ci-

506 2860 683 2891 cerone
725 2843 846 2906 poni
891 2852 1124 2889 statuunt.
1169 2844 1255 2891 Est
1292 2842 1372 2890 hic
1420 2861 1525 2892 mos

505 2923 697 2970 serioris
736 2921 944 2967 maxime
989 2922 1171 2979 aetatis,
1207 2937 1315 2984 quae
1359 2926 1525 2970 nescio

506 3018 651 3065 quam
675 2999 959 3062 elegantiam
981 2999 1032 3044 in
1057 2999 1275 3062 equidem
1297 3001 1360 3047 ad
1384 3001 1522 3061 alias,

507 3091 683 3144 praeter
726 3079 957 3143 primam,
996 3095 1228 3141 personas
1268 3082 1520 3142 ponenda,

507 3162 695 3223 quaerit.
735 3158 907 3221 Neque
952 3174 1065 3205 sane
1103 3157 1314 3205 dubitari
1347 3158 1490 3207 debet
1509 3194 1524 3219 ‚

508 3239 633 3285 hanc
652 3249 774 3303 part.
798 3252 891 3302 pro
911 3253 998 3302 ego
1022 3237 1213 3300 quidem
1236 3237 1381 3301 poni,
1401 3254 1527 3301 quae-

508 3333 714 3380 cumque
751 3317 894 3364 etiam
931 3331 1043 3362 cum
1084 3315 1190 3361 aliis
1227 3315 1528 3374 Schellerus,

507 3409 563 3444 ut
576 3399 768 3460 saepius‚
787 3397 850 3442 ita
871 3396 1079 3459 maxime
1091 3394 1332 3442 Observv.
1352 3411 1402 3458 p.
1431 3413 1446 3441 ι
1465 3412 1486 3442 1
1500 3412 1521 3442 ι

508 3493 580 3539 sq.
613 3485 813 3522 monet:
846 3490 957 3520 nam
985 3473 1037 3519 id
1065 3473 1171 3520 loca
1204 3473 1384 3537 reliqua
1419 3472 1530 3521 infi-

509 3556 617 3602 nito
662 3568 863 3600 numero
904 3552 1030 3599 clare
1068 3563 1417 3601 contestantur.
1453 3556 1528 3601 De

509 3633 707 3697 reliquis
732 3642 859 3679 auct.
879 3641 995 3678 vett.
1018 3646 1149 3677 nunc
1178 3631 1374 3695 quidem
1401 3643 1529 3679 tace·

509 3728 654 3761 mus:
699 3728 807 3777 quae
846 3722 1009 3759 autem
1045 3728 1105 3759 ex
1148 3713 1383 3760 Cicerone
1418 3713 1525 3760 loca

509 3792 796 3853 afferuntur,
841 3807 894 3838 ea
938 3792 1042 3837 sine
1092 3792 1377 3855 exceptione
1426 3794 1529 3851 ejus

512 3871 699 3932 generis
723 3880 867 3928 sunt,
893 3881 949 3917 ut
977 3870 1114 3917 facile
1140 3886 1201 3917 ex
1226 3869 1530 3933 praecedente

514 3949 698 4013 syllaba
728 3966 755 3997 e
781 3950 1105 3997 adhaerescere
1133 3950 1364 4012 potuerit.
1402 3951 1531 3997 Prae-

516 4027 645 4073 cedit
674 4029 801 4075 enim
839 4029 890 4076 in
927 4028 1062 4088 istis,
1104 4043 1212 4091 quae
1248 4027 1531 4086 laudantur,

516 4102 639 4151 locis
655 4107 830 4170 partim
849 4124 876 4155 c
891 4141 906 4167 ‚
921 4107 1096 4173 partim
1116 4124 1142 4155 e
1155 4124 1173 4155 .·
1192 4106 1324 4173 quod
1345 4107 1462 4155 item
1481 4106 1533 4154 h.

1612 2291 1647 2339 l.
1677 2289 1827 2349 valet,
1859 2306 2011 2354 quum
2033 2309 2080 2339 m
2099 2293 2278 2341 lineola
2310 2299 2635 2362 superscripta

1613 2386 1641 2416 a
1668 2369 1872 2417 librariis
1899 2371 2057 2417 notari
2083 2371 2264 2430 soleat,
2294 2384 2347 2421 ut
2371 2392 2395 2420 s
2420 2376 2471 2422 in
2499 2375 2638 2425 finali

1613 2448 1796 2513 syllaba
1817 2464 1893 2508 es,
1910 2450 2015 2497 Att.
2041 2452 2194 2509 xm,
2220 2468 2303 2516 ep.
2327 2457 2425 2512 26,
2455 2454 2542 2504 fin.
2569 2458 2638 2504 At

1613 2543 1705 2590 pro
1744 2528 1874 2575 Sext.
1910 2528 1994 2587 57,
2040 2544 2166 2587 122,
2199 2532 2378 2590 verba,
2415 2534 2636 2598 equidem

1613 2605 1957 2663 audiebamus,
1982 2605 2240 2671 multiplici
2265 2610 2327 2657 de
2350 2626 2490 2660 causa
2515 2614 2637 2678 glos-

1576 2692 1585 2699 *
1612 2699 1712 2730 sam
1739 2683 1949 2746 sapiunt.
1976 2684 2051 2732 Cf.
2073 2686 2273 2734 inferius
2294 2687 2326 2753 S
2352 2706 2401 2752 9.
2432 2692 2494 2740 G.

1684 2779 1737 2810 α.
1796 2762 2161 2810 Concessuram·
2184 2800 2198 2813 .
2220 2802 2232 2812 .
2281 2767 2528 2832 dignitati.
2577 2774 2637 2819 In

1608 2842 1685 2888 his
1712 2857 1772 2888 ne
1794 2840 1998 2903 haereas,
2024 2845 2139 2892 W.
2165 2846 2278 2893 DD.
2300 2863 2473 2909 parum
2498 2865 2638 2897 cave-

1611 2933 1742 2971 runt.
1786 2923 2132 2971 Concessuram
2178 2925 2307 2973 valet
2351 2944 2597 2976 cessuram
2616 2948 2637 2985 ,·
2686 2926 2692 2933 ’

1609 3013 1738 3048 amat
1780 3002 1909 3049 enim
1951 3012 2124 3049 auctor
2165 3002 2262 3049 hoc
2311 3007 2636 3069 compositum

1609 3096 1704 3144 pro
1720 3080 1927 3143 simplici
1941 3081 2172 3143 positum.
2187 3081 2442 3145 Dignitati
2457 3096 2638 3145 autem,

1611 3159 1849 3206 abstracte
1872 3174 1981 3205 cum
2002 3159 2050 3205 vi
2071 3174 2161 3223 pro
2182 3181 2207 3199 «ι
2228 3161 2414 3208 aemulae
2439 3161 2635 3226 dignio-

1613 3238 1678 3294 ri,
1699 3253 1841 3300 quam
1869 3236 1971 3299 ipsa
1995 3248 2067 3284 est
2089 3259 2114 3278 n
2135 3272 2150 3296 ,
2181 3238 2374 3288 dicitur.
2404 3240 2637 3291 Similiter

1615 3315 1773 3361 Graeci
1794 3315 2051 3382 συγχωρεῖν
2073 3311 2463 3372 ἀξιότητι.Ῡοι·1)α
2478 3332 2637 3369 autem

1613 3394 1932 3442 convictam..
1947 3430 1958 3440 .
1981 3395 2101 3443 libro
2116 3430 2133 3452 ‚
2162 3396 2388 3444 consulto
2414 3399 2638 3465 interpo-

1615 3472 1703 3519 sita
1718 3472 1987 3535 putabis‚ut
2001 3490 2100 3521 vox
2110 3474 2335 3540 dignitati
2345 3494 2404 3526 eo
2419 3481 2639 3541 graviore

1614 3551 1830 3615 pondere
1853 3553 2116 3601 clausulam
2136 3568 2415 3619 occuparet.
2443 3561 2506 3608 G.

1688 3630 1735 3676 3.
1761 3631 1947 3678 Etenim
1967 3633 2032 3679 sit
2058 3633 2328 3698 impudens.
2357 3636 2434 3685 Ex
2461 3641 2640 3689 verbo-

1615 3726 1724 3756 rum
1746 3710 2086 3758 collocationis
2111 3712 2299 3760 ratione
2319 3730 2430 3763 cum
2457 3735 2642 3767 asseve-

1618 3789 1802 3836 ratione
1825 3789 2106 3854 accipienda
2130 3802 2259 3839 sunt.
2289 3793 2351 3839 G.
2389 3821 2460 3831 —
2491 3799 2641 3845 Intel-

1617 3868 1712 3931 lige
1733 3883 1745 3915 ε
1776 3869 2065 3932 Imprudens
2088 3870 2153 3917 sit
2172 3882 2368 3934 oportet
2391 3875 2456 3932 si,
2494 3887 2585 3925 etc.

1693 3955 1738 4002 4.
1776 3949 1895 3994 Aut.
1916 3982 1929 3994 .
1952 3979 1966 3993 .
1996 3958 2098 3995 aut.
2126 3948 2324 4013 Duplex
2359 3964 2449 4000 aut
2479 3970 2644 4018 aperte

1621 4026 1907 4088 explicantis
1945 4036 2045 4087 est,
2082 4043 2178 4090 qua
2209 4029 2260 4074 vi
2293 4030 2498 4093 positam
2534 4036 2642 4083 VV-

1625 4107 1737 4153 DD.
1764 4105 1907 4153 toties
1925 4104 2178 4156 lacessunt.
2202 4107 2266 4155 G.

2287 4216 2398 4263 21.
