3217 4784
556 1039 623 1099 94

670 463 811 556 278

1344 462 1443 530 M.
1490 463 1567 530 T.
1620 461 2105 532 CICERONIS

662 580 1118 681 perferebat?
1143 586 1292 655 Nec
1334 596 1577 654 tamen
1613 586 1830 654 miser
1866 606 2057 670 esse,
2093 583 2264 678 quia
2305 603 2670 653 summum
2706 585 2777 655 id

663 692 933 762 malum
975 715 1126 761 non
1160 707 1313 763 erat
1333 746 1353 777 ‚
1388 690 1896 764 tantummodo
1931 689 2335 762 laboriosus
2380 689 2776 764 videbatur.

657 807 753 874 At
777 806 1019 893 miser,
1049 804 1107 874 si
1151 807 1226 874 in
1254 805 1509 875 vitiosa
1540 819 1614 875 et
1652 800 1999 900 flagitiosa
2032 805 2177 872 vita
2195 811 2260 844 ²²
2298 799 2624 872 afflueret
2657 826 2781 874 vo-

659 912 1073 1011 luptatibuS.

753 1026 1009 1093 XXIX.
1069 1021 1289 1112 Quod
1349 1037 1592 1094 autem
1656 1044 1994 1119 magnum
2046 1019 2377 1092 dolorem
2438 1018 2732 1092 brevem
2758 1077 2777 1109 ,

658 1130 1137 1230 longinquum
1204 1133 1431 1204 levem
1500 1156 1656 1204 esse
1709 1131 2033 1203 dicitis1:
2085 1128 2164 1201 id
2218 1154 2367 1200 non
2413 1129 2775 1228 intellige,

655 1240 869 1337 quale
923 1243 1033 1313 sit.
1092 1242 1321 1314 Video
1378 1245 1574 1315 enim
1635 1256 1708 1314 et
1754 1264 2091 1338 magum,
2131 1254 2203 1311 et
2247 1239 2537 1310 eosdem
2588 1239 2778 1313 bene

653 1348 1092 1449 longinquos
1134 1351 1457 1442 dolores,
1514 1372 1832 1449 quorum
1886 1349 2019 1421 alia
2058 1350 2392 1422 toleratio
2413 1360 2442 1393 ²
2488 1366 2598 1422 est
2661 1376 2775 1423 ve-

653 1517 920 1572 propsgata
961 1523 1050 1572 per
1078 1508 1198 1556 Em.
1234 1518 1283 1556 et
1317 1506 1590 1561 Bremium.
1625 1518 1676 1556 et

651 1601 741 1650 per
764 1586 892 1651 Spir.
916 1586 1019 1636 Eri.
1044 1586 1190 1636 Mars.
1227 1596 1277 1634 et
1310 1586 1441 1637 Crat.
1483 1585 1678 1635 confir·

650 1674 803 1727 παυς
828 1676 1021 1729 recepta
1037 1676 1112 1714 est
1127 1675 1290 1714 sutem
1310 1665 1374 1714 ab
1394 1665 1484 1714 ino
1508 1665 1671 1714 tseite.

650 1742 762 1792 Β...
779 1765 801 1787 ι
823 1745 905 1791 Dii
924 1744 1242 1804 immortales,
1269 1760 1393 1809 quos
1405 1745 1490 1793 ille
1507 1767 1551 1793 n.
1573 1745 1674 1808 Qui

651 1821 759 1886 ipse
772 1823 895 1871 ordo
905 1839 994 1888 per
1009 1840 1061 1872 se
1073 1824 1272 1888 quidem
1285 1824 1675 1873 contemnendus

651 1914 755 1950 non
787 1913 878 1950 est.
904 1902 1152 1968 Explicari
1186 1903 1301 1952 inde
1325 1904 1468 1951 etim
1492 1903 1637 1951 liceat
1657 1936 1674 1964 ,

651 1981 815 2028 curin
831 1980 980 2029 codd.
1009 1980 1286 2039 nonnulfis,
1319 1998 1367 2031 v.
1393 1997 1441 2031 c.
1461 1981 1593 2030 Gud.
1613 1997 1670 2036 α,

651 2059 875 2123 proxime
912 2070 1024 2108 aute
1057 2059 1141 2108 diu
1175 2059 1431 2109 exciderit.
1472 2060 1569 2109 Sed
1609 2077 1673 2108 ex

650 2138 742 2185 bac
769 2136 950 2201 triplici
983 2137 1081 2186 loci
1115 2140 1491 2205 transpositione
1509 2173 1524 2200 ‚
1568 2155 1676 2188 non

654 2214 757 2263 sine
787 2216 888 2263 veri
915 2217 1105 2280 specie,
1127 2238 1149 2260 ι
1180 2220 1349 2281 Quos,
1375 2217 1447 2267 dii
1470 2218 1674 2267 immor·

652 2293 799 2353 tsles,
834 2298 960 2357 quos
984 2294 1065 2343 ille
1080 2317 1105 2338 ιι
1130 2298 1411 2358 conjeceris.
1441 2297 1672 2347 ceterum

653 2372 800 2421 lectio
817 2388 846 2420 a
862 2374 1064 2422 stisio
1080 2376 1290 2439 reposita
1301 2412 1320 2440 ,
1345 2378 1567 2426 omnium
1582 2378 1677 2425 mi-

654 2452 784 2500 nime
807 2452 1062 2518 probanda
1085 2465 1174 2503 est.
1198 2457 1261 2504 G.

725 2546 811 2579 au.
845 2535 906 2581 In
953 2531 1136 2582 vitiosa
1176 2544 1226 2581 ee
1242 2535 1513 2601 flagitiosa
1537 2535 1670 2586 vita.

655 2610 826 2660 Nostri
843 2627 1010 2660 omnes
1024 2645 1040 2671 ,
1061 2612 1186 2659 serie
1202 2624 1411 2673 mutata,
1430 2614 1668 2679 biflage’e.

654 2699 705 2736 et
725 2687 904 2736 vitiosa
936 2705 995 2739 v.
1024 2691 1148 2752 Qun
1173 2689 1275 2753 ipsa
1318 2691 1515 2740 defendi
1539 2705 1670 2742 necte

654 2776 849 2830 potest,
912 2767 955 2814 si
984 2778 1031 2815 ee
1065 2782 1157 2831 pro
1182 2767 1671 2835 ecmninoaccepe-

654 2843 750 2902 ris,
792 2855 847 2894 ut
889 2861 1018 2911 sepe
1060 2846 1255 2895 dicitur.
1293 2846 1448 2894 Simili
1482 2849 1670 2899 ratione

653 2925 832 2988 sapius
844 2924 1151 2993 flagitiosum
1176 2937 1227 2973 et
1260 2934 1400 2991 turpe
1432 2928 1668 2991 jungitur.

653 3005 715 3052 In
737 3005 793 3052 E.
817 3016 868 3053 et
888 3000 931 3063 ξ.
951 3020 1030 3052 vv.
1049 3015 1099 3051 et
1112 3003 1298 3053 vitiosa
1314 3004 1519 3067 ebsnut;
1541 3007 1671 3055 unde

652 3100 767 3133 sane
801 3085 907 3150 ipsa
941 3100 998 3133 ex
1038 3084 1195 3148 glossa
1230 3085 1474 3149 irrepsisse
1509 3087 1670 3149 putari

651 3164 808 3211 liceat.
820 3163 916 3213 Sed
941 3180 1093 3227 quum
1117 3163 1171 3212 hi
1196 3163 1301 3212 bini
1325 3164 1474 3213 codd.
1490 3164 1670 3229 ubique

652 3236 749 3291 lere
800 3246 1000 3293 seorsim
1040 3244 1282 3303 sentiaut3
1325 3244 1562 3309 facileque
1605 3262 1670 3293 ex

654 3322 1027 3384 transpositione
1051 3322 1132 3370 illa
1152 3322 1377 3372 excidere
1393 3325 1670 3389 potum-inu

652 3412 900 3462 quumque
909 3398 1118 3463 denique
1128 3410 1300 3451 auctor
1308 3401 1384 3450 vel
1394 3403 1510 3451 alias
1519 3405 1667 3453 Tune.

653 3477 708 3534 1,
730 3476 822 3535 30,
852 3492 915 3537 7²
941 3512 956 3537 ,
984 3492 1007 3522 ι
1028 3478 1149 3526 vitia
1173 3488 1221 3526 et
1240 3478 1417 3544 flagitis
1439 3482 1669 3531 domesti-

652 3568 743 3599 ca·-
765 3553 941 3603 dixerit
961 3556 1041 3606 :in
1059 3556 1249 3621 vulg-ts
1261 3559 1668 3623 acquiescendum

651 3646 754 3680 esse
771 3631 1110 3691 judicsvimus.
1125 3638 1191 3686 G.

722 3711 918 3761 1111.
950 3729 994 3762 t.
1024 3714 1170 3778 [aug.
1190 3714 1337 3763 levem
1363 3731 1464 3765 esse
1481 3716 1663 3766 dicitis.

650 3789 784 3839 Goer.
825 3790 952 3843 delet
990 3807 1105 3840 esse.
1142 3795 1252 3843 Hoc
1269 3827 1286 3855 ,
1320 3796 1480 3858 inquit
1496 3829 1513 3855 ,
1553 3810 1665 3843 cum

650 3866 781 3932 Spir.
812 3879 859 3916 et
894 3868 996 3917 Erl.
1029 3870 1312 3932 abjecimus.
1347 3875 1577 3922 Peccator
1600 3872 1664 3920 sb

647 3958 853 4011 utraque
886 3959 1058 4013 ραι-ιη
1095 3966 1204 3997 uam
1239 3951 1411 4000 scribe
1446 3951 1627 4015 pariter
1646 3984 1661 4011 ‚

646 4039 794 4092 atque
815 4029 927 4075 VV.
948 4029 1060 4077 DD.
1080 4045 1183 4077 esse
1202 4040 1305 4078 tum
1327 4030 1540 4087 addunt,
1561 4039 1662 4077 tum

649 4106 844 4165 delent,
876 4107 962 4155 ubi
998 4109 1068 4155 sic
1106 4105 1212 4159 fleri
1240 4108 1416 4171 partim
1451 4108 1663 4156 auctoris

648 4199 761 4233 usus
780 4219 794 4245 ,
816 4187 992 4250 partim
1010 4186 1445 4253 liuguaeingeniuru
1468 4198 1661 4248 vetant;

1760 1505 2113 1572 multiplexque
2154 1506 2209 1554 in
2241 1523 2298 1554 ea
2335 1522 2387 1554 re
2425 1517 2473 1554 et
2513 1508 2776 1572 preceptio

1760 1598 1836 1636 eat
1849 1621 1864 1646 ,
1884 1596 1934 1634 et
1951 1587 2131 1635 cautio.
2144 1584 2251 1634 Nos
2262 1583 2459 1648 quidem
2475 1619 2491 1644 ‚
2507 1601 2570 1633 ne
2583 1585 2778 1649 lougius

1760 1665 1985 1714 abeamus
1999 1700 2017 1727 ,
2036 1664 2132 1713 hoo
2151 1665 2252 1726 ism
2269 1701 2284 1726 ,
2307 1664 2360 1713 iu
2383 1664 2534 1713 breve
2557 1681 2779 1729 compre·

1759 1744 1962 1793 hemum
1977 1780 1994 1806 ,
2017 1757 2278 1808 ponamus.
2309 1747 2480 1792 Levent
2501 1759 2604 1792 esse
2627 1745 2738 1791 daho
2757 1779 2774 1807 ,

1759 1824 1924 1872 additu
1951 1821 2104 1871 modo
2137 1823 2363 1885 ratione,
2394 1838 2483 1870 cur
2515 1822 2626 1886 quis
2655 1822 2775 1869 levis

1753 1902 2027 1964 judicetur,
2061 1901 2211 1949 scribi
2250 1913 2381 1951 recte
2415 1900 2548 1950 licet.
2593 1902 2774 1950 Contra

1759 1996 1875 2029 vero
1900 1981 2048 2029 levem
2066 1979 2178 2028 dico
2195 1989 2297 2029 tutu
2310 2015 2326 2039 ‚
2346 1980 2387 2027 si
2407 1978 2619 2043 simplici
2640 1978 2777 2026 dicto

1759 2060 1966 2124 aliquem
2012 2059 2157 2107 tsleui
2195 2058 2479 2124 pronuntio.
2517 2059 2666 2107 Ratio
2703 2069 2776 2106 est

1756 2139 1811 2187 in
1829 2149 2129 2188 asseverante
2151 2141 2203 2187 vi
2226 2138 2366 2188 verbi
2391 2137 2700 2187 substantivi.
2718 2136 2777 2186 Id

1757 2219 1895 2285 quod
1912 2220 2064 2284 magis
2076 2219 2217 2268 etism
2237 2217 2448 2283 patebit,
2468 2218 2512 2265 si
2528 2233 2632 2266 esse
2642 2227 2776 2281 post·

1757 2299 1998 2365 posueris.
2033 2299 2098 2349 N.
2125 2301 2192 2348 D.
2221 2300 2271 2356 1,
2306 2306 2400 2356 14,
2435 2299 2532 2354 36,
2558 2294 2776 2344 «aethera

1758 2380 1904 2428 deum
1926 2379 2045 2428 dicit
2068 2395 2170 2426 esse
2189 2400 2214 2421 u
2230 2412 2244 2436 ,
2270 2377 2354 2425 ubi
2383 2376 2509 2424 msle
2534 2378 2651 2424 Bru.
2676 2389 2777 2423 esse

1758 2457 1953 2507 delevit.
1980 2458 2056 2505 ct.
2085 2456 2187 2503 off.
2215 2456 2295 2512 11,
2331 2456 2395 2503 15
2413 2489 2430 2515 ‚
2460 2470 2484 2513 7
2512 2467 2526 2501 τ
2559 2475 2585 2494 σι
2603 2452 2776 2501 melius

1754 2537 1897 2584 etiam
1916 2567 1933 2593 ,
1959 2533 2093 2596 qnod
2120 2532 2424 2595 largitionem
2452 2531 2576 2578 dixit
2602 2545 2706 2578 esse
2722 2552 2768 2579 n.

1755 2613 1883 2662 Vide
1930 2611 2129 2659 interius
2169 2609 2230 2657 31
2257 2644 2274 2670 ,
2322 2623 2450 2668 102,
2484 2608 2550 2656 ad
2587 2608 2771 2669 verba,

1755 2714 1780 2733 ιι
1799 2706 1943 2755 quem
1971 2703 2023 2737 se
2047 2704 2149 2737 esse
2174 2687 2279 2736 vult
2296 2707 2339 2735 n.
2366 2688 2458 2735 His
2484 2687 2772 2751 premissis,

1754 2785 1857 2818 esse
1887 2768 1940 2818 h.
1978 2768 2015 2816 l.
2049 2766 2128 2815 vel
2152 2766 2255 2814 sine
2293 2763 2444 2813 codd.
2483 2765 2772 2814 auctoritate

1753 2846 2080 2912 improbnbis3
2102 2845 2266 2895 valent
2291 2843 2420 2893 euim
2446 2844 2552 2892 heo
2572 2842 2634 2891 de
2649 2844 2770 2891 sim·

1754 2929 1874 2995 plici
1894 2928 2095 2994 Epicuri
2113 2926 2264 2985 dicto,
2290 2922 2477 2992 Κυρὶων
2498 2917 2648 2980 δοξῶν
2668 2924 2770 2981 1V;

1754 3008 1917 3072 itaque
1943 3006 2120 3056 delevi.

1826 3102 1876 3138 2.
1907 3089 2123 3152 Quot-mn
2142 3084 2246 3132 alia
2265 3082 2501 3132 toleratio.
2528 3083 2624 3129 Pro
2645 3086 2771 3145 'quo-

1754 3182 1864 3213 rum
1887 3166 2032 3214 refert
2065 3163 2195 3214 Gud.
2223 3172 2424 3225 uterque
2453 3172 2503 3209 et
2521 3162 2630 3210 Bas.
2658 3177 2770 3208 cum

1755 3255 1968 3309 quatuor
1986 3247 2186 3293 Oxonn.
2205 3240 2445 3305 editisque
2461 3250 2582 3289 vett.
2592 3239 2772 3297 multis.
2851 3242 2857 3249 ‘

1756 3339 2006 3387 qua-nans.
2047 3321 2217 3371 Ursini
2253 3319 2372 3371 cod.
2412 3319 2678 3383 quoedam3
2718 3329 2772 3365 ut

1754 3412 1865 3451 ente
1907 3403 2053 3451 Grut.
2094 3400 2282 3448 editum
2329 3409 2415 3447 est.
2456 3398 2551 3446 Sed
2594 3396 2674 3444 hic
2711 3411 2771 3443 ex

1755 3479 1860 3530 Pal.
1918 3496 1940 3528 ι
1988 3493 2196 3544 qnorum
2246 3475 2385 3524 dedit
2405 3510 2423 3536 ‚
2472 3473 2774 3523 firmantibus

1752 3559 1881 3608 idem
1921 3559 2051 3623 Spir.
2091 3557 2192 3605 Erl.
2220 3567 2270 3604 et
2295 3556 2424 3604 Crat.
2461 3555 2514 3601 in
2543 3554 2769 3615 margine.

1753 3636 1916 3686 Recte:
1925 3637 1996 3686 sic
2009 3637 2138 3685 enim
2147 3635 2328 3682 arctius
2335 3642 2561 3680 contexta
2571 3640 2769 3677 coeunt.

1753 3717 1953 3765 Davisio
1983 3717 2124 3764 etiam
2159 3711 2383 3761 toleratio
2409 3708 2659 3773 displicet,
2683 3707 2767 3755 sed

1751 3796 1833 3845 hic
1866 3797 1908 3843 si
1935 3792 2179 3844 8010de
2208 3788 2333 3838 ratio
2379 3786 2549 3837 sudet
2564 3818 2582 3845 ,
2617 3800 2770 3832 mer-as

1752 3875 2030 3939 glossstoris
2047 3882 2208 3937 partes
2231 3868 2331 3932 agit
2353 3881 2368 3916 ε
2397 3881 2524 3929 saepe
2551 3864 2680 3911 enisu
2709 3863 2770 3912 de

1751 3952 2166 4001 substantivorum
2213 3947 2267 3993 in
2303 3944 2353 3992 io
2392 3942 2525 4007 opud
2565 3942 2675 3991 Cic.
2720 3945 2767 3991 vi

1751 4032 1932 4095 egimus
1950 4063 1966 4088 ,
1997 4043 2089 4091 qua
2117 4026 2188 4074 rei
2220 4023 2346 4072 ratio
2378 4032 2592 4071 notatur.
2616 4024 2692 4070 De
2714 4038 2763 4072 v.

1743 4107 1976 4175 pag-lectio
1990 4104 2139 4154 modo
2155 4103 2370 4152 vidimus
2388 4103 2420 4167 S
2439 4103 2522 4150 88.
2542 4101 2768 4152 Pluribus

1749 4185 2013 4250 interjectis
2031 4219 2048 4248 ,
2094 4206 2118 4229 ι
2150 4184 2237 4249 qui
2270 4182 2572 4235 honestatem
2612 4182 2764 4251 ipsam
