3217 4784
827 442 950 510 DE
996 445 1426 514 FJN.·BON.
1469 448 1584 514 ET
1631 446 1847 514 MAL.
1903 450 1969 528 1,
2030 469 2135 512 ιι).
2450 471 2526 541 7¹

434 562 884 658 praesentium
921 561 1374 661 voluptatum
1401 564 1679 637 deliniti
1713 580 1928 661 atque
1964 567 2320 662 corrupti,
2359 591 2543 663 quos

435 669 720 741 dolores
757 684 829 743 et
861 696 1041 768 quas
1068 671 1423 746 molestias
1451 679 1821 775 excepturi
1855 676 2027 762 sint,
2064 677 2392 746 occaecati
2429 701 2544 748 cu·

436 783 734 880 piditate
772 809 921 855 non
965 774 1380 881 provident3
1419 790 1775 886 similique
1811 803 1980 860 sunt
2017 791 2090 858 in
2130 788 2375 887 culpa,
2415 774 2544 886 qui

439 890 673 964 officia
722 893 1063 966 deserunt
1112 884 1410 967 mollitia
1462 899 1720 983 animi,
1759 897 1834 968 id
1890 911 2031 985 est,
2088 895 2419 967 laborum
2473 912 2545 969 et

440 1005 775 1077 dolorum
804 1005 992 1103 fuga.
1026 1012 1117 1079 Et
1156 1008 1411 1081 harum
1443 1010 1745 1108 quidem
1779 1034 2020 1081 rerum
2064 1009 2283 1082 facilis
2323 1025 2431 1083 est
2473 1025 2547 1083 et

441 1114 772 1213 expedita
824 1115 1203 1189 distinctio.
1252 1123 1430 1190 Nam
1475 1119 1705 1191 libero
1755 1133 2116 1215 tempore,
2157 1142 2385 1215 quum
2427 1142 2537 1189 so-

371 1280 375 1285 .
444 1225 593 1295 luta
615 1223 823 1298 nobis
842 1241 944 1297 est
966 1227 1273 1325 eligendi
1300 1232 1501 1326 optio
1520 1241 1575 1317 ⁷,
1603 1252 1978 1325 quumque
2004 1226 2184 1297 nihil
2218 1226 2545 1324 impedit,

448 1357 598 1429 quo
646 1336 882 1407 minus
926 1336 1031 1424 id,
1072 1338 1270 1436 quod
1312 1341 1619 1409 maxime
1669 1339 1983 1436 placeat,
2032 1334 2260 1411 facere
2318 1342 2545 1435 possi·

444 1467 644 1533 mm,
695 1449 931 1516 omnis
996 1448 1326 1545 voluptas
1386 1447 1810 1519 assumenda
1858 1461 2002 1532 est,
2060 1449 2293 1518 omnis
2344 1447 2552 1517 dolor

442 1552 895 1651 repellendus
909 1552 963 1625 ⁸.
1002 1554 1476 1654 Temporibus
1507 1570 1748 1627 autem
1785 1552 2214 1651 quibusdam
2229 1566 2286 1640 9,
2324 1569 2397 1623 et
2430 1570 2554 1625 aut

442 1708 619 1775 dignos
647 1711 850 1776 praebet.
867 1712 962 1760 Sed
983 1713 1159 1777 sepius
1177 1713 1429 1761 docuimus
1441 1748 1455 1771 ,

445 1790 645 1854 supet-ll.
680 1808 708 1838 a
754 1790 924 1839 scribis
972 1792 1025 1838 in
1070 1793 1238 1855 positt.
1280 1792 1456 1839 mutari

444 1868 615 1918 solere.
647 1871 709 1918 G.

517 1963 565 2006 7.
588 1949 721 1995 Nam
740 1946 887 1995 libero
906 1959 1139 2012 tempore.
1161 1984 1176 1997 .
1195 1985 1209 1999 .
1240 1948 1461 2014 eligendi

448 2023 599 2085 optio.
619 2046 645 2065 ιι
665 2024 887 2074 Liberum
910 2038 1130 2091 tempus·
1144 2038 1216 2076 est
1230 2063 1244 2087 ,
1262 2026 1351 2075 ubi
1368 2064 1383 2088 ,
1399 2037 1456 2076 ut

447 2095 615 2164 paucis
635 2113 748 2166 post
768 2103 959 2163 dicitur,
976 2121 1066 2153 nec
1084 2105 1245 2155 debita
1262 2104 1423 2154 officia
1440 2142 1455 2166 ‚

449 2194 540 2226 nec
553 2194 710 2227 rerum
723 2184 975 2231 necessitas
990 2194 1176 2246 urgent.
1196 2206 1222 2226 ιι
1236 2184 1456 2247 Eligendi

449 2258 589 2321 optio
602 2279 628 2300 ι
642 2293 657 2317 ,
673 2261 834 2323 primo
860 2260 1093 2324 adspectu
1115 2262 1234 2309 mire
1256 2261 1458 2322 ‹licitus-3

449 2335 535 2383 sed
560 2337 761 2400 get-und.
780 2354 871 2403 pro
907 2338 957 2387 in
985 2338 1210 2403 eligendo
1236 2340 1459 2402 frequens

449 2425 522 2463 est
537 2449 553 2474 ‚
587 2426 635 2464 et
660 2415 835 2482 eligere
857 2451 874 2478 ,
915 2417 1116 2465 verbum
1150 2417 1460 2482 philosophis

447 2496 723 2559 proprium,
765 2496 814 2545 h.
842 2496 877 2546 l.
897 2496 1178 2562 simpliciter
1200 2497 1347 2544 malle
1376 2512 1461 2543 va·

448 2572 543 2632 let,
569 2573 664 2620 hoc
703 2590 873 2634 seusu,
911 2597 933 2619 ι
952 2592 1101 2640 quum
1144 2576 1194 2623 iu
1220 2584 1459 2640 potestate

450 2661 613 2699 nostra
632 2652 694 2699 sit
716 2654 930 2716 positum
945 2691 960 2716 ‚
984 2670 1077 2719 pro
1095 2653 1258 2703 lubitu
1274 2655 1428 2702 fecere
1441 2689 1455 2714 ,

449 2728 586 2792 quod
612 2729 746 2777 malis
764 2750 806 2779 ι.
836 2732 900 2779 G.

523 2809 572 2856 8.
616 2809 923 2856 Assumenda
966 2821 1037 2857 ese
1058 2844 1074 2869 ,
1121 2810 1277 2859 omnis
1321 2809 1464 2858 dolor·

452 2885 770 2949 repellendus.
798 2884 967 2936 Minus
981 2888 1105 2937 bene
1117 2889 1277 2937 Bremi
1293 2888 1463 2937 suadet

453 2985 479 3005 κ
505 2962 649 3012 dolor
683 2963 1029 3030 depellendus·
1050 3002 1065 3026 ‚
1102 2977 1270 3015 contre
1307 2968 1459 3015 Erne-

394 3062 399 3067 2
452 3043 621 3101 stium,
659 3044 745 3107 qui
760 3042 1058 3107 repellendus
1085 3044 1281 3106 corrigit
1294 3078 1309 3100 ‚
1327 3043 1462 3107 qnod

454 3119 648 3171 firmant
684 3123 815 3186 Spir.
839 3132 889 3168 et
917 3120 1018 3169 Erl.
1046 3122 1171 3169 Nam
1205 3132 1462 3185 utrumque

459 3199 655 3263 quidem
681 3199 877 3264 proprie
906 3198 966 3246 de
993 3199 1132 3247 hoste
1155 3199 1388 3262 ponitur3
1414 3209 1463 3246 et

454 3278 679 3343 Epicurei
734 3277 951 3326 dolorem
1010 3287 1194 3325 natum
1244 3276 1464 3324 humana.-

456 3356 670 3405 omnium
692 3358 894 3405 maxime
914 3355 1138 3404 hostilem
1160 3353 1461 3404 statuebant:

454 3434 540 3484 sed
559 3437 992 3501 repelluntur-‚qnae
1009 3434 1070 3482 sd
1097 3444 1283 3498 tempus
1307 3449 1464 3482 remo·

456 3525 650 3574 ventur-3
672 3530 820 3578 quum
839 3514 1145 3578 depellantur
1161 3546 1178 3573 ,
1196 3528 1305 3578 quae
1320 3513 1463 3578 plane

456 3602 704 3650 arcentur,
730 3591 866 3656 quod
893 3593 947 3639 in
985 3591 1154 3640 dolore
1194 3606 1295 3639 nou
1332 3591 1462 3640 licet.

440 3670 652 3734 ‚Ubique
670 3670 782 3719 inde
797 3671 937 3717 etiam
966 3681 1160 3729 auctor,
1189 3692 1211 3713 ι
1237 3669 1463 3734 repellere

459 3748 677 3798 dolorem
696 3770 722 3791 a
737 3785 752 3808 ,
782 3748 846 3798 cf.
871 3746 902 3813 S
922 3749 1015 3807 30,
1057 3759 1103 3795 et
1132 3747 1300 3812 paucis
1325 3757 1463 3812 post,

444 3851 483 3870 ν
500 3827 796 3894 perferendis
813 3826 1064 3875 doloribus
1095 3828 1358 3892 asperiores
1390 3843 1466 3876 re-

457 3907 606 3972 pellat
622 3930 666 3955 n.
685 3908 863 3958 Gonu-a
880 3922 994 3954 vero
1013 3928 1038 3948 α
1053 3907 1225 3954 famem
1244 3907 1467 3971 sitimque

462 3986 759 4050 depellere»,
786 3985 889 4035 vid.
916 3984 945 4049 S
969 3987 1037 4050 37
1056 4020 1070 4045 ,
1095 3995 1143 4033 et
1171 3984 1284 4033 talis
1302 4020 1317 4044 ‚
1340 3995 1467 4033 recte

464 4063 705 4115 dicuntur.
727 4064 1023 4114 Assur-nimus
1048 4076 1234 4125 contra,
1248 4080 1357 4128 qum
1375 4064 1465 4112 ‹eli-

466 4142 633 4191 benter
651 4144 910 4207 recipimus
928 4163 950 4185 ι
963 4179 975 4192 .
1001 4143 1063 4191 G.

1615 1726 1664 1778 9.
1700 1710 2006 1776 Temporibus
2042 1720 2203 1758 autem
2229 1709 2515 1772 quibusdam
2539 1743 2553 1767 ‚

1543 1802 1592 1839 ee
1611 1801 1699 1839 aue
1717 1788 1895 1859 officie}
1921 1787 2090 1837 debitis
2108 1821 2125 1848 ,
2164 1799 2254 1835 aue
2290 1803 2448 1835 rerum
2468 1803 2555 1834 ne-

1543 1867 1842 1919 cessitatibus
1896 1884 2023 1932 nepe
2061 1866 2261 1916 eveniet.
2301 1869 2427 1914 Vere
2460 1865 2555 1914 hoc

1541 1948 1658 1997 loco
1683 1948 1792 1996 VV.
1834 1948 1943 1995 DD.
1968 1947 2022 1993 in
2046 1945 2208 2010 scirpo
2245 1943 2429 1992 nodum
2463 1943 2557 1991 sibi

1541 2035 1828 2074 nexuerunt.
1854 2027 2012 2072 Locus
2048 2023 2177 2071 enim
2218 2021 2300 2069 hic
2331 2021 2557 2069 facillime

1541 2102 1827 2168 expeditur,
1849 2104 1890 2150 si
1905 2114 1956 2150 ec
1977 2117 2072 2167 pro
2101 2112 2152 2149 et
2175 2100 2370 2165 quidem
2392 2100 2446 2147 in
2472 2115 2559 2148 ex-

1541 2181 1827 2246 plicatione,
1854 2189 1905 2228 ut
1934 2180 2074 2228 toties
2096 2181 2299 2244 ponitur
2316 2215 2331 2239 ‚
2362 2194 2560 2242 accepe-

1545 2260 1637 2315 ris3
1664 2259 1730 2305 cf.
1754 2257 1953 2307 Ruhnk.
1984 2259 2046 2305 ad
2068 2257 2241 2306 Vellei.
2269 2260 2347 2317 11,
2377 2258 2471 2315 60,
2500 2272 2557 2316 ας

1546 2336 1670 2384 adde
1718 2351 1810 2383 nos
1845 2335 1908 2384 sd
1943 2335 2134 2384 Acadd.
2169 2339 2223 2396 1,
2267 2336 2332 2395 6,
2361 2337 2461 2393 233
2509 2347 2558 2383 et

1546 2414 1714 2464 ablatt.
1746 2412 1958 2462 cofficiis
1977 2413 2151 2462 debitis
2190 2449 2201 2460 .
2224 2450 2236 2462 .
2260 2448 2273 2462 .
2318 2428 2498 2461 necess.
2530 2432 2553 2454 ι

1544 2509 1635 2558 per
1678 2493 1898 2542 omissam
1924 2503 2124 2556 propter
2160 2491 2415 2556 explicatis
2442 2526 2456 2551 ,
2502 2502 2559 2538 ut

1546 2584 1678 2620 recte
1713 2570 1934 2619 Matthiae
1967 2571 2099 2619 fecit.
2130 2572 2271 2618 Grut.
2309 2581 2356 2616 ee
2377 2580 2561 2617 mutare

1545 2651 1599 2698 in
1634 2649 1691 2698 id
1724 2662 1796 2698 ese
1825 2648 2059 2698 voluerat.
2093 2649 2207 2712 Quo
2241 2647 2362 2695 nihil
2398 2664 2522 2712 opus
2545 2684 2557 2705 ‚

1547 2746 1701 2795 quum
1724 2729 1854 2778 idem
1882 2741 2047 2789 notet,
2097 2741 2153 2777 ut
2178 2728 2354 2792 saepius
2393 2726 2565 2775 docui-

1547 2826 1671 2859 mus.
1715 2811 1786 2859 At
1823 2808 1917 2856 hoe
1960 2819 2168 2856 mentem
2207 2807 2418 2855 auctoris
2461 2820 2562 2853 non

1548 2888 1799 2936 admittere
1836 2899 2021 2952 pugnet
2065 2887 2225 2934 Bremi
2272 2900 2287 2933 :
2326 2883 2441 2931 addi
2479 2883 2562 2929 illa

1549 2966 1675 3026 duo,
1696 2966 1902 3029 exempli
1922 2962 2074 3012 modo
2100 2964 2237 3021 loco,
2269 2976 2418 3024 quum
2442 2976 2563 3007 voce

1549 3042 1842 3108 temporibus
1883 3043 2023 3106 plnre
2067 3040 2420 3087 contineamur.
2470 3037 2564 3085 Sed

1549 3122 1761 3185 primum
1779 3135 1881 3167 non
1899 3118 2044 3165 video
2060 3152 2075 3176 ‚
2095 3117 2272 3180 quare?
2289 3130 2438 3178 quum
2457 3114 2565 3163 offi-

1551 3198 1625 3245 cia
1676 3209 1724 3244 et
1763 3196 2065 3243 necessitates
2115 3194 2260 3240 vitam
2305 3192 2562 3241 humanam

1552 3275 1938 3340 complectantur
1951 3308 1966 3332 ,
2002 3282 2050 3320 et
2075 3271 2152 3319 his
2187 3287 2329 3336 supra
2364 3271 2563 3320 liberum

1551 3365 1735 3416 tempus
1754 3361 2056 3415 oppon-tun
2085 3349 2258 3398 deinde
2274 3365 2376 3398 non
2393 3351 2563 3399 mellus

1549 3431 1632 3479 ille
1666 3429 1782 3477 loco
1806 3429 2039 3489 consulit,
2070 3430 2112 3477 si
2148 3439 2198 3475 et
2220 3427 2369 3477 deleri
2399 3428 2559 3488 iubet.

1550 3512 1676 3559 Tum
1695 3508 1860 3573 potius
1882 3519 1929 3554 ee
1949 3507 2040 3572 ipsi
2057 3524 2145 3572 per
2166 3518 2218 3555 et
2231 3505 2448 3555 maxime
2473 3524 2560 3555 ex-

1549 3585 1773 3655 plicanda
1821 3596 1952 3645 erat3
2007 3602 2100 3651 qua
2147 3602 2300 3650 graecs
2341 3587 2393 3633 vi
2435 3601 2562 3651 saepe

1551 3668 1746 3717 obviam
1764 3678 1851 3714 est.
1878 3664 1953 3713 Ne
1969 3676 2129 3713 sutem
2153 3666 2311 3713 insuia
2337 3675 2564 3713 tractere-

1550 3763 1681 3806 mus,
1709 3744 1891 3808 reliqua
1909 3746 2021 3792 VV.
2046 3745 2158 3795 DD.
2186 3741 2250 3790 ad
2274 3742 2326 3794 h.
2348 3743 2383 3792 l.
2414 3759 2562 3791 cona·

1553 3827 1684 3874 mina
1709 3822 1857 3873 taedio
1871 3822 2106 3871 lectorum
2120 3821 2459 3870 subtraximus.
2481 3823 2565 3870 Ce-

1554 3916 1714 3953 terum
1741 3902 1845 3949 haec
1882 3918 1992 3949 cum
2036 3917 2177 3965 seqq.
2219 3901 2337 3965 ipsis
2365 3901 2566 3966 Epicuri

1553 3982 1714 4032 verbis
1743 3980 2104 4029 accommodata
2139 3991 2277 4039 sunt3
2322 3980 2388 4028 cf.
2422 3979 2567 4038 hujus

1553 4063 1694 4127 epist.
1720 4061 1783 4110 ad
1804 4062 2106 4110 Menoeceum
2126 4063 2281 4110 Laert.
2314 4063 2366 4108 X
2383 4095 2398 4115 ‚
2432 4069 2528 4118 ¹²9
2548 4069 2563 4104 ε

1552 4128 1699 4193 ἐστιν
1730 4141 1810 4192 ὅτι
1838 4136 2020 4200 πολλὰς
2059 4133 2243 4198 ἡδονὰς
2272 4130 2566 4204 ὓπιρόαίοο·
