3217 4784
813 384 935 451 DE
986 382 1157 450 ΠΝ.
1214 378 1415 448 ΒΟΝ.
1462 380 1580 450 ΕΤ
1629 385 1841 452 MAI„
1901 384 2001 471 11,
2063 392 2169 474 14.

1013 502 1139 598 qui
1189 499 1546 598 permulta
1584 501 1682 573 ob
1725 528 1879 575 eam
1924 521 2218 579 unam¹¹
2278 537 2562 590 causam

441 516 657 602 atque
701 502 902 577 factis
949 530 965 571 ε

2420 422 2562 494 209

439 614 747 701 faciunt,
784 618 953 711 quia
977 612 1184 683 decet
1206 663 1226 694 ‚
1257 613 1431 706 quia
1457 624 1736 682 rectum
1759 664 1779 700 ,
1812 617 1981 711 quia
2005 616 2395 693 honestum
2424 642 2562 715 est3

438 730 569 797 etsi
644 725 924 796 nullum
985 735 1612 816 consequuturum
1663 725 2237 801 emolumentum
2295 732 2562 806 vident.

435 837 780 906 Homines
818 835 1039 918 enim,
1089 831 1218 901 etsi
1271 829 1423 901 aliis
1471 832 1825 921 multis¹²‚
1879 849 2121 910 tamen
2159 839 2302 912 hoc
2338 868 2488 915 uno
2523 870 2565 916 a

433 943 682 1016 bestiis
726 943 1117 1040 plurimum
1156 937 1501 1011 differunt
1525 939 1619 1030 ¹3,
1664 943 1865 1038 quod
1893 948 2268 1073 rationein
2293 951 2564 1026 habent

437 1078 477 1123 a
509 1068 767 1123 natura
803 1049 1039 1121 datam
1077 1062 1581 1145 mentemque,
1633 1066 1705 1122 et
1746 1077 2013 1143 acrem,
2049 1073 2123 1129 et
2161 1062 2519 1157 vigentem
2543 1120 2565 1152 ‚

436 1164 949 1257 celerrimeque
968 1161 1193 1231 multa
1215 1159 1427 1231 simul
1446 1164 1874 1257 agitantem,
1916 1181 2024 1255 et,
2065 1182 2148 1238 ut
2185 1172 2281 1242 ita
2304 1175 2566 1264 dicam,

437 1390 610 1439 borum
636 1405 831 1453 quoque
854 1387 1216 1435 similitudinem
1241 1387 1461 1435 conferes

434 1470 496 1519 ad
540 1471 645 1519 haec
689 1481 735 1517 et
770 1486 904 1533 seqq.
935 1471 1080 1533 Legg.
1120 1469 1174 1523 1,
1223 1469 1323 1526 18,
1365 1467 1460 1528 48,

432 1568 570 1615 seqq.
604 1548 689 1597 ubi
734 1560 827 1607 est,
855 1548 1080 1608 «judicia
1122 1545 1247 1593 nihil
1273 1545 1461 1608 expetit

430 1630 618 1694 praemii
635 1663 650 1688 ‚
676 1628 800 1676 nihil
826 1627 969 1691 pretii
992 1648 1032 1671 a.
1057 1625 1118 1671 G.

507 1723 586 1758 Π.
619 1710 689 1756 Ob
726 1724 834 1754 eam
863 1721 1014 1753 unam
1050 1718 1271 1750 cansam.
1313 1701 1452 1747 Goer.

429 1788 574 1836 scrib.
592 1789 650 1834 ob
663 1804 773 1833 eam
792 1800 991 1831 causam
1005 1798 1173 1837 unam,
1188 1790 1449 1841 notatque:

428 1865 755 1932 probatiorem
784 1862 1041 1910 verborum
1075 1858 1294 1917 ordinem
1325 1872 1453 1919 prae-

428 1943 537 1991 buit
584 1944 686 1992 Erl.
736 1942 864 2006 Spir.
910 1952 959 1987 et
1002 1940 1108 2014 [32³.
1163 1938 1301 1998 cujus
1338 1937 1452 1983 loco

430 2022 563 2069 Gud.
582 2038 609 2068 a
629 2056 643 2080 ,
678 2022 737 2067 ob
766 2037 872 2067 eam
902 2035 944 2065 c.
967 2020 1139 2074 mium,
1162 2017 1295 2080 quod
1316 2017 1447 2065 haud

430 2098 576 2147 dubie
599 2117 662 2146 ex
688 2116 850 2161 comp.
882 2098 1020 2144 vocis
1055 2096 1245 2144 um‘cam
1282 2108 1446 2144 natum

430 2189 517 2225 est.
541 2180 691 2225 Mars.
714 2178 773 2224 ob
792 2193 898 2224 eam
919 2191 964 2223 c.
988 2192 1124 2234 ιιηα,·
1140 2179 1263 2224 Veu.
1292 2184 1442 2237 149⁴,

429 2274 578 2304 unam
618 2257 759 2320 plane
796 2257 1004 2318 ignorat.
1032 2257 1103 2302 Ex
1134 2255 1209 2301 his
1241 2256 1324 2301 vix
1358 2255 1461 2302 du·v

429 2335 562 2383 bium
583 2347 681 2396 est,
716 2352 824 2383 eum
853 2336 1065 2398 positum
1084 2334 1296 2380 auctoris
1315 2349 1416 2380 esse
1431 2367 1444 2393 ,

427 2431 572 2478 quem
600 2414 856 2461 edIdimus.
877 2413 1160 2459 Notandum
1184 2413 1312 2460 enim
1341 2423 1410 2459 est
1426 2447 1443 2473 ‚

426 2510 549 2540 unus
577 2494 644 2540 sic
674 2508 783 2538 cum
811 2492 860 2537 vi
886 2490 1192 2538 substantivo
1216 2507 1305 2538 suo
1332 2490 1447 2539 sub·

418 2572 505 2632 jici
528 2573 700 2619 solere.
734 2572 814 2619 Cf.
855 2573 992 2617 Brut.
1025 2572 1117 2632 59,
1162 2580 1258 2628 ²¹4
1294 2585 1307 2619 τ
1349 2593 1369 2613 ι
1394 2571 1443 2618 in

424 2668 727 2717 quacumque
754 2667 804 2698 re
835 2666 928 2698 una
959 2650 1100 2713 plane
1118 2649 1411 2698 claudicaret
1428 2684 1442 2709 ,

425 2741 590 2778 orator
606 2748 707 2777 esse
730 2745 830 2777 non
855 2741 1018 2791 posset
1036 2751 1076 2779 κ.
1103 2729 1231 2779 Ibid.
1252 2730 1284 2795 S
1310 2732 1412 2778 216
1427 2765 1443 2792 ,

424 2811 595 2858 «nulla
634 2827 683 2856 re
724 2825 819 2856 uua
852 2808 1003 2870 magis
1032 2820 1273 2856 oratorem
1306 2825 1442 2856 com-

423 2889 694 2937 mendari».
740 2888 884 2934 Ratio
927 2886 1161 2951 ponderis
1200 2888 1354 2935 additi
1391 2890 1441 2935 iu

423 2979 537 3032 post
557 2968 718 3031 posito
740 2978 812 3014 est
826 3000 840 3024 ‚
878 2966 1012 3027 quod
1037 2965 1105 3011 sic
1127 2981 1249 3013 unus
1268 2967 1443 3031 integri

423 3047 659 3094 enuntiati
696 3046 807 3097 loco
838 3045 965 3092 valet
984 3079 998 3102 ‚
1026 3046 1060 3091 i.
1098 3059 1141 3092 e.
1175 3055 1223 3090 ee
1247 3046 1441 3109 quidem

423 3142 588 3193 unam.
618 3127 729 3171 Hoc
758 3134 926 3171 nostro
953 3134 1113 3171 autem
1152 3123 1266 3170 loco
1302 3140 1440 3187 atque

424 3204 634 3267 graviori
660 3204 708 3250 vi
732 3219 878 3250 unam
898 3202 1052 3266 accipi
1077 3201 1270 3259 debere,
1297 3219 1438 3265 quam

423 3283 613 3347 vulgata
648 3283 792 3329 series
836 3281 1044 3346 praebet,
1080 3281 1258 3344 triplex
1287 3281 1438 3346 quia,

421 3379 530 3425 qua:
548 3362 790 3425 sequitur,
819 3361 1010 3409 clamat.
1040 3359 1325 3424 scripsimus
1352 3360 1441 3423 igi-

421 3451 530 3500 tur,
567 3452 622 3490 ut
647 3440 800 3489 codd.
840 3440 996 3488 nostri
1034 3438 1338 3502 probatiores
1359 3440 1440 3499 ju·

419 3520 614 3570 bebaut.

495 3616 576 3648 aa.
604 3600 714 3649 Etsi
728 3596 836 3645 aliis
852 3596 1028 3646 multis.
1076 3598 1244 3645 Plures
1268 3592 1439 3662 scripti

417 3690 467 3727 et
499 3690 619 3728 vett.
663 3678 916 3742 impressi,
960 3677 1049 3723 etsi
1086 3676 1248 3723 aculeis
1274 3676 1384 3727 aliie
1417 3694 1436 3723 .·

417 3758 505 3807 sed
545 3758 713 3806 nescio
751 3772 851 3819 quo
876 3759 1063 3805 aurium
1112 3755 1234 3803 vitio
1265 3756 1436 3804 scribae

416 3837 488 3884 sic
512 3837 688 3901 saepius
712 3846 949 3900 peccant;
1000 3834 1113 3882 vide
1135 3834 1199 3880 ad
1236 3834 1429 3884 Acadd.

417 3916 498 3975 11,
535 3933 561 3978 ⁶7
636 3930 719 3977 ¹9·
749 3910 813 3964 G.

494 3995 573 4043 13.
601 3996 782 4042 Tamen
809 4008 899 4039 noc
918 4008 1015 4039 uno
1040 4007 1074 4038 a
1102 3990 1261 4041 bestiis
1282 3993 1436 4057 pluri-

417 4087 546 4117 mum
563 4070 820 4134 dsffereme,
837 4072 975 4134 quod
992 4070 1152 4118 ration
1160 4088 1232 4120 em
1256 4071 1436 4120 habent

562 4162 649 4227 ῙῙ.
699 4175 791 4222 cic.
805 4190 923 4240 pars
949 4174 1098 4222 tertia.

1549 1404 1584 1434 a
1612 1399 1791 1436 natura
1830 1391 2003 1439 datam
2041 1406 2357 1460 mensemque.
2402 1403 2458 1448 In
2490 1403 2565 1452 his

1550 1468 1781 1515 trifariam
1810 1470 1979 1533 scn'pti
2007 1470 2221 1521 turbant.
2249 1477 2410 1524 Primo
2432 1483 2567 1531 Gud.

1562 1563 1608 1604 1,
1633 1548 1741 1594 Bas.
1770 1548 1918 1595 Mars.
1952 1549 2086 1607 aliae,
2106 1567 2205 1598 mio
2233 1556 2411 1603 omisso
2427 1591 2442 1616 ‚
2455 1560 2570 1621 pla-

1548 1624 1721 1671 n’mum
1747 1641 1779 1671 a
1808 1626 1969 1674 bestiis
2002 1625 2119 1690 diff.
2150 1629 2300 1690 Cujus
2325 1636 2569 1686 varietatis

1546 1702 1662 1750 licet
1689 1719 1877 1750 causam
1908 1705 2069 1753 minus
2092 1706 2322 1771 dispicias
2341 1744 2356 1769 ,
2408 1723 2569 1764 tamen

1542 1781 1761 1844 vulgata,
1802 1784 1867 1830 ob
1894 1795 2182 1848 perpetuum
2224 1791 2437 1838 auctoris
2475 1793 2567 1843 hac

1542 1861 1597 1908 in
1620 1861 1725 1925 ipsa
1756 1862 2004 1911 redicendi
2029 1881 2211 1913 morem
2227 1900 2242 1925 ,
2268 1869 2566 1932 praeferenda

1541 1951 1632 1988 est.
1685 1942 1875 1990 Deinde
1921 1945 2191 2007 recepimus
2240 1963 2301 1993 ex
2359 1949 2490 1996 Gud.
2536 1968 2558 1998 1

1535 2031 1586 2069 et
1627 2023 1740 2069 Bas.
1788 2033 1844 2070 ut
1883 2023 1984 2083 jam
2026 2025 2138 2071 Eru-
2182 2041 2244 2072 ex
2285 2028 2563 2087 conjectura

1532 2110 1742 2147 suaserat
1768 2134 1784 2158 ‚
1836 2099 2016 2147 liabent
2041 2134 2056 2156 ‚
2105 2101 2297 2165 vulgata
2343 2103 2565 2155 habeant

1530 2179 1795 2239 praebente.
1823 2180 1971 2242 Quod
1993 2181 2121 2227 enim
2149 2183 2311 2232 Brem.
2345 2184 2563 2235 habeam

1530 2271 1590 2303 eo
1612 2257 1785 2304 retinet
1800 2293 1815 2317 ‚
1833 2259 1944 2319 quia
1965 2258 2078 2306 alias
2100 2260 2273 2308 videat
2296 2265 2434 2328 sequi
2452 2280 2558 2313 nou

1530 2336 1713 2398 possit,
1755 2336 1878 2384 nihil
1922 2336 2071 2395 dicit3
2097 2355 2248 2402 quum
2293 2358 2446 2405 «quoe
2481 2379 2549 2393 ...

1530 2413 1690 2461 videat
1706 2436 1755 2474 n,
1785 2436 1809 2455 α
1829 2430 1979 2477 quum
2009 2432 2061 2463 ea
2086 2416 2186 2464 vid.
2204 2440 2229 2459 ι·
2258 2420 2399 2469 valet.
2425 2424 2560 2472 Con·

1523 2493 1801 2552 junctivum
1850 2510 1910 2540 ex
1951 2494 2135 2543 ultimae
2178 2497 2316 2545 verbi
2355 2501 2556 2565 syllaba

1531 2572 1832 2635 compendia
1845 2583 2005 2620 ortum
2022 2585 2245 2637 putamus
2258 2577 2441 2626 habene
2453 2598 2471 2628 .·
2484 2583 2555 2629 sic

1529 2652 1660 2698 euim
1687 2667 1892 2714 sequeus
1918 2669 1952 2698 a
1988 2652 2128 2700 facile
2154 2655 2330 2702 attrahi
2369 2662 2552 2722 potuit.

1528 2730 1656 2792 Spir.
1680 2741 1808 2778 certe
1832 2747 1866 2778 a
1889 2732 2163 2795 proximam
2193 2733 2403 2797 ignorat.
2426 2737 2555 2786 Ter.

1527 2810 1597 2856 tio
1626 2808 1834 2873 denique
1862 2811 2004 2869 loco,
2023 2821 2200 2874 praeter
2217 2813 2317 2861 Erl.
2345 2827 2393 2862 et
2417 2818 2548 2881 Spir.

1525 2888 1695 2951 scripti
1721 2903 1999 2953 veteresque
2026 2892 2272 2939 excusi‘in
2307 2893 2401 2942 alia
2440 2912 2548 2944 om-

1523 2968 1604 3014 nia
1638 2967 1847 3028 abeunt,
1880 2990 1902 3011 ι
1930 2985 1957 3015 a
1990 2979 2158 3015 natura
2184 2971 2333 3016 menti
2356 2970 2548 3031 datam3

1522 3062 1549 3092 a
1570 3057 1740 3093 natura
1764 3058 2068 3107 mentemque
2087 3046 2246 3094 datam
2262 3080 2279 3106 ,
2296 3059 2389 3096 etc.
2407 3071 2430 3091 ι»
2451 3052 2548 3099 sed

1523 3126 1633 3188 quis
1652 3141 1754 3172 nou
1772 3124 1927 3182 videt,
1951 3123 2213 3171 offendisse
2236 3126 2416 3175 scribas
2439 3145 2547 3178 ver-

1522 3201 1698 3249 borum
1719 3198 1939 3266 positum
1956 3234 1973 3260 ‚
2002 3201 2232 3249 consulto
2256 3203 2326 3253 sic
2350 3208 2543 3257 ordina-

1524 3291 1711 3333 torum,
1754 3293 1808 3327 ut
1827 3279 2062 3338 adjectiva
2079 3315 2093 3339 ‚
2122 3298 2231 3344 quae
2257 3299 2544 3350 sequuntur,

1523 3359 1702 3407 arctius
1715 3359 1777 3407 ad
1788 3371 1993 3406 mentem
2011 3361 2482 3427 applicarentur?Cuj
2489 3385 2544 3415 us

1523 3438 1771 3503 pervagati
1808 3439 1998 3503 positus
2026 3443 2246 3505 exempla
2273 3444 2442 3493 afferre
2462 3462 2543 3494 su-

1525 3532 1873 3582 pervacaneum
1893 3529 1982 3565 est.
2004 3520 2071 3568 G.
2098 3547 2168 3557 —
2191 3523 2422 3571 Praeterea
2452 3541 2542 3573 no-

1522 3597 1600 3645 bis
1641 3596 1811 3644 melius
1850 3598 2057 3645 Goerenz
2097 3601 2436 3665 interpungere
2473 3607 2543 3651 vi-

1525 3677 1699 3724 detur:
1731 3693 1764 3722 a
1799 3688 1978 3724 natura
2007 3677 2176 3726 datam
2195 3713 2212 3739 ,
2239 3692 2543 3751 mentemque

1522 3767 1572 3803 ee
1595 3757 1954 3803 acrem—Hoc
1985 3773 2084 3805 neno
2119 3774 2154 3805 a
2180 3759 2359 3807 beseitk.
2374 3797 2387 3809 .
2400 3760 2539 3827 .d1ff

1520 3847 1623 3884 etc.
1669 3837 1744 3883 De
1787 3851 1840 3883 re
1888 3837 1990 3899 ipsa
2013 3870 2033 3897 ,
2077 3847 2252 3901 praeter
2297 3839 2389 3887 alia
2434 3841 2542 3889 loca

1521 3914 1701 3974 multa,
1729 3915 1993 3964 contulisse
2020 3932 2119 3965 non
2151 3917 2408 3981 poenitebit
2433 3921 2540 3979 off.

1523 3997 1575 4053 1,
1623 4004 1652 4052 4
1677 4031 1692 4053 ,
1738 3996 1764 4042 3
1783 4030 1797 4052 ,
1831 4012 1966 4060 seqq.
1996 3998 2165 4047 eodem
2195 3999 2322 4046 enim
2351 4011 2543 4047 senten-

1531 4076 1704 4123 tiarum
1735 4073 1907 4122 ordine
1933 4087 2101 4126 auctor
2131 4077 2197 4124 ibi
2231 4077 2290 4123 ad
2321 4077 2541 4125 eumdem

2210 4165 2290 4244 ¹4
