3217 4784
853 401 977 467 DE
1026 400 1199 468 FIN.
1251 399 1461 467 BON.
1509 400 1622 466 ET
1669 400 1889 467 MAL.
1948 402 2048 483 ΙΙ,
2096 400 2158 470 3.
2438 403 2568 495 147

444 522 690 593 referri
727 517 1188 618 oportereffi?
1229 523 1511 606 Tenen,
1555 521 1826 617 inquit,
1889 520 2110 591 finem
2174 521 2273 591 illi
2310 522 2574 601 videri,

446 633 615 702 nihi!
662 632 929 703 dolere.
977 628 1219 719 Quid?
1264 629 1454 700 idem
1495 632 1628 701 iste
1666 630 1757 701 de
1791 631 2160 728 voluptate
2196 630 2373 728 quid
2409 657 2574 704 sen-

446 746 575 813 tit?
610 748 837 839 Negat
879 766 1030 812 esse
1069 765 1262 825 eam,
1302 741 1580 837 inquit,
1628 754 1928 838 propter
1963 765 2038 810 se
2082 741 2308 838 ipsam
2356 765 2573 839 expe·
2612 769 2644 817 9

446 852 738 923 tendam
767 861 855 919 ¹⁷.
887 849 1097 922 Aliud
1127 851 1344 946 igitur
1368 874 1524 921 esse
1554 864 1801 920 censet
1828 850 2176 945 gaudere,
2205 849 2397 921 aliud
2427 876 2577 921 non

444 962 712 1033 dolere.
749 966 838 1031 Et
871 959 1163 1055 quidem
1190 955 1274 1044 ¹⁸,
1315 960 1587 1057 inquit,
1627 959 2094 1053 vehementer
2123 975 2332 1031 errat.
2363 964 2544 1031 Nam
2565 1016 2583 1043 ‚

444 1088 527 1144 ut
583 1071 830 1170 paullo
880 1083 1048 1142 ante
1092 1070 1347 1157 docui,
1395 1069 1741 1167 augendae
1793 1069 2177 1166 voluptatis
2232 1070 2395 1143 finis
2441 1086 2584 1155 est,

447 1183 722 1254 doloris
770 1183 1005 1250 omnis
1052 1182 1347 1250 amotiO.
1397 1184 1564 1250 Non
1605 1179 1897 1266 dolere,
1946 1181 2245 1277 inquam
2272 1192 2357 1264 ¹9,
2392 1180 2583 1253 istud

448 1317 667 1389 quam
694 1295 837 1361 vim
871 1290 1172 1375 habeat,
1206 1304 1454 1387 postea
1491 1288 1740 1360 videro
1780 1317 1795 1359 ε
1837 1289 2045 1359 aliam
2072 1313 2246 1360 vero
2276 1292 2422 1361 vim
2458 1316 2584 1360 vo-

449 1403 743 1500 luptatis
781 1426 971 1489 esse,
1005 1402 1215 1471 aliam
1259 1401 1439 1470 nihil
1480 1398 1810 1485 dolendi,
1845 1403 1980 1470 nisi
2012 1399 2218 1471 valde
2256 1403 2585 1498 pertinax

450 1512 710 1598 fueriS‚
754 1511 1109 1583 concedas
1146 1534 1437 1581 necesse
1479 1524 1608 1579 est.
1658 1512 1879 1606 Atqui
1921 1514 2270 1606 reperies,
2316 1512 2586 1608 inquit,

448 1626 522 1693 in
563 1623 701 1694 hoc
738 1621 1033 1719 quidem
1089 1621 1530 1717 pertinacem
1549 1630 1657 1707 ²⁰3
1700 1618 1842 1689 dici
1882 1622 2073 1689 enim
2119 1619 2303 1689 nihil
2351 1633 2587 1717 potest

452 1735 710 1804 verius.
772 1738 990 1802 Estne
1041 1755 1326 1828 quaeso,
1389 1732 1684 1826 inquam
1708 1784 1725 1817 ,
1796 1730 2064 1800 sitienti
2127 1730 2202 1798 in
2262 1727 2589 1800 bibendo

452 1842 833 1940 voluptas?
875 1842 1056 1930 Quis
1107 1838 1300 1910 istud
1327 1893 1345 1925 ‚
1400 1839 1676 1936 inquit,
1728 1853 1969 1935 posset
2018 1839 2414 1934 negat-en?
2454 1844 2588 1909 Ea-

456 2009 528 2054 De
562 2024 623 2054 eo
664 2007 776 2054 vide
802 2007 941 2070 plura
971 2006 1094 2053 infra
1116 2042 1131 2066 ,
1151 2009 1217 2063 V,
1252 2006 1307 2065 5,
1334 2005 1364 2069 S
1392 2015 1475 2062 14.

532 2087 611 2133 16.
654 2087 900 2131 Summum
947 2086 1123 2132 bonum
1147 2118 1162 2143 ,
1210 2101 1308 2148 quo
1342 2095 1484 2147 putet

455 2162 622 2210 οηιηία
649 2161 824 2225 referri
848 2169 1111 2226 oportere?
1142 2166 1283 2211 Putat
1308 2163 1476 2210 Davis.

456 2242 716 2289 adhaesisse
738 2258 801 2288 ex
820 2242 1102 2304 glossemate
1124 2243 1228 2289 haec
1242 2275 1256 2299 ,
1279 2258 1399 2304 quo.
1422 2276 1434 2288 .
1456 2275 1467 2286 .

456 2332 705 2385 oportere:
732 2336 843 2383 quae
872 2322 1028 2366 Bremi
1052 2321 1119 2367 sic
1148 2319 1395 2371 defendit,
1425 2330 1481 2366 ut

456 2398 694 2464 superflua
715 2398 873 2459 dicat,
893 2380 1024 2445 iiulls
1044 2397 1308 2458 abjiciendi
1326 2413 1482 2444 neces-

454 2479 611 2526 sitate.
646 2475 714 2525 At
741 2493 832 2524 nos
858 2493 912 2523 ea
940 2479 1040 2540 ipsa
1068 2476 1131 2523 ad
1155 2486 1365 2523 mentem
1392 2491 1479 2522 au-

456 2557 608 2604 ctoris
621 2573 758 2621 paene
773 2557 1036 2604 necessaria
1049 2556 1338 2616 judicamus.
1355 2555 1482 2602 Nam

457 2651 696 2683 summum
727 2635 915 2682 bonum
943 2635 1102 2682 dicere
1128 2634 1315 2698 aliquid
1338 2634 1452 2681 licet
1469 2668 1485 2691 ‚

458 2715 509 2760 in
544 2729 645 2776 quo
689 2729 791 2760 non
824 2712 972 2761 finem
1006 2714 1252 2762 bonorum
1289 2727 1482 2778 ponas:

459 2808 604 2855 quare
629 2792 706 2839 his
725 2792 927 2853 adjectis
945 2792 1216 2856 significare
1232 2806 1407 2842 auctor
1430 2793 1483 2840 id

460 2874 619 2935 ipsum
644 2869 831 2918 bonum
850 2873 1029 2930 voluit,
1056 2874 1106 2919 in
1127 2889 1227 2936 quo
1249 2885 1373 2921 esset
1389 2874 1483 2921 ho-

461 2967 639 2999 norum
670 2950 797 2996 finis.
831 2950 974 2997 Adde
1010 2950 1109 2998 buc
1150 2954 1322 3010 etiam,
1350 2952 1483 3017 quod

460 3030 740 3095 superlativi
782 3031 1061 3076 Latinorum
1104 3032 1484 3094 Graeeorumque

462 3125 564 3156 non
601 3110 793 3172 plenam
826 3117 1103 3154 nostrorum
1141 3109 1239 3155 vim
1274 3110 1485 3171 habent,

463 3188 558 3236 nisi
591 3189 645 3234 in
682 3187 791 3234 soni
815 3186 929 3234 loco
964 3187 1123 3249 posita
1143 3220 1159 3245 ,
1198 3187 1283 3234 sed
1320 3189 1485 3251 potius

462 3267 616 3315 valde
629 3300 645 3325 ,
664 3266 929 3313 admodum
946 3266 1124 3314 valent.
1148 3266 1313 3313 Posuit
1325 3279 1486 3314 antem

463 3347 637 3395 Cicero
658 3344 988 3393 definitionem
1009 3362 1100 3411 pro
1120 3361 1243 3394 voce
1264 3346 1336 3393 rei
1357 3348 1486 3410 ipsa,

467 3436 518 3473 ut
550 3440 677 3487 saepe
705 3424 845 3471 solet.
872 3425 937 3473 G.

542 3517 563 3548 1
576 3518 624 3563 7.
651 3504 858 3564 Propter
872 3519 924 3550 se
942 3503 1097 3567 ipsam*
1112 3519 1228 3567 exp.
1259 3506 1490 3567 Ignorant

468 3592 564 3628 tres
595 3581 769 3644 optimi
802 3581 929 3642 mei,
961 3580 1066 3629 bini
1096 3585 1295 3630 Oxonn.
1327 3594 1375 3631 et
1408 3583 1492 3631 alii

467 3660 693 3718 aliorum,
709 3658 876 3723 ι’ρεαηι.
895 3661 1001 3707 Nec
1017 3660 1157 3709 vslde
1172 3661 1490 3722 desidet-abin

466 3739 697 3804 inprimis
721 3755 873 3802 quum
887 3740 1002 3787 alias
1016 3739 1169 3803 ipsam
1178 3757 1272 3805 per
1289 3757 1340 3788 se
1356 3757 1496 3805 expe·

468 3821 675 3867 tendam
703 3829 876 3867 auctor
903 3819 1049 3868 dicat.
1078 3820 1154 3868 cf.
1183 3836 1327 3884 snpra
1358 3823 1405 3881 1,
1438 3835 1497 3883 9,

470 3901 554 3958 3¹,
584 3909 680 3947 etc.
710 3900 774 3946 G.

548 3979 631 4025 18.
665 3977 733 4023 Et
759 3974 971 4039 quidem.
1007 3975 1157 4023 Multi
1192 3976 1341 4023 codd.
1368 3976 1501 4041 equi·

1570 2007 1669 2052 vim
1706 2016 1918 2053 norant:
1963 2004 2150 2069 quippe
2189 2020 2300 2069 qnae
2342 2006 2441 2053 Sed
2471 2021 2592 2053 sane

1565 2095 1757 2133 notent.
1790 2087 1855 2133 G.

1643 2178 1723 2226 19.
1771 2165 1884 2211 Non
1927 2163 2088 2211 dolere
2104 2199 2119 2219 ,
2167 2163 2400 2227 inquam,
2448 2162 2589 2210 istud.

1566 2241 1880 2290 Praemittitur
1900 2241 1977 2288 bis
1998 2243 2050 2288 in
2071 2241 2236 2289 multis
2261 2242 2409 2290 codd.
2436 2242 2588 2289 binis·

1565 2334 1661 2381 qne
1698 2320 1875 2367 nostris
1920 2336 2029 2366 cum
2044 2337 2064 2377 ,·
2096 2322 2241 2384 pauci
2269 2323 2416 2378 stan,
2445 2331 2591 2383 atque

1564 2397 1631 2444 its
1646 2398 1782 2461 prius
1797 2399 2003 2461 vulgata.
2028 2399 2195 2446 [amb.
2213 2400 2460 2463 ingeniose
2477 2417 2591 2448 sane

1571 2479 1723 2524 Tuum
1741 2476 1933 2537 scribit,
1954 2488 2011 2525 ut
2033 2495 2083 2526 v.
2106 2494 2154 2526 c.
2176 2479 2298 2526 scire
2317 2491 2451 2526 tuum
2469 2478 2596 2527 nihil

1567 2567 1664 2616 est,
1700 2555 1897 2615 dicitnr,
1925 2568 2018 2605 ete.
2046 2558 2117 2605 At
2147 2573 2259 2604 cum
2277 2574 2409 2607 exeo
2427 2571 2588 2607 ortum

1567 2646 1668 2691 est,
1701 2634 1836 2698 quod
1875 2635 2055 2683 vetusti
2093 2635 2241 2683 codd.
2280 2636 2450 2685 dolore
2482 2654 2593 2701 pec-

1568 2724 1708 2771 cant,
1760 2724 1817 2761 ut
1861 2725 1958 2762 tres
1996 2715 2090 2762 mei
2137 2716 2342 2779 optimi,
2381 2732 2589 2780 quorum

1566 2793 1669 2841 Erl.
1705 2802 1753 2839 et
1783 2793 1910 2857 Spir.
1943 2810 2052 2840 cum
2085 2795 2338 2857 ignorant,
2389 2795 2521 2844 Gud.
2560 2810 2588 2840 α

1565 2882 1727 2920 autem
1763 2888 1871 2919 cum
1910 2890 2032 2920 vero
2057 2873 2254 2935 dolere,
2281 2890 2378 2920 non
2398 2874 2450 2919 in
2469 2890 2591 2921 vero

1569 2962 1773 3011 mutata,
1803 2953 2017 3000 exhibet.
2053 2952 2256 3015 Vulgata
2281 2968 2390 2998 vera
2418 2962 2515 3010 est,
2545 2963 2593 2999 et

1569 3031 1685 3077 Non
1714 3031 1876 3078 dolere
1890 3066 1905 3087 ,
1936 3030 2235 3078 substantive
2256 3044 2349 3093 pro
2373 3028 2594 3077 indolen-

1571 3108 1644 3155 tia
1684 3108 1900 3172 positum
1925 3142 1939 3165 ,
1982 3106 2209 3154 consulto
2258 3108 2592 3170 proemittitur,

1571 3202 1723 3250 quum
1735 3187 1793 3251 *in
1812 3187 1911 3234 hoc
1930 3185 2177 3233 sententiae
2196 3186 2269 3233 vis
2286 3186 2366 3234 sit.
2393 3187 2456 3236 G.

1645 3278 1727 3312 no.
1756 3266 1815 3310 In
1841 3263 1931 3311 hoc
1953 3263 2145 3327 quidem
2160 3265 2481 3328 pertinacem.
2509 3271 2596 3315 Fa-

1574 3341 1666 3388 cile
1691 3341 1809 3388 addi
1835 3358 1910 3389 me
1931 3352 2121 3406 posset,
2145 3353 2198 3390 nt
2222 3346 2329 3393 Bas.
2357 3355 2470 3409 post
2490 3346 2596 3410 qui·

1575 3421 1684 3467 dem
1710 3420 1857 3468 habet
1879 3437 1891 3469 :
1919 3422 2007 3470 sed
2030 3422 2153 3470 nihil
2179 3439 2306 3487 opus
2334 3435 2438 3486 est;
2467 3442 2598 3490 saepe

1575 3500 1641 3547 its
1677 3499 2080 3549 subaudiendum.
2116 3503 2193 3551 cf.
2228 3506 2368 3553 Orat.
2411 3521 2459 3565 7,
2487 3520 2552 3567 ²7
2580 3521 2594 3555 z

1578 3602 1603 3621 κ
1622 3579 1719 3627 Sed
1757 3596 1847 3643 ego
1882 3580 2008 3628 idem
2022 3614 2036 3627 .
2056 3616 2071 3629 .
2093 3614 2106 3627 .
2128 3618 2139 3629 .
2179 3583 2428 3643 recordor,
2454 3584 2600 3649 longe

1580 3658 1808 3706 omnibus
1829 3676 1981 3708 unum
2001 3659 2145 3726 (me)
2170 3663 2403 3711 anteferre
2425 3665 2604 3712 Demo·

1581 3738 1801 3787 athonem
1821 3761 1863 3786 ι.
1891 3742 1953 3788 G.

1657 3833 1735 3865 αι.
1784 3818 1902 3882 Quis
1932 3819 2090 3879 istud,
2115 3820 2302 3885 inquit,
2328 3833 2499 3886 posset
2523 3838 2607 3883 ne·

1580 3902 1741 3963 gare?
1764 3899 1899 3946 Goer.
1924 3897 2006 3947 dat
2028 3899 2143 3964 Quis
2161 3900 2273 3959 isca,
2289 3900 2475 3965 inquit,
2495 3916 2607 3963 pos·

1584 3975 1647 4025 sie
1676 3992 1724 4026 n.
1754 3981 1852 4037 Ita,
1883 3979 2071 4042 inquit,
2091 3981 2307 4029 referunt
2326 3992 2423 4028 tres
2440 3978 2612 4043 optimi

471 4054 603 4103 dem.
632 4055 751 4103 Inde
778 4066 897 4119 puts
914 4089 930 4114 ‚
959 4054 1095 4118 quod
1121 4055 1295 4104 scribae
1322 4072 1411 4103 nec
1439 4059 1506 4104 Et
1587 4057 1741 4104 nostri
1764 4072 1778 4106 :
1809 4057 1903 4105 ista
1931 4072 2129 4123 quoqne
2160 4061 2268 4107 Bss.
2298 4059 2462 4107 habet.
2489 4055 2613 4102 Vul-

477 4130 777 4181 sdverssntis
793 4169 810 4197 ‚
848 4149 937 4181 nec
971 4131 1169 4196 quidem
1192 4135 1506 4183 asseverantis
1593 4147 1733 4198 gutur
1750 4137 1855 4201 quis
1872 4137 2021 4187 istud.
2044 4173 2057 4187 .
2078 4174 2092 4188 .
2113 4150 2283 4203 posset
2298 4153 2412 4202 neg.
2440 4139 2497 4183 In
2517 4134 2614 4181 hoc

2272 4248 2380 4293 10.
