3217 4784
775 461 899 529 DE
947 462 1119 532 FIN.
1175 462 1384 530 BON.
1431 461 1543 529 ET
1584 463 1802 530 MAI..
1848 464 1935 545 V,
1983 459 2094 530 30.

375 582 546 668 fert,
590 593 808 676 quam
863 604 1119 677 magna
1163 581 1432 668 dicam3

2354 461 2485 532 661

1494 605 1724 678 quum
1769 577 2239 680 expetenda8‚
2279 607 2497 679 quam

375 690 599 763 valde.
642 693 764 761 Sin
798 706 1041 762 autem
1081 715 1214 762 nec
1251 690 1656 789 expetenda
1694 716 1829 786 ego
1862 695 2081 788 magis
2108 746 2126 774 ,
2169 717 2385 788 quam
2420 706 2499 761 tu

376 800 737 898 eligenda,
788 825 922 872 nec
971 801 1089 871 illa
1141 800 1368 898 pluris
1418 799 1830 871 aestimanda
1875 827 2046 898 ego,
2092 806 2215 901 qui
2272 802 2500 888 bona,

377 935 593 1006 quam
631 924 751 996 tu,
787 912 916 1007 qui
953 909 1304 1006 producta
1343 908 1663 1007 appellas
1697 937 1712 978 ε
1755 914 2002 981 omnia
2046 915 2178 983 ista
2214 935 2503 983 necesse

378 1035 484 1090 est
520 1018 922 1104 obscurari,
957 1044 1089 1091 nec
1125 1043 1505 1117 apparere,
1547 1035 1618 1090 et
1652 1021 1729 1089 in
1767 1021 2089 1108 virtutiS,
2136 1038 2503 1119 tamquam

380 1133 451 1200 in
476 1131 644 1202 solis
668 1129 951 1201 radios9
991 1133 1383 1201 incurrere.
1417 1134 1507 1199 At
1527 1133 1722 1199 enim
1748 1184 1766 1215 ‚
1801 1154 1946 1227 qua
1981 1132 2053 1200 in
2072 1132 2224 1201 .vita
2254 1147 2361 1203 est
2389 1132 2505 1202 ali·
2545 1173 2603 1221 9¹

379 1240 556 1337 quid
583 1241 785 1327 mali,
807 1264 890 1311 ea
909 1264 1059 1312 esse
1081 1239 1291 1312 beata
1306 1265 1461 1311 non
1490 1254 1730 1337 potest
1747 1250 1830 1309 ¹⁰..
1857 1244 1963 1311 Ne
1994 1264 2195 1336 seges
2214 1241 2509 1338 quidem

379 1355 595 1446 igitur
634 1351 921 1448 spicis¹¹
976 1349 1330 1422 uberibus
1361 1364 1433 1420 et
1465 1347 1769 1435 crebris»,
1796 1351 1854 1420 si
1891 1374 2189 1420 avenam
2228 1353 2509 1448 uspiam

383 1459 641 1531 videris
671 1471 766 1546 ¹²3
818 1485 952 1532 nec
993 1474 1394 1531 mercatura
1443 1474 1889 1557 quaestuosa,
1945 1463 2002 1531 si
2052 1463 2129 1530 in
2190 1462 2515 1533 maximis

386 1572 600 1642 lucris
633 1593 887 1668 parum
920 1568 1189 1665 aliquid
1226 1569 1471 1641 damni
1495 1562 1557 1613 ¹3
1590 1571 2047 1640 contraxerit.
2094 1575 2204 1640 An
2233 1569 2373 1640 hoc
2400 1595 2513 1640 us·

454 1763 502 1809 8.
525 1763 680 1826 Quum
706 1776 825 1825 exp.
845 1761 1013 1809 Nostri
1035 1777 1230 1822 omnes,
1252 1777 1397 1825 qtmm

382 1858 495 1906 exp.
523 1852 578 1888 ut
601 1851 731 1889 recte
756 1840 940 1905 primus
975 1856 1069 1904 pro
1092 1839 1177 1888 din
1205 1840 1402 1904 vulgato

386 1936 534 1985 quam
558 1935 677 1982 exp.
695 1918 863 1967 Lamb.
890 1919 1122 1984 reposuit.
1152 1918 1214 1965 G.

455 2017 504 2062 9.
547 2000 609 2045 In
635 1996 827 2045 virtutis
846 2034 862 2056 ,
910 2009 1166 2061 tamquam
1203 1996 1253 2045 in
1289 1996 1403 2045 solis

385 2077 568 2126 radios.
590 2079 661 2124 Ita
685 2076 1003 2142 primns,pro
1032 2075 1235 2124 vir-mes
1253 2115 1266 2136 ‚
1292 2084 1405 2141 apte

386 2157 594 2218 conjecit
618 2156 784 2205 Daris.
814 2155 1062 2218 ediditque
1080 2155 1256 2203 deinde
1281 2156 1403 2205 Em.

389 2246 612 2299 recteque
635 2234 688 2282 id
712 2235 892 2283 sactum
918 2234 1070 2281 Marsi
1106 2235 1281 2298 probat
1320 2250 1407 2282 an-

388 2316 602 2363 ctoritss.
625 2316 693 2361 Ut
711 2313 816 2361 haec
833 2323 995 2361 antem
1022 2312 1249 2362 distincte
1270 2314 1408 2361 intel·

389 2396 600 2460 ligantur
620 2429 634 2453 ,
677 2394 949 2441 meminisse
1013 2404 1211 2459 oportet
1231 2429 1245 2451 ‚
1300 2409 1408 2457 (με

388 2475 554 2537 paucis
571 2484 680 2521 ante
695 2473 975 2521 notavimus
996 2472 1070 2537 (p.
1091 2479 1252 2537 snper.
1267 2489 1319 2519 n.
1341 2471 1409 2538 3).

389 2553 576 2602 Clarius
604 2567 860 2615 expressus
881 2551 1021 2599 locus
1047 2562 1152 2599 tum
1181 2551 1331 2608 soret,
1370 2551 1411 2599 si

391 2633 439 2678 in
457 2632 680 2696 proxime
695 2632 982 2695 antegressis
1000 2641 1171 2679 auctor
1196 2633 1412 2694 scripsis-

391 2722 486 2768 set,
514 2732 536 2754 ι
551 2712 712 2758 omnin
731 2710 821 2758 ists
837 2725 1030 2757 necesse
1044 2719 1141 2767 est,
1171 2721 1413 2773 tamqnam

392 2790 636 2838 stellarum
658 2789 825 2838 lumen
863 2788 1113 2838 obscurari
1133 2804 1151 2851 ς
1186 2791 1278 2837 nbc
1300 2805 1416 2853 app.

392 2883 544 2930 quum
578 2867 630 2914 in
661 2868 772 2912 virt.
795 2866 1046 2914 incurrant
1065 2888 1110 2916 »-
1130 2870 1194 2916 G.
1209 2867 1418 2915 —Idem

394 2946 530 2992 Goer.
555 2942 859 3006 interpungit
881 2958 893 2989 ε
942 2964 967 2983 ‹-
985 2944 1037 2990 in
1061 2944 1282 3001 virtutis,
1311 2956 1344 2992 t.
1364 2947 1416 2992 in

396 3025 533 3082 solis,
565 3022 728 3070 radios
747 3055 763 3079 ,
792 3023 888 3070 inc.
915 3044 939 3063 a·
967 3024 1113 3072 Certe
1139 3023 1308 3070 melius
1337 3024 1416 3070 in-

400 3104 671 3167 ter-pnngit,
706 3115 857 3162 quum
885 3101 1122 3164 virgulam
1154 3112 1269 3164 post
1304 3103 1418 3150 solis

398 3182 566 3246 ponit,
583 3195 677 3244 qua
703 3194 864 3226 carere
885 3195 988 3226 non
1017 3194 1274 3243 possumus
1296 3193 1309 3225 τ
1332 3180 1417 3227 sed

400 3260 601 3308 omnino
625 3273 921 3322 supervacua
949 3268 1022 3306 est
1054 3259 1199 3306 altera
1232 3258 1416 3322 virgula

400 3356 543 3404 quam
571 3340 716 3403 ponit
740 3348 855 3402 post
880 3337 1063 3386 radios.

477 3434 557 3468 lo.
584 3419 663 3464 Ea
686 3433 783 3466 esse
800 3417 946 3464 beata
967 3434 1064 3465 non
1086 3428 1262 3481 potest.
1285 3418 1419 3465 Goer.

333 3516 338 3520 ·
404 3512 589 3562 trausp.
617 3514 676 3545 ea
710 3498 852 3545 beata
891 3511 1010 3545 osse.
1046 3500 1184 3557 Hoc,
1226 3496 1388 3559 inquit
1407 3531 1421 3554 ‚

406 3577 576 3625 ordine
613 3578 770 3626 nostri
814 3592 981 3624 omnes
1013 3590 1026 3624 :
1065 3592 1177 3623 nam
1223 3578 1423 3624 Monac.

403 3657 491 3720 qni
514 3658 643 3705 bona
670 3672 768 3705 esse
791 3691 806 3716 ‚
843 3672 906 3702 ex
929 3656 1076 3702 simili
1101 3654 1421 3719 compendio,

407 3746 574 3799 peccat
592 3769 607 3794 ,
651 3736 766 3784 huic
805 3735 899 3799 ipsi
940 3734 1103 3782 ordini
1140 3735 1284 3782 favet.
1320 3735 1425 3782 Nec

407 3815 544 3862 aliter
587 3815 728 3863 Vien.
767 3816 919 3862 Mars.
966 3815 1096 3863 Crat.
1130 3814 1426 3877 reliqnoeque

411 3911 489 3940 vv.
516 3893 629 3942 edd.
656 3894 911 3958 pleraeque.
939 3893 1177 3957 vulgatus
1201 3881 1390 3957 positos
1414 3926 1428 3948 ,

410 3990 508 4020 esse
533 3973 692 4026 beata,
715 3989 893 4037 pravus
918 3955 1005 4038 xpei·
1029 3989 1080 4020 se
1103 3984 1189 4030 est,
1210 3989 1357 4036 quum
1376 3973 1428 4019 in

413 4053 581 4108 beata,
609 4063 658 4099 et
680 4067 778 4098 non
793 4064 972 4116 potest,
992 4053 1228 4100 enuntiati
1253 4052 1325 4098 vis
1347 4052 1426 4097 sit.

489 4145 570 4180 11.
595 4130 673 4186 Ns.-
698 4144 834 4195 seges
871 4132 1061 4195 quidem
1102 4130 1247 4194 igitur
1275 4130 1431 4193 spicis.

413 4212 550 4260 Goer.
581 4210 715 4258 addit
743 4222 814 4257 est
846 4222 957 4259 ante
985 4211 1139 4275 spicis.
1171 4212 1308 4270 Hoc,
1361 4209 1435 4256 in-

1491 1763 1597 1826 quit
1614 1799 1628 1820 ‚
1655 1762 1819 1810 abesse
1844 1763 2030 1826 nequit.
2071 1763 2179 1810 Bas.
2220 1771 2269 1809 et
2288 1762 2419 1812 Gnd.
2458 1779 2476 1810 1
2498 1797 2512 1819 ,

1490 1839 1701 1906 respicis.
1726 1840 1847 1889 Inde
1862 1840 2159 1902 conjecimus
2170 1875 2184 1899 ,
2206 1851 2281 1888 est
2296 1856 2356 1887 eo
2376 1840 2488 1888 loco
2499 1876 2514 1899 ‚

1491 1936 1592 1984 quo
1618 1921 1902 1984 posuimus,
1928 1919 2241 1968 obliteratum
2268 1936 2398 1976 esse,
2446 1919 2515 1967 sic

1493 1999 1691 2064 quidem
1707 2034 1723 2059 ,
1744 2011 1799 2047 ut
1811 1999 1928 2047 olim
1947 2015 2010 2046 ex
2030 1998 2177 2064 §gitur
2192 1998 2361 2047 ultima
2377 1999 2515 2046 litera

1495 2079 1792 2144 compendio
1830 2080 1935 2140 ejus
1968 2095 2011 2125 e.
2048 2077 2321 2126 adhaeserit.
2364 2075 2518 2126 Abest

1494 2159 1693 2222 quidem
1720 2157 1870 2220 igitur
1910 2157 1960 2203 in
1989 2156 2121 2204 Gnd.
2152 2173 2172 2203 ι
2191 2192 2205 2216 ,
2245 2156 2331 2204 sed
2348 2156 2519 2203 scribae

1492 2241 1545 2285 in
1579 2239 1675 2285 hac
1701 2248 1826 2300 part.
1863 2246 1961 2283 tam
1991 2236 2087 2283 alte
2112 2236 2321 2299 reposita
2351 2236 2516 2283 ofsen-

1495 2317 1636 2364 dunt.
1664 2316 1746 2365 Cf.
1779 2330 1924 2379 supra
1947 2317 1993 2373 1,
2042 2317 2125 2372 18,
2148 2315 2241 2373 61,
2264 2315 2345 2362 cll.
2368 2317 2519 2362 Tusc-

1496 2400 1550 2455 Ι,
1584 2392 1679 2452 34,
1723 2396 1788 2442 82
1818 2408 1830 2441 :
1881 2415 1902 2437 ι
1935 2394 2011 2441 Ne
2036 2393 2088 2440 in
2116 2395 2281 2440 animo
2321 2394 2520 2456 quidem

1497 2474 1646 2538 igitur
1674 2489 1843 2520 sensus
1864 2482 2078 2520 remanet
2094 2494 2142 2521 n.
2162 2472 2450 2536 Respondet
2470 2471 2520 2518 h.

1497 2555 1536 2603 1.
1566 2568 1725 2617 groeco
1743 2556 1882 2621 γοῦν,
1907 2563 1964 2599 nt
1980 2568 2127 2615 saepe.
2143 2577 2215 2588 -—
2233 2552 2457 2600 Ceterum
2481 2552 2523 2598 si
2555 2543 2559 2547 ’

1500 2644 1576 2681 est
1590 2648 1695 2681 non
1720 2632 1869 2680 addas
1884 2667 1899 2690 ‚
1921 2630 2310 2680 subandiendum
2330 2632 2448 2693 erit,
2463 2645 2523 2678 eo

1501 2726 1668 2761 sensu:
1684 2713 1813 2775 Ergo
1832 2727 1896 2758 ne
1911 2726 2045 2774 seges
2062 2710 2260 2773 quidem
2278 2721 2352 2758 est
2367 2709 2523 2758 beata.

1580 2807 1599 2839 1
1612 2807 1661 2840 a.
1722 2790 1775 2838 Se·
1816 2806 2026 2838 avenam
2079 2789 2269 2852 uspiam
2322 2788 2523 2837 videris.

1512 2870 1729 2933 Uspiam,
1758 2869 1895 2933 qnod
1938 2869 2103 2916 Davis.
2143 2884 2206 2915 ex
2242 2866 2370 2915 binis
2402 2869 2525 2927 suis,

1505 2964 1617 2995 cum
1645 2948 1867 2995 Victorio
1886 2982 1900 3005 ,
1938 2946 2104 2992 Lamb.
2132 2946 2185 2995 P.
2214 2947 2403 2993 Manat.
2431 2962 2524 3010 pro

1504 3026 1658 3090 ipsam
1678 3061 1694 3083 ‚
1728 3025 1865 3089 quod
1891 3025 2030 3072 nihili
2057 3033 2154 3084 est,
2176 3028 2426 3089 reposuit,
2452 3042 2526 3073 re·

1505 3106 1668 3153 serunt
1709 3103 1839 3167 Spir.
1884 3103 1985 3151 Erl.
2022 3105 2172 3151 Mars.
2212 3114 2261 3151 et
2299 3105 2431 3153 Crat.
2476 3105 2527 3151 in

1505 3197 1655 3246 marg.
1679 3181 1875 3245 Reliqui
1902 3183 2055 3229 nostri
2079 3198 2283 3245 usquam
2306 3195 2528 3247 peccant.

1509 3289 1578 3298 —-
1595 3264 1671 3309 De
1694 3276 1844 3308 avena
1871 3271 2032 3308 sutem
2059 3262 2209 3325 segeti
2233 3262 2435 3320 nociva,
2457 3261 2527 3309 cf.

1509 3340 1634 3388 Ptin.
1653 3342 1718 3388 H.
1747 3340 1811 3387 N.
1832 3339 2009 3387 xvm
2024 3373 2040 3397 ,
2075 3356 2131 3400 ¹7
2145 3373 2163 3401 ‚
2177 3350 2226 3387 et
2250 3356 2360 3403 quae
2386 3340 2532 3388 colle-

1513 3434 1624 3483 gere
1648 3417 1720 3466 ibi
1740 3418 1852 3464 intt.
1879 3418 1940 3466 G.

1588 3498 1669 3545 13.
1709 3498 1891 3543 Parum
1940 3495 2136 3560 aliquid
2181 3496 2365 3546 damni.
2400 3498 2535 3546 Binis

1513 3575 1648 3624 notis
1674 3574 1871 3622 damnat
1890 3576 2216 3638 Ermparum,
2244 3577 2393 3625 altera
2419 3578 2531 3638 sirn-

1512 3655 1734 3719 pliciter,
1764 3654 1912 3702 altera
1939 3656 2043 3715 eius
2066 3655 2181 3703 loco
2197 3657 2348 3721 parvi
2377 3658 2536 3718 conji-

1514 3736 1664 3783 ciens.
1693 3734 1790 3782 Sed
1802 3750 1982 3799 parum
2011 3752 2139 3801 saepe
2171 3736 2407 3797 adjective
2428 3751 2537 3784 oum

1515 3813 1732 3863 secundo
1757 3830 1870 3862 casu
1898 3814 2100 3873 dieitur;
2129 3826 2177 3863 et
2200 3815 2393 3881 aliquid
2407 3814 2541 3862 addi·

1518 3906 1598 3942 tur
1638 3893 2004 3941 accommodate
2035 3893 2099 3941 ad
2140 3909 2347 3958 graecum
2388 3890 2541 3961 ὀλίγον

1520 3989 1564 4019 τι
1590 3969 1773 4038 ζημίας.
1795 3974 1862 4020 G.
1882 4000 1943 4009 —-
1978 3973 2155 4020 Parum
2172 3971 2369 4036 aliquid
2386 3974 2542 4020 Brenn.

1523 4047 1648 4099 nihil
1691 4067 1794 4098 esse
1835 4051 1978 4109 dicit,
2021 4068 2108 4098 nec
2166 4066 2367 4114 usquam
2420 4050 2542 4113 legi,

1524 4131 1722 4192 ejusque
1742 4129 1852 4178 loco
1863 4131 2083 4194 paullum
2094 4129 2289 4194 aliquid
2298 4129 2547 4194 (sequente

1527 4208 1744 4273 schiitz.)
1774 4210 2105 4270 commendat,
2142 4226 2240 4272 qno
2269 4221 2315 4258 et
2349 4210 2520 4259 Cicero
2538 4245 2551 4269 ‚
