3217 4784
848 433 973 502 m:
1022 432 1192 501 ΠΝ.
1245 431 1452 498 BoN.
1506 430 1624 497 ET
1672 431 1891 498 MAL.
1943 431 2047 512 11,
2101 449 2206 520 19.

2445 422 2571 493 23¹

453 555 743 651 luptatis
784 578 1030 639 causa,
1064 577 1216 649 quo
1247 550 1465 621 modo
1501 573 1667 619 eum
1704 548 1991 621 tandem
2025 547 2335 619 laturum
2373 544 2585 615 fuisse

456 665 810 736 existimes
830 659 862 706 ⁶
886 664 914 733 Ρ

547 778 717 845 Esto
763 803 777 844 ε
821 771 1109 857 fecerit,
1151 773 1209 840 si
1269 772 1365 841 ita
1419 771 1560 853 vis,
1603 770 2017 864 Torquatus
2061 781 2362 865 propter
2418 787 2581 835 suas
2620 784 2682 834 δι

452 885 833 969 utilitates;
889 881 1081 952 malo
1140 880 1334 949 enim
1396 877 1671 968 dicere,
1725 902 1941 974 quam
2001 877 2445 974 voluptates,
2509 873 2584 942 in

452 1008 657 1066 tanto
712 991 1105 1091 proesertim
1154 992 1309 1061 viro
1330 1000 1353 1044 ⁷

1416 1016 1432 1060 ε
1486 1013 1665 1061 num
1717 991 1932 1059 etiam
1985 990 2139 1084 ejus
2190 989 2462 1084 collega
2507 991 2578 1057 P.

452 1097 767 1176 Decius⁸
792 1158 812 1190 ‚
852 1104 1190 1202 princeps
1226 1102 1301 1172 in
1341 1125 1425 1173 ea
1455 1098 1721 1171 familia
1758 1097 2210 1186 consulatuS,
2244 1121 2473 1194 quum
2506 1121 2583 1167 se

454 1211 885 1300 devovebat,
931 1226 1003 1284 et
1062 1236 1255 1309 equo
1290 1210 1600 1285 admisso
1655 1211 1729 1279 in
1767 1206 2076 1280 mediam
2116 1209 2338 1279 aciem
2385 1211 2579 1278 Lati-

455 1346 719 1393 norum
758 1321 1077 1396 irruebat
1092 1333 1147 1407 ⁹,
1188 1318 1459 1418 aliquid
1492 1318 1583 1390 de
1622 1315 2115 1416 voluptatibus
2151 1319 2298 1387 suis
2326 1318 2582 1413 cogita-

523 1562 572 1611 ⁶.
602 1559 1007 1628 Laturumfuisse
1025 1559 1271 1608 existimes
1285 1565 1314 1607 ι’
1335 1561 1472 1607 Goer.

454 1638 536 1686 dat
572 1640 822 1688 existimas
840 1674 855 1697 ,
897 1649 1133 1702 notatque
1159 1652 1172 1686 :
1204 1640 1274 1685 Ita
1304 1635 1475 1699 scripti

451 1713 649 1782 plurimi
671 1754 686 1777 ‚
713 1729 1087 1779 nostrorumque
1105 1726 1316 1777 quatuor
1347 1729 1360 1762 ε
1385 1729 1474 1760 nec

452 1796 589 1845 aliter
622 1796 743 1845 editi
784 1807 967 1844 veteres
1014 1794 1235 1857 plerique
1283 1808 1471 1841 omnes.

454 1877 787 1924 Inversionem
803 1910 818 1934 ‚
844 1873 1017 1922 crebro
1044 1872 1239 1920 obviam
1257 1909 1273 1935 ,
1295 1883 1469 1938 putes,

452 1967 540 2014 per
566 1968 836 2001 sermonem
860 1951 1148 1999 vividiorem
1171 1963 1346 1999 natam.
1379 1953 1469 1999 Di-

454 2031 554 2076 vin.
572 2032 647 2088 11,
693 2045 753 2090 71
775 2065 789 2089 ,
828 2031 961 2083 146:
993 2051 1018 2070 -
1040 2041 1093 2077 ut
1134 2030 1254 2078 mibi
1295 2031 1470 2077 mirum

452 2108 678 2156 videatur
730 2138 801 2155 ...
849 2108 1098 2170 quomodo
1143 2110 1257 2167 isti,
1298 2110 1340 2155 si
1390 2124 1471 2155 so·

452 2188 638 2235 mnium
667 2201 831 2233 verum
849 2186 998 2234 evasit
1020 2186 1219 2249 aliquod
1240 2221 1255 2244 ‚
1275 2203 1376 2235 non
1410 2204 1472 2235 ex

452 2265 616 2314 multis
655 2267 821 2330 potius
867 2265 955 2312 uni
1006 2263 1155 2312 fidem
1200 2265 1434 2329 derogant
1457 2300 1470 2323 ‚

452 2360 599 2409 quam
645 2362 709 2394 ex
752 2360 852 2393 uno
888 2342 1261 2392 innumerabilia
1292 2343 1470 2392 confir·

450 2434 585 2472 mant
602 2446 642 2470 n.
666 2425 806 2472 Orat.
836 2425 886 2482 Ι,
910 2439 1004 2484 29,
1034 2419 1127 2472 133
1157 2435 1169 2469 :
1206 2443 1228 2465 ι
1257 2424 1470 2471 utnobis

451 2502 684 2566 explices,
713 2501 955 2566 quidquid
975 2513 1045 2549 est
1063 2501 1195 2549 istud
1213 2534 1229 2560 ,
1257 2501 1392 2564 quod
1417 2513 1468 2549 tu

449 2583 503 2631 in
551 2582 760 2631 dicendo
806 2594 948 2647 potes
988 2601 1034 2630 a.
1086 2580 1229 2630 Plura
1272 2580 1469 2645 collegit

450 2662 633 2725 Wopk.
677 2666 832 2711 Lectt.
869 2678 979 2726 pag.
1032 2664 1149 2717 145.
1195 2663 1306 2710 Hoc
1351 2662 1467 2709 loco

448 2739 694 2789 existimes
713 2774 728 2799 ‚
762 2740 898 2804 quod
943 2739 1136 2802 vulgata
1183 2741 1359 2797 refert,
1405 2740 1467 2787 ad

450 2829 739 2866 structuram
764 2818 808 2865 st'
825 2835 944 2865 vero
972 2852 985 2865 .
1001 2851 1012 2864 .
1027 2852 1039 2865 .
1070 2819 1315 2880 quomodo
1337 2853 1351 2875 ,
1374 2819 1465 2866 ali·

448 2898 570 2962 qnid
590 2915 676 2964 per
701 2914 751 2945 se
775 2897 951 2956 habet,
981 2913 1069 2944 eur
1092 2899 1324 2947 offendat.
1355 2900 1466 2948 Vel·

452 2977 519 3026 les
540 2989 701 3026 autem
728 2989 778 3025 et
803 2977 986 3024 diceres
1011 2974 1159 3040 (qnae
1186 2977 1463 3041 imperfecta

450 3074 476 3105 a
542 3057 815 3121 praegressis
864 3054 1081 3119 pendent
1116 3055 1138 3120 )
1195 3072 1464 3119 graecorum

452 3138 780 3200 optativorum
806 3135 920 3182 loco
941 3134 1099 3198 posita
1129 3135 1339 3197 putabis.

526 3232 572 3273 7.
614 3216 750 3263 Malo
780 3213 908 3262 enim
1034 3212 1165 3260 viro.
1204 3214 1353 3271 naec,
1391 3217 1466 3264 in·
1558 3256 1569 3267 ,
1592 3253 1603 3264 .

452 3297 557 3359 quit
599 3299 837 3354 Goereus,
878 3291 1179 3358 parenthesis
1214 3292 1366 3356 signis
1394 3294 1468 3341 di-

356 3426 366 3434 ,
452 3375 737 3439 stingnenda
757 3385 908 3422 erant.
937 3371 1127 3421 Deinde
1149 3371 1227 3419 vel
1248 3372 1316 3419 sic
1337 3375 1469 3421 exei-

452 3454 577 3502 dine
603 3470 713 3503 cum
745 3454 945 3501 Davisio
970 3451 1164 3508 credas3
1193 3451 1269 3497 vel
1296 3473 1321 3492 κ
1340 3452 1469 3500 malo

450 3533 579 3581 enim
596 3535 663 3581 ita
688 3533 848 3580 dicere
864 3554 888 3574 ιι
913 3529 1226 3579 scribendum
1253 3546 1355 3578 esse
1371 3565 1386 3586 .
1416 3543 1470 3580 ut

449 3624 577 3661 recte
615 3613 775 3660 Brem.
820 3613 890 3659 sic
930 3621 1177 3658 auctorem
1204 3626 1361 3657 amare
1395 3613 1467 3658 vi-

449 3693 536 3741 dit.
556 3692 714 3740 Possis
748 3691 928 3739 rectius
948 3690 1072 3738 adeo
1098 3689 1229 3737 malo
1261 3689 1388 3737 enim
1414 3690 1471 3737 id

447 3770 543 3820 dic.
566 3772 809 3832 conjicere
834 3787 848 3828 ;
893 3771 958 3818 ita
981 3769 1113 3817 enim
1140 3781 1311 3817 auctor
1328 3785 1466 3832 aeqne

446 3867 605 3916 saepet
629 3851 767 3915 quod
790 3852 842 3898 in
868 3849 960 3898 hac
980 3848 1226 3897 vicinitate
1244 3849 1467 3898 excidere

449 3930 585 3987 facile
609 3931 787 3995 potuit.
807 3930 970 3977 Unum
984 3940 1117 3976 certe
1139 3945 1203 3977 ex
1223 3929 1300 3976 his
1312 3929 1469 3977 tribus

449 4006 725 4057 addendum
761 4019 865 4065 est,
909 4009 1004 4056 nisi
1035 4025 1205 4057 vocem
1237 4008 1466 4057 utilitates

450 4095 559 4132 ante
576 4086 735 4136 dicere
752 4087 1004 4153 repetitam
1026 4088 1166 4146 velis3
1183 4087 1321 4151 quod
1341 4088 1469 4136 idem

450 4180 511 4211 ex
555 4168 766 4214 auctoris
806 4183 896 4216 usu
939 4178 1012 4216 est
1033 4186 1045 4215 :
1091 4178 1144 4214 nt
1191 4178 1350 4217 antem
1394 4169 1467 4215 lo-

1561 1570 1647 1602 ens
1684 1554 1932 1618 vulgatur,
1976 1569 2201 1605 mancum
2231 1562 2358 1601 reete
2387 1564 2581 1605 statues.

1634 1636 1681 1682 8.
1713 1637 1840 1683 Num
1866 1636 2016 1683 etiam
2039 1636 2143 1701 ejus
2172 1635 2284 1683 coll.
2308 1636 2357 1684 Ρ.
2388 1635 2580 1684 Decius.

1561 1715 1697 1763 Goer.
1735 1714 1866 1763 delet
1891 1712 2010 1779 ejus.
2035 1716 2177 1771 Hoc,
2213 1712 2405 1778 inquit,
2451 1715 2579 1778 Spir.

1559 1803 1607 1840 et
1627 1794 1726 1843 Erl.
1756 1795 1955 1844 meliore
1995 1810 2109 1842 sane
2135 1794 2278 1851 loco,
2303 1795 2576 1857 postponit.

1558 1873 1789 1922 Omnium
1810 1890 1924 1923 vero
1943 1875 2131 1939 optime
2161 1872 2293 1921 idem
2325 1870 2457 1920 Gad.
2481 1887 2508 1917 a
2531 1887 2581 1919 et

1559 1949 1667 2001 Bas.
1691 1953 1941 2017 ignorant,
1965 1954 2149 2017 quippe
2172 1949 2306 2016 qnod
2329 1965 2473 2014 pron.
2497 1965 2578 1996 an·

1558 2041 1667 2078 etur
1688 2048 1786 2079 non
1804 2033 1961 2079 solnm
1980 2048 2108 2097 saepe
2127 2032 2197 2077 sic
2226 2030 2416 2077 omittat
2433 2064 2448 2085 ,
2494 2030 2577 2075 sed

1558 2111 1726 2169 etiam,
1751 2111 1791 2157 si
1828 2127 1970 2175 pron.
1995 2110 2252 2166 voluisset,
2292 2106 2432 2172 luejm
2458 2107 2576 2171 poni

1556 2189 1816 2238 maluisset.
1857 2214 1928 2225 —-
1952 2190 2046 2235 Hic
2090 2190 2184 2236 suit
2217 2189 2393 2237 Decius
2444 2186 2574 2234 Mus.

1558 2268 1722 2328 Quum
1770 2267 1949 2315 bellum
1985 2278 2154 2315 contra
2211 2269 2407 2319 Latinos
2464 2281 2572 2314 eum

1556 2348 1810 2409 Torquato
1835 2347 2021 2410 collega
2059 2358 2271 2410 gereret,
2296 2359 2441 2412 atque
2468 2364 2576 2395 ora-

1556 2427 1719 2474 culum
1746 2427 2030 2474 declarasset
2053 2426 2185 2473 hunc
2210 2428 2477 2475 exercitum
2505 2429 2574 2474 vi·

1556 2517 1749 2553 ctnrum
1781 2506 1920 2566 cujus
1947 2506 2210 2568 imperator
2225 2505 2453 2553 Manibus
2473 2523 2575 2554 sese

1556 2586 1836 2644 devoveret,
1852 2586 2030 2632 Decius
2043 2601 2154 2632 cum
2168 2586 2417 2648 Torquato
2433 2589 2571 2649 pepi-

1556 2666 1648 2729 git,
1682 2676 1735 2714 ut
1764 2667 1804 2712 is
1829 2682 1880 2714 se
1903 2665 2191 2726 devoveret,
2222 2664 2307 2728 qui
2335 2667 2572 2714 exereitus

1555 2745 1695 2803 alam,
1708 2745 1787 2792 cui
1802 2755 2046 2807 praesset,
2062 2746 2276 2792 fatiscere
2294 2744 2504 2793 videret:
2525 2756 2572 2792 et

1554 2839 1703 2887 quum
1723 2825 1794 2873 ala
1815 2826 1894 2873 cni
1911 2826 2086 2873 Decius
2103 2824 2367 2889 imperabat
2377 2824 2570 2884 jamiam

1554 2903 1867 2968 frangeretur,
1886 2907 1987 2969 ipse
2009 2906 2060 2951 in
2079 2904 2242 2951 hostes
2265 2919 2366 2950 sese
2390 2903 2570 2955 immit-

1553 2995 1662 3032 tens
1688 2983 1940 3032 victoriam
1966 2983 2198 3029 Romanis
2223 2979 2534 3042 comparavit.

1624 3080 1673 3125 9.
1700 3063 1855 3123 Qmem
1882 3079 1934 3109 se
1951 3059 2232 3115 devovebat,
2261 3068 2330 3105 et.
2346 3092 2358 3104 .
2374 3092 2388 3105 .
2417 3058 2569 3104 ernes-

1554 3142 1653 3188 bat.
1682 3143 1817 3189 Goer.
1849 3140 1932 3186 dat
1956 3154 2101 3201 quum
2130 3153 2181 3183 se
2217 3137 2494 3192 devoveret,
2529 3146 2577 3183 ee

1631 3252 1643 3265 .
1689 3217 1920 3264 irruebat.
1959 3219 2106 3264 Recte
2123 3249 2137 3271 ‚
2191 3213 2374 3277 inquit,
2401 3215 2570 3262 retinet

1555 3299 1715 3345 Brem.
1739 3297 1988 3344 devoveret
2006 3329 2021 3353 ,
2042 3294 2298 3341 lectionem
2324 3304 2428 3341 tum
2448 3294 2567 3341 seri-

1557 3385 1752 3439 ptorum
1771 3410 1785 3432 ‚
1810 3385 1913 3421 tum
1953 3384 2068 3423 vett.
2090 3388 2404 3432 excusorum,
2439 3388 2571 3421 com-

1557 3470 1749 3501 munem
1773 3470 1789 3513 ς
1812 3454 1898 3501 sed
1923 3454 2007 3501 vix
2034 3468 2195 3502 veram
2215 3453 2318 3518 ejus
2336 3452 2571 3500 rationem

1555 3533 1702 3581 vidit.
1746 3534 1861 3582 Non
1906 3534 2035 3581 enim
2079 3543 2177 3580 tam
2233 3532 2574 3594 conjunctivus

1555 3624 1657 3672 est,
1690 3629 1833 3676 quam
1863 3615 2140 3678 optativus3
2188 3624 2240 3660 et
2273 3622 2435 3661 autem
2481 3628 2574 3675 pro

1554 3703 1605 3739 ee
1637 3693 1739 3750 ita,
1775 3705 1830 3741 ut
1851 3709 2014 3758 saepe,
2051 3692 2332 3757 accipienda
2376 3703 2468 3740 est.
2512 3694 2580 3738 Ee

1554 3783 1715 3821 antem
1736 3806 1752 3830 ‚
1779 3784 1827 3820 et
1846 3789 1941 3838 que
1954 3811 1969 3834 ,
1987 3775 2027 3820 si
2046 3785 2097 3820 et
2111 3772 2184 3820 ica
2201 3772 2364 3820 valent
2383 3804 2399 3829 ‚
2415 3770 2577 3834 dispa-

1556 3853 1624 3899 ria
1641 3868 1768 3915 saepe
1785 3862 1832 3899 et
1854 3864 2069 3915 tempora
2088 3862 2136 3900 et
2155 3851 2330 3900 modos
2343 3851 2548 3913 jungere
2563 3884 2577 3901 .

1557 3930 1876 3994 probabimus
1924 3931 2143 3980 inferius.
2205 3932 2375 3994 Neque
2431 3930 2484 3975 in
2530 3946 2576 3973 v.

1557 4011 1784 4059 devovere
1825 4022 1920 4060 tam
1958 4010 2233 4059 devotionis
2269 4007 2541 4056 cerimonia
2563 4042 2578 4062 ,

1558 4107 1702 4155 qnam
1745 4090 2000 4140 eonsilium
2019 4127 2034 4149 ,
2083 4105 2254 4153 resque
2303 4089 2405 4151 ipsa
2442 4086 2582 4147 cogi·

1559 4170 1704 4218 tanda
1732 4176 1821 4218 est.
