3217 4784
630 311 670 383 5
688 338 707 381 ι
723 332 770 381 o
1304 311 1400 376 M.
1452 309 1531 375 Τ.
1584 304 2080 376 CICERONIS

629 452 774 508 tem
796 486 817 523 ‚
853 436 913 505 si
948 431 1081 503 tibi
1113 431 1231 505 illa
1252 424 1776 528 probabantur,
1820 448 1953 498 cur
1986 450 2140 497 non
2178 426 2490 525 propriis
2518 425 2770 499 verbis

628 545 751 615 illa
783 540 1078 615 tenebas
1101 536 1314 611 ⁸?Sin
1347 552 1418 610 te
1449 539 1841 609 auctoritas
1867 535 2411 626 commovebat,
2452 536 2768 609 nobisne

629 652 1007 737 omnibus»,
1048 664 1122 722 et
1158 649 1439 722 Platoni
1474 648 1653 746 ipsi,
1703 648 1948 719 nescio
1990 669 2211 744 quem
2253 646 2514 718 illum⁹
2556 662 2768 720 ante·

631 761 1009 864 ponebas?
1041 762 1434 860 praesertim
1473 774 1704 857 quum
1737 762 1812 830 iu
1842 757 2211 856 republica
2243 759 2581 856 princeps
2607 782 2769 831 esse

632 871 852 946 velles
872 923 893 959 ‚
926 869 1019 943 ad
1045 894 1351 967 eamque
1378 867 1724 941 tuendam
1762 890 1929 941 cum
1961 890 2243 941 summa
2267 882 2394 940 tua
2415 867 2769 966 dignitate

637 984 942 1055 maxime
992 1006 1034 1053 a
1090 978 1305 1052 nobis
1358 980 1599 1052 ornari
1641 993 1858 1077 atque
1910 978 2173 1050 instrui
2217 998 2488 1077 posses,
2539 976 2772 1051 Nobis

637 1096 831 1166 enim
881 1094 1014 1164 ista
1061 1093 1359 1189 quaesita
1383 1146 1405 1180 ,
1463 1114 1505 1162 a
1551 1088 1764 1162 nobis
1807 1089 2203 1188 descripta,
2242 1102 2531 1178 notata,
2583 1113 2773 1187 prae-

638 1217 849 1301 cepta
877 1217 1089 1290 sunt;
1118 1203 1604 1298 omniumque
1631 1198 2339 1298 rerumpublicarum
2371 1203 2734 1272 rectiones
2751 1254 2772 1290 ,

639 1332 943 1413 genera,
978 1327 1240 1400 status,
1273 1311 1750 1399 mutationes,
1788 1308 1980 1408 leges
2017 1310 2233 1381 etiam
2256 1363 2276 1398 ,
2307 1321 2381 1380 et
2415 1308 2776 1395 instituta,

641 1448 724 1497 ac
749 1447 989 1496 mores
1010 1431 1077 1468 ¹⁰
1096 1426 1466 1494 civitatum
1494 1422 2065 1520 perscripsimus.
2089 1417 2538 1517 Eloquentiae
2569 1444 2775 1508 vero,

642 1560 803 1634 quae
842 1548 918 1608 et
952 1532 1405 1633 principibus
1439 1532 1755 1604 maximo
1796 1545 2225 1604 ornamento
2263 1539 2478 1616 estu,
2513 1536 2588 1602 et
2628 1554 2777 1628 qua

719 1761 770 1807 8.
793 1756 850 1806 Si
870 1755 955 1806 aba·
976 1753 1434 1821 illapmbabantnr,
1456 1770 1547 1802 eur
1569 1768 1669 1803 non
1754 1753 1912 1803 malis.
1928 1750 2228 1817 sie-Vulgo
2245 1751 2371 1802 male
2385 1751 2783 1817 interrogationis

659 1872 673 1886 .
694 1871 708 1885 .
728 1870 745 1885 .
781 1836 977 1885 tenebas
992 1840 1021 1883 ι’
1039 1836 1173 1885 Goer.
1196 1833 1365 1882 scribit
1378 1834 1670 1899 probantur.

648 1915 794 1965 Unde
809 1949 825 1974 ,
855 1916 1040 1979 inquit,
1082 1912 1294 1977 vulgate
1331 1911 1677 1976 probabantur

649 1995 747 2057 sit,
774 1995 1050 2054 medmm3
1092 2004 1206 2041 nam
1252 2004 1423 2039 omnes
1465 1992 1671 2040 Oxonn.

651 2088 914 2136 omnesque
935 2072 1091 2120 nostri
1104 2071 1405 2134 probcmtun·
1427 2082 1521 2119 nec
1535 2070 1677 2119 aliter

651 2153 775 2202 editi
809 2161 1017 2199 veteres.
1059 2153 1226 2214 Atque
1272 2151 1363 2198 iata
1411 2166 1525 2198 sane
1562 2164 1678 2198 vera

652 2230 802 2280 lectio
828 2227 1022 2277 videtur
1035 2264 1051 2289 ‚
1073 2229 1117 2277 si
1134 2230 1205 2277 sic
1223 2230 1330 2279 bac
1350 2228 1675 2287 intellexeris,

653 2312 736 2360 «si
759 2325 873 2359 cum
892 2309 991 2359 illis
1012 2310 1192 2369 sentis,
1221 2299 1430 2361 cni-‘non
1450 2344 1466 2371 ‚
1493 2326 1551 2359 ea
1570 2311 1678 2375 ipsa

654 2406 920 2449 enarrans,
949 2389 1119 2440 eadem
1152 2404 1265 2440 euin
1288 2391 1387 2439 illis
1416 2390 1564 2439 verba
1588 2389 1679 2438 ad-

652 2469 856 2520 hibebas
876 2472 899 2517 Ρ
938 2491 965 2513 ο
1014 2467 1208 2534 Vulgus
1246 2469 1394 2529 dicit,
1436 2488 1461 2511 ιι
1510 2482 1681 2517 eornm

651 2560 850 2613 qnoque
882 2548 1271 2611 terminologiam
1315 2546 1594 2611 sequebaris
1617 2549 1679 2595 9·
1773 2581 1787 2594 .
1810 2583 1824 2596 .
1846 2582 1858 2595 .

653 2628 806 2692 Quod
823 2628 866 2675 si
878 2627 1223 2692 probabantur·
1252 2627 1506 2676 retinueris
1521 2661 1536 2687 ,
1571 2642 1682 2674 mn-

656 2708 868 2768 tatajm
886 2707 1087 2755 Catonis
1117 2706 1361 2755 sentiendi
1391 2707 1518 2755 ratio
1542 2705 1682 2754 vide-

656 2787 808 2835 bitur.
833 2787 945 2833 VV.
976 2787 1093 2835 DD.
1120 2783 1256 2833 haud
1282 2780 1431 2833 dubie
1469 2796 1683 2850 praesens

654 2866 997 2931 neglexerunt,
1024 2864 1220 2928 imperf.
1244 2878 1306 2911 ex
1319 2864 1683 2913 consecutionis

656 2946 844 2994 ratione
878 2942 1205 2992 necessarium
1233 2940 1509 3003 iudicantes
1546 2955 1560 2989 ε
1596 2940 1685 2990 sed

660 3024 767 3073 boec
786 3024 838 3073 h.
862 3022 900 3071 1.
931 3022 1062 3071 nulla
1085 3029 1176 3069 est.

726 3120 780 3167 9.
810 3101 992 3151 Nescio
1041 3116 1185 3165 quens
1224 3098 1384 3147 illum.
1413 3097 1546 3148 oud.
1581 3115 1604 3146 ι
1634 3109 1684 3148 et

655 3184 764 3231 Bas.
799 3181 939 3230 illum
959 3182 1218 3245 ignorant,
1246 3177 1382 3227 Gud.
1413 3193 1441 3225 a
1459 3214 1477 3237 ‚
1509 3179 1681 3229 ullum.

657 3261 754 3310 Sed
769 3260 944 3309 sen’bae
966 3275 1069 3308 non
1090 3267 1350 3322 ceperunt,
1382 3273 1526 3321 pron.
1547 3258 1683 3308 illum

656 3340 1054 3400 sicsnbiectnm,
1098 3345 1433 3407 contemptun
1473 3350 1680 3401 angere3

655 3419 744 3482 qui
769 3417 850 3466 vel
873 3416 1038 3465 verbis
1073 3413 1237 3463 meio
1276 3428 1419 3479 quem
1457 3416 1680 3467 inheret.

658 3498 735 3549 cf.
762 3497 826 3544 de
846 3495 944 3543 hoe
967 3508 1062 3544 usu
1091 3494 1403 3558 pronominis
1428 3494 1513 3544 ille
1535 3497 1685 3547 Corte

657 3574 721 3623 ad
756 3574 906 3624 Divv.
941 3576 992 3632 1,
1023 3591 1103 3638 ep.
1128 3590 1188 3636 9,
1223 3589 1309 3623 αι.
1350 3575 1486 3623 Idem
1513 3586 1685 3626 eontra

657 3654 958 3720 premissum
998 3654 1052 3700 in
1097 3650 1291 3700 laudern
1341 3652 1523 3702 dieitur
1547 3692 1562 3716 ‚
1590 3670 1685 3720 pro

656 3731 814 3780 Arch-
845 3746 902 3791 7,
925 3731 1021 3779 15:
1047 3752 1075 3774 ιι
1099 3742 1203 3780 turn
1228 3731 1354 3780 illud
1373 3734 1539 3782 nescio
1562 3734 1685 3799 quid

658 3808 942 3875 praclarum
954 3825 1011 3858 ac
1024 3809 1266 3874 singulare
1287 3810 1686 3877 ὀἰκειῶται-

656 3904 805 3956 quam
825 3888 969 3937 etiem
993 3889 1063 3937 sie
1086 3888 1143 3936 in
1166 3899 1459 3955 contemptu
1478 3893 1688 3957 ponitur

658 3984 750 4033 pro
774 3968 932 4017 Flaco.
981 3983 1042 4030 ¹⁷
1071 4003 1088 4029 ,
1119 3969 1203 4027 4⁰·
1232 3967 1344 4016 Nisi
1364 3971 1546 4019 metius
1583 3971 1654 4020 ibi
1668 4005 1684 4030 ‚

656 4064 768 4096 cum
786 4047 959 4097 Faerni
977 4046 1149 4095 codice
1164 4082 1180 4104 ‚
1197 4067 1222 4090 «ι
1238 4047 1332 4097 iste
1350 4049 1620 4112 nescioqui
1635 4071 1685 4109 ι,

1757 1844 1874 1883 nota
1891 1844 2007 1899 post
2025 1832 2204 1883 inserui
2215 1849 2383 1899 posses
2409 1833 2632 1898 ponitur.

1834 1927 1915 1963 10.
1946 1914 2098 1979 Leges
2130 1912 2277 1962 etiam
2295 1947 2312 1973 ,
2357 1920 2404 1960 et
2428 1910 2654 1960 instituta
2668 1947 2684 1972 ‚
2713 1928 2785 1960 ae

1759 2006 1931 2043 mores.
1965 1994 2034 2041 Et
2055 1993 2281 2058 ignorant
2300 1990 2432 2042 Gud.
2461 2008 2484 2039 ι
2504 2028 2520 2053 ,
2542 1993 2649 2041 Bas.
2667 1992 2785 2040 Mo-

1760 2080 1868 2122 nac.
1903 2070 1962 2121 E.
2001 2076 2066 2121 V.
2119 2067 2160 2130 ξ.
2211 2086 2419 2137 qnorum
2462 2070 2650 2136 primus
2686 2086 2787 2136 pro

1761 2154 1984 2216 proxima
2002 2164 2067 2200 ae
2088 2186 2104 2212 ,
2129 2163 2182 2199 et
2197 2150 2404 2216 proebet.
2428 2149 2524 2200 sed
2544 2160 2673 2199 amat
2693 2166 2787 2198 au-

1762 2242 1872 2281 ctor
1895 2231 2001 2280 haec
2020 2231 2295 2279 accuratius
2333 2230 2576 2279 distincta.
2621 2230 2700 2279 Cf.
2730 2230 2789 2277 in

1763 2311 1859 2359 Pis.
1893 2312 1954 2360 13
1975 2346 1992 2372 ,
2024 2310 2169 2359 30:-
2196 2309 2284 2374 qui
2315 2309 2420 2371 ejus
2450 2309 2691 2381 civitatis,
2729 2308 2789 2358 in

1762 2404 1860 2453 qna
1885 2392 1939 2438 in
1956 2389 2235 2455 principum
2255 2404 2460 2438 numero
2477 2389 2625 2439 vultis
2649 2406 2754 2439 esse
2767 2427 2786 2449 ‚

1763 2476 1864 2516 non
1893 2468 2049 2533 leges,
2078 2484 2182 2518 non
2208 2469 2462 2530 instituta,
2504 2485 2606 2518 non
2625 2486 2788 2519 mores

1906 2548 2084 2596 noritis
2103 2569 2149 2596 υ.
2194 2548 2369 2612 Neque
2411 2546 2558 2597 debet
2581 2549 2786 2596 mutatio

1766 2624 1959 2691 copulo
2005 2626 2255 2676 offendere
2295 2644 2309 2675 ε
2346 2628 2417 2677 sic
2454 2631 2582 2677 enim
2607 2629 2788 2693 saepius

1764 2717 1952 2756 auctor.
1981 2704 2099 2754 Vid.
2125 2706 2230 2757 off.
2251 2708 2351 2767 111,
2381 2706 2434 2767 i,
2454 2723 2484 2755 a
2509 2725 2523 2758 ε
2550 2731 2575 2751 ‹-
2591 2709 2791 2772 Magni-

1764 2782 1859 2833 fica
1892 2802 2013 2835 vero
2047 2802 2151 2835 vox
2176 2797 2226 2834 et
2267 2802 2447 2850 magno
2475 2788 2584 2836 viro
2619 2804 2678 2836 ac
2713 2803 2791 2836 sa-

1765 2864 1930 2929 piente
1948 2865 2097 2930 digna
2123 2868 2136 2913 1
2165 2888 2190 2908 a
2213 2866 2310 2915 Sed
2330 2878 2553 2915 accurate
2569 2866 2788 2929 notabis,

1767 2960 1856 3009 per
1878 2961 1943 2992 ac
1960 2956 2065 2993 tum
2086 2960 2276 3010 semper
2304 2946 2404 2993 fere
2429 2958 2614 3011 partem
2634 2947 2791 2995 solere

1765 3024 1871 3084 ejus
1885 3057 1901 3083 ‚
1930 3023 2069 3088 quod
2090 3032 2201 3072 ante
2227 3040 2316 3089 per
2333 3034 2381 3071 ee
2394 3023 2793 3089 jungebant-,in-

1764 3103 1953 3166 signiri.
1968 3106 2080 3154 Hoc
2105 3104 2219 3153 loco
2245 3103 2437 3153 videtur
2457 3115 2633 3153 auctor
2654 3103 2792 3153 inste·-

1764 3181 1882 3229 eutis
1897 3197 1961 3229 ae
1978 3181 2213 3243 moribus,
2248 3199 2401 3231 unum
2435 3181 2563 3231 illud
2582 3198 2795 3248 gracum

1766 3255 2150 3332 ἂπιτηδιύματα
2170 3299 2187 3327 ,
2200 3271 2258 3310 nt
2279 3277 2407 3328 saepe
2423 3262 2578 3324 solet,
2598 3280 2795 3328 expres-

1766 3341 1899 3390 sisse.
1923 3342 1989 3391 G.

1842 3432 1926 3470 11.
1951 3420 2180 3469 Maximo
2203 3432 2494 3471 ornamento
2513 3432 2599 3470 ese.
2624 3419 2797 3469 Maxi-

1767 3515 1848 3547 mo
1871 3499 2039 3548 Davis.
2071 3517 2134 3548 ex
2159 3501 2266 3549 solo
2285 3500 2488 3558 mimi,
2512 3515 2605 3564 pro
2622 3499 2792 3548 maxi-

1767 3594 1845 3627 me
1860 3615 1876 3640 ‚
1912 3577 2067 3627 dedit.
2092 3580 2279 3629 Recte:
2304 3580 2375 3627 sic
2395 3576 2618 3642 praebent
2644 3578 2791 3627 etiam

1769 3656 1901 3721 Spir.
1930 3664 1981 3704 et
2017 3656 2120 3705 Erl.
2164 3656 2259 3705 Sed
2289 3657 2454 3704 neseio
2484 3655 2608 3719 qnid
2633 3655 2689 3703 in
2718 3652 2796 3702 bis

1768 3734 1941 3784 scribe
1963 3730 2228 3793 haesernnt3
2258 3745 2461 3797 uterque
2479 3734 2608 3781 enim
2625 3743 2796 3781 noster

1770 3824 1820 3862 ee
1836 3813 2025 3862 addunt
2037 3832 2054 3874 ;
2073 3812 2205 3862 unde
2231 3811 2427 3878 quidem
2446 3848 2462 3873 ‚
2492 3829 2586 3877 qua
2604 3811 2797 3861 ratione

1772 3891 1996 3941 maximo
2016 3901 2270 3956 pravatnm
2310 3892 2375 3939 sit
2391 3926 2406 3950 ,
2448 3891 2616 3940 videas
2636 3926 2652 3951 ,
2694 3907 2797 3940 non

1773 3982 1934 4022 autem
1951 4009 1968 4034 ,
2002 3971 2133 4020 unde
2175 3969 2350 4034 copula
2391 3971 2632 4037 originem
2662 3988 2797 4021 snam

1773 4062 1960 4117 repetat
1982 4050 2118 4114 ;'nisi
2141 4048 2501 4100 substantivum
2530 4050 2768 4102 excidisse
2783 4085 2799 4111 ‚
