3217 4784
884 413 1007 479 DE
1053 410 1226 482 F1N.
1278 414 1483 482 ΒΟΝ.
1536 416 1649 482 ET
1694 414 1905 482 MAL.
1957 418 2023 495 1,
2070 442 2135 510 9.
2472 417 2560 512 67

467 535 805 603 Interesse
857 534 1049 602 enim
1102 537 1293 602 inter
1332 547 1835 628 argumentum
1880 534 2565 634 conclusionemque

461 640 793 724 rationiS‚
840 654 912 712 et
946 643 1133 711 inter
1166 640 1598 712 mediocrem
1627 643 2314 715 animadversionem
2347 661 2565 744 atque

463 748 1066 821 admonitionem:
1103 750 1353 833 altera,
1402 751 1679 822 occulta
1728 751 2055 848 quaedam
2105 767 2177 824 et
2214 760 2419 850 quasi
2452 758 2562 827 in-

460 856 703 927 voluta
745 859 1039 956 aperiri3
1081 858 1334 945 altera,
1378 876 1717 956 prompta
1754 875 1826 931 et
1870 878 2113 959 aperta
2154 863 2561 957 judicarim.

461 968 741 1038 Etenim
786 969 1130 1063 quoniam
1168 966 1498 1039 detractis
1540 967 1632 1039 de
1662 967 1956 1039 homine
1996 968 2356 1058 sensibus,
2400 974 2560 1044 reli-

460 1076 586 1170 qui
648 1074 826 1145 nihss
861 1090 969 1146 est
1011 1101 1027 1143 ε
1074 1099 1359 1149 necesse
1402 1085 1612 1166 est¹¹,
1662 1076 1837 1173 quid
1881 1092 2003 1148 aut
2053 1079 2140 1148 ad
2193 1094 2561 1168 naturam,

458 1197 585 1252 aut
637 1197 883 1254 contra
919 1185 1045 1271 sit,
1102 1209 1144 1253 a
1179 1199 1430 1254 natura
1466 1186 1620 1281 ipsa
1651 1185 1976 1280 judicari.
2032 1192 2130 1257 Ea
2170 1190 2346 1284 quid
2393 1216 2551 1288 per—

460 1292 673 1388 cipit,
716 1306 788 1362 et
823 1292 999 1390 quid
1045 1290 1318 1389 judicat
1341 1303 1439 1380 ¹²,
1489 1317 1637 1389 quo
1699 1309 1819 1365 aut
1875 1309 2105 1393 petat,
2167 1312 2288 1367 aut
2346 1297 2568 1397 fugiat

453 1458 733 1507 adverbium
750 1494 767 1519 ‚
803 1476 905 1508 non
932 1459 1250 1521 adjectivum,
1275 1471 1465 1524 putant.
1542 1461 1847 1526 judicantur,
1870 1465 1910 1510 si
1932 1463 1985 1512 in
2002 1463 2142 1527 plena
2160 1463 2268 1514 luce
2284 1468 2566 1527 mindieio

453 1537 603 1600 Quod
655 1548 711 1586 nt
753 1540 1020 1587 accuratius
1062 1550 1257 1603 pateat,
1298 1538 1466 1603 paullo
1553 1553 1819 1603 ponuntur.
1840 1543 1901 1588 G.

452 1616 593 1664 altius
614 1618 925 1681 repetendum
951 1629 1036 1665 est.
1071 1617 1293 1665 For-mula
1314 1618 1466 1680 igitur
1631 1633 1653 1664 ι
1667 1634 1710 1665 1.
1729 1620 1933 1666 Necesse
1953 1628 2055 1666 est..
2069 1652 2082 1664 .
2105 1619 2477 1672 adnotarem...
2492 1625 2563 1687 ju-

454 1695 665 1745 Comicis
708 1696 1069 1758 frequentatur,
1118 1698 1324 1743 Tantum
1371 1706 1464 1753 est,
1554 1693 1724 1744 dicari.
1737 1699 1885 1744 Recte
1903 1697 2068 1757 rejecit
2086 1698 2246 1745 Bremi
2271 1700 2436 1748 miram
2448 1702 2563 1751 Em.

454 1786 619 1822 nostro
656 1775 919 1838 idiomate,
955 1790 1051 1821 nm·
1082 1789 1133 1820 so
1168 1774 1298 1831 viel,
1346 1776 1383 1823 i.
1424 1791 1468 1823 e.
1554 1777 1902 1837 conjecturam,
1940 1791 2042 1822 esse
2074 1793 2093 1823 .·
2128 1792 2281 1841 quum
2318 1777 2422 1827 hac
2436 1789 2563 1829 stru-

446 1868 674 1918 praeterea
695 1852 817 1902 nihil
843 1851 1138 1901 addendum.
1180 1852 1258 1901 cf.
1293 1863 1469 1916 praeter
1552 1862 1686 1901 ctura
1715 1855 1902 1902 auctori
1931 1854 1997 1901 sit
2035 1855 2416 1904 familiarissima.
2445 1858 2562 1905 Tres

450 1933 606 1983 Plaut.
633 1934 798 1983 casin.
843 1933 974 1981 Ptol.
1002 1949 1050 1979 v.
1077 1935 1139 1980 82
1158 1967 1171 1989 ,
1192 1941 1241 1979 et
1261 1931 1465 1982 Mercat.
1549 1934 1702 1981 nostri
1729 1933 1990 1981 secundum
2015 1944 2281 1990 naturam3
2319 1948 2379 1981 ex
2406 1934 2561 1998 glossa

452 2011 500 2057 n
522 2046 537 2071 ,
568 2027 623 2070 a,
658 2028 737 2059 n.
788 2014 983 2061 Terent.
1035 2012 1256 2060 Eunuch.
1298 2014 1365 2070 V,
1397 2012 1457 2072 5,
1546 2012 1746 2060 scilicet.
1772 2013 1930 2061 Graeci
1948 2014 2068 2080 πρὸς
2095 2013 2260 2080 φύσιν,
2291 2013 2428 2076 quod
2449 2015 2560 2063 imi-

452 2089 536 2135 26.
574 2114 597 2131 .-
626 2090 686 2137 1..
715 2089 969 2153 Numquid
1018 2100 1089 2137 est
1131 2089 1261 2137 aliud
1306 2091 1421 2137 mali
1445 2125 1460 2146 ,
1543 2099 1671 2138 tatus
1716 2103 1786 2138 est
1818 2101 2004 2139 auctor.
2047 2092 2147 2151 Ita,
2186 2091 2296 2140 «ad
2341 2104 2557 2142 nostrum

449 2169 674 2215 damnive
689 2202 703 2224 ‚
715 2169 849 2231 quod
863 2184 965 2215 non
980 2169 1170 2227 dixeris,
1185 2170 1423 2231 reliquum
1438 2172 1461 2216 P

446 2247 503 2295 Ρ.
541 2248 750 2295 Tantum
788 2255 860 2294 est
890 2270 937 2294 a.
965 2246 1144 2292 Grecis
1181 2250 1345 2297 ταῦτα.
1373 2246 1457 2312 μὶν

445 2319 512 2380 δὴ
533 2329 727 2388 ταῦτα,
752 2323 828 2372 vel
854 2324 1020 2372 eadem
1047 2325 1260 2383 ratione,
1287 2330 1460 2376 τοσοῦ-

446 2404 525 2456 τόν
556 2405 645 2463 tet.
672 2407 746 2452 Ita
783 2403 1002 2451 similiter
1038 2404 1230 2450 Terent.
1275 2406 1455 2452 Heaut.

443 2485 546 2543 111,
583 2499 608 2544 7
634 2517 649 2541 ,
688 2488 786 2537 40:
812 2483 1065 2529 «Tantum
1108 2491 1179 2528 sat
1217 2480 1406 2529 habes?
1428 2502 1454 2523 a·

441 2573 591 2629 verte.
606 2560 714 2608 kase
734 2561 800 2607 du
822 2577 887 2607 an
904 2577 956 2607 so
970 2559 1285 2624 vielgenug?
1304 2558 1455 2623 Quod

442 2642 484 2686 si
525 2640 762 2696 tenueris,
805 2649 1064 2703 perspectu
1090 2638 1222 2686 haud
1248 2637 1451 2686 difficile

441 2718 554 2778 erit,
582 2717 679 2765 hoc
705 2725 872 2763 nostro
895 2715 1009 2763 loco
1025 2752 1041 2778 ,
1060 2725 1110 2763 et
1128 2731 1203 2776 eo,
1225 2732 1367 2780 quem
1388 2732 1451 2763 ex

439 2797 573 2843 Orat.
590 2797 637 2841 11
659 2794 991 2854 excitavimus,
1013 2804 1204 2841 tantum
1226 2806 1302 2841 ese
1316 2811 1448 2843 eum·

439 2873 548 2921 dem
576 2889 766 2921 sensum
791 2872 986 2922 habere.
1016 2876 1088 2920 Ita
1124 2872 1314 2920 demum
1340 2874 1447 2939 ipse

435 2952 648 3010 videbis,
690 2966 833 2999 voces
852 2960 1036 2998 tantum
1056 2953 1172 2999 sacis
1194 2968 1257 2999 ex.
1273 2951 1446 3001 ordine

428 3031 623 3091 junctas
665 3046 784 3078 esse.
812 3029 864 3076 Si
892 3028 1098 3091 denique
1138 3029 1279 3076 etiam
1306 3029 1447 3077 intel-

432 3109 609 3157 lexeris
628 3143 642 3168 ,
668 3108 781 3156 satis
804 3123 905 3155 esse
929 3107 980 3154 in
1014 3107 1090 3154 his
1116 3106 1334 3173 sufficere
1356 3124 1443 3155 va-

433 3185 530 3234 lere
566 3187 749 3251 (prout
784 3185 836 3232 in
866 3189 963 3234 isto
986 3185 1098 3233 loco
1136 3184 1267 3250 apud
1293 3186 1443 3234 Corn.

432 3265 561 3329 Nep.
595 3265 809 3312 Hannib.
841 3280 929 3323 to,
962 3265 1027 3314 5:
1059 3281 1128 3312 «a
1159 3264 1326 3311 ceteris
1346 3273 1447 3311 tan-

432 3355 534 3391 tum
561 3345 675 3391 satis
706 3342 913 3391 habeant
937 3361 987 3392 se
1014 3341 1336 3401 defendere»,
1364 3358 1444 3389 sa·

435 3422 495 3469 tis
523 3421 734 3470 habeant
759 3457 774 3481 ‚
813 3438 904 3487 pro
952 3443 975 3465 ι
997 3424 1114 3486 ipsis
1160 3418 1408 3469 sufficiat»
1428 3456 1443 3480 ,

428 3500 662 3565 ponitur-3
688 3500 873 3548 vidend
893 3501 1074 3549 Acadd.
1102 3503 1181 3560 11,
1208 3502 1267 3547 18
1284 3535 1300 3560 ,
1329 3501 1439 3562 58):

427 3579 551 3627 nihil
576 3579 717 3644 plane
735 3613 751 3639 ,
770 3596 935 3627 verum
956 3592 1048 3627 nos
1067 3579 1244 3627 vidisse
1260 3615 1275 3639 ,
1302 3576 1443 3625 dubi-

428 3658 566 3706 tabis.
594 3660 656 3707 G.

503 3752 582 3784 10.
612 3738 800 3799 Aperta
810 3734 1044 3801 judicari.
1068 3737 1142 3782 Ita
1161 3737 1315 3783 nostri
1341 3750 1443 3782 om·

428 3832 510 3863 nes
551 3830 565 3863 :
609 3814 693 3861 sed
721 3814 916 3877 quidam
951 3815 1175 3863 aliorum·
1202 3813 1348 3862 codd.
1390 3823 1442 3860 ut

428 3893 585 3940 solent
601 3929 615 3954 ,
637 3890 845 3940 indicari
859 3927 874 3951 ‚
899 3893 1034 3957 quod
1073 3894 1270 3957 praefert
1300 3893 1442 3940 etiam

426 3970 656 4019 Nissenus
669 4006 683 4030 ,
696 3984 846 4035 quum
865 3972 934 4019 sic
954 3971 1135 4036 aperiri
1150 3973 1310 4036 aptius
1323 3987 1442 4019 con-

427 4050 602 4102 veniat.
638 4050 733 4099 Sed
772 4052 1068 4116 argumentis
1094 4062 1141 4100 et
1176 4050 1440 4099 rationibus

409 4125 793 4192 Jeedae’catm,'non
806 4128 1066 4178 indicatur.
1083 4132 1269 4194 Aperta
1284 4146 1342 4178 au
1348 4140 1441 4178 tem

1543 2184 1727 2216 morem
1743 2205 1758 2232 ,
1779 2169 2178 2218 consuetudinem
2199 2192 2242 2231 ι,
2261 2182 2309 2219 et
2324 2172 2556 2231 similiter,

1543 2262 1670 2310 saepe
1710 2258 1902 2297 auctor.
1948 2250 2065 2296 Post
2094 2249 2308 2311 judicari
2347 2251 2556 2317 denique

1542 2324 1758 2373 inserunt
1774 2342 1908 2389 aeque
1934 2327 2089 2375 nostri
2107 2344 2191 2376 vv.
2218 2329 2554 2394 «voluptatem

1543 2403 1687 2450 etiam
1708 2420 1795 2467 per
1812 2420 1887 2452 se.
1908 2442 1922 2453 .
1944 2405 2315 2467 .fugiendum=·,
2338 2425 2551 2473 exseqq.

1539 2494 1788 2545 perperam
1816 2484 2033 2547 repetita.
2048 2484 2113 2530 G.
2133 2508 2203 2519 --
2224 2485 2356 2548 Quid
2376 2499 2466 2534 aut
2482 2489 2557 2537 ad

1538 2568 1766 2606 naturam
1789 2595 1804 2618 ,
1830 2572 1918 2607 aue
1941 2571 2108 2607 eontra
2126 2558 2206 2608 εῖτ.
2235 2562 2434 2610 Rectius
2459 2564 2551 2627 (nt

1533 2648 1659 2701 puto
1680 2637 1701 2703 )
1726 2629 1979 2702 legendum
2003 2649 2107 2700 est,
2150 2658 2177 2678 κ
2204 2638 2326 2701 quid
2367 2651 2450 2689 aut
2486 2642 2550 2690 ad

1533 2726 1751 2765 naturam
1795 2728 1961 2781 aptum
1995 2752 2010 2776 ,
2069 2722 2154 2764 aut
2190 2729 2358 2766 contra
2404 2722 2468 2768 sit
2487 2737 2545 2769 n:

1533 2795 1680 2843 nullis
1696 2797 1821 2844 enim
1845 2797 2076 2861 exemplis
2090 2796 2313 2844 adductis
2337 2798 2549 2862 probant

1537 2875 1821 2938 interpretes
1840 2892 2010 2933 voces,
2030 2876 2103 2922 ad
2121 2884 2347 2923 naturum
2360 2909 2375 2931 ,
2399 2878 2545 2939 signi-

1531 2950 1677 3001 ficare
1717 2955 1982 3002 secundum
2018 2963 2247 2999 naturam
2260 2985 2276 3012 ‚
2311 2953 2424 3000 licet
2466 2970 2546 3001 eas

1531 3030 1598 3080 ita
1617 3033 2003 3096 interpretentur.
2026 3033 2212 3078 Pnac.

1609 3126 1685 3158 η.
1714 3113 1786 3157 Ea
1813 3107 2148 3179 qnidpem‘pie
2163 3142 2180 3164 ,
2217 3117 2267 3154 ee
2280 3106 2542 3175 quidjudi.

1530 3199 1625 3237 eat.
1671 3190 1807 3236 Goer.
1859 3185 2027 3234 scribit
2063 3184 2259 3249 Ecquid
2269 3185 2490 3250 praecipit
2516 3196 2544 3236 ι’

1531 3265 1709 3329 ecquid
1733 3265 1948 3330 judicat.
2000 3266 2079 3312 sic
2095 3299 2111 3323 ,
2153 3264 2310 3329 iuquit
2327 3298 2342 3323 ,
2376 3264 2538 3315 locum

1530 3342 1969 3407 corruptissimum,
2001 3341 2258 3405 multisque
2296 3342 2454 3392 modis
2476 3346 2542 3393 ad

1529 3419 1794 3468 scribarum
1829 3420 2080 3468 arbitrium
2111 3416 2332 3468 refietnm
2349 3455 2364 3480 ‚
2398 3423 2539 3470 resti·

1530 3499 1676 3545 tuisse
1697 3497 1840 3546 nobis
1867 3499 2098 3557 videmur.
2125 3498 2250 3547 Nam
2269 3498 2305 3545 ii
2324 3535 2339 3561 ,
2372 3501 2456 3563 qui
2477 3516 2538 3549 ea

1529 3576 1656 3641 qm’d
1670 3578 1900 3625 exhibent
1916 3611 1932 3636 ,
1965 3589 2021 3625 ut
2051 3578 2189 3626 Gmt.
2231 3579 2394 3626 Daris.
2421 3581 2536 3632 Em.

1528 3667 1675 3719 atque
1686 3658 1844 3704 Bremi
1857 3692 1872 3712 ,
1896 3657 2047 3719 quiae
2060 3672 2122 3703 ea
2133 3653 2258 3720 quid
2261 3656 2397 3705 dedit
2410 3691 2425 3716 ‚
2437 3674 2536 3706 non

1528 3740 1869 3799 reputaverunt
1883 3770 1899 3791 ,
1920 3745 2145 3782 nalem
2163 3749 2264 3783 non
2283 3734 2381 3783 dici
2396 3752 2538 3800 posse

1518 3812 1785 3878 percipere.
1823 3814 2011 3861 Etenim
2046 3814 2088 3860 si
2123 3812 2202 3860 vel
2225 3824 2406 3861 natura
2427 3816 2479 3866 h.
2500 3816 2537 3863 l.

1530 3892 1589 3941 de
1615 3895 1776 3941 animo
1799 3892 2014 3939 humano
2042 3891 2220 3939 dicitur
2237 3924 2253 3949 ‚
2290 3902 2449 3941 tamen
2485 3894 2538 3942 id

1526 3971 1632 4036 ipsa
1664 3971 1799 4019 vocis
1833 3971 2034 4017 interior
2068 3969 2143 4016 vis
2179 3971 2380 4035 respuit.
2412 3973 2539 4021 Mire

1528 4056 1690 4098 autem
1715 4051 1770 4097 in
1805 4048 1882 4096 his
1916 4046 2085 4096 seribae
2123 4046 2333 4096 turha'nt.
2372 4048 2540 4097 Plures

1530 4150 1553 4169 ι·
1571 4130 1632 4177 Et
1651 4127 1793 4193 quid.
1821 4163 1831 4174 .
1855 4162 1866 4173 .
1896 4137 1945 4174 et
1970 4126 2124 4190 quid·
2149 4159 2165 4183 ‚
2187 4138 2242 4173 ut
2267 4127 2374 4174 Bas.
2400 4139 2451 4174 et
2469 4128 2541 4175 sie

2133 4209 2195 4279 5.
