3217 4784
780 433 905 501 DE
953 432 1122 500 FIN.
1173 431 1382 502 BON.
1433 433 1549 501 ET
1594 432 1813 501 MAL.
1861 435 1953 520 V,
2005 459 2116 530 29.
2375 433 2513 531 657

395 555 544 621 Hoc
581 565 662 621 tu
699 576 898 622 nunc
931 555 1007 621 in
1052 550 1178 621 illo
1218 549 1507 649 probas.
1550 552 1831 624 Scilicet
1867 553 2231 627 vocabulis
2270 582 2508 630 rerum

393 664 714 746 mutatis,
741 664 1237 734 inconstantiae
1268 662 1542 735 crimen
1570 662 1692 735 ille
1716 661 2004 762 effugit,
2037 690 2172 739 nos
2199 665 2519 766 effugere
2566 684 2585 714 ²

391 794 538 840 non
569 796 953 868 possumus
975 771 1085 841 ¹⁴?
1119 769 1247 842 Ille
1277 770 1544 842 Metelli
1587 773 1801 842 vitam
1839 790 2056 873 negat
2084 775 2477 850 beatiorem
2496 835 2516 867 ,

390 905 606 977 quam
636 880 923 977 Reguli3
958 878 1524 978 praeponendam
1557 895 1847 952 tamen·
1883 910 2019 957 nec
2050 889 2273 986 magis
2306 912 2520 985 expe-

393 987 722 1076 tendam,
759 988 887 1060 sed
914 990 1137 1086 magis
1175 989 1632 1078 sumendam;
1668 1005 1783 1079 et,
1808 993 1869 1063 si
1899 1000 2103 1091 optio
2139 1012 2358 1086 esset,
2388 998 2515 1069 eli-

388 1098 694 1193 gendam
722 1097 1032 1185 Metelli,
1061 1098 1522 1222 rejiciendam
1549 1090 1912 1197 Regu1i15.
1944 1107 2127 1201 Ege,
2152 1132 2370 1204 quam
2399 1108 2517 1180 ille

391 1206 992 1304 praeponendam,
1035 1222 1109 1279 et
1148 1209 1372 1305 magis
1409 1208 1852 1306 eligendam,
1888 1211 2284 1288 beatiorem
2329 1219 2519 1293 hanc

387 1316 675 1415 appello
724 1345 742 1387 t
795 1342 929 1390 nec
971 1318 1124 1390 ullo
1169 1320 1473 1390 minimo
1520 1334 1893 1392 momento
1918 1317 1981 1367 ¹⁶
2038 1323 2202 1419 plus
2253 1327 2319 1397 ei
2361 1329 2521 1400 vitae

385 1492 609 1558 excipere
645 1493 829 1543 dietum
875 1505 1019 1561 putat
1038 1530 1052 1554 ,
1093 1495 1144 1541 in
1170 1510 1231 1542 eo
1266 1494 1408 1542 valde

385 1587 634 1635 veremur,
658 1589 723 1621 ne
739 1573 876 1622 verbi
891 1575 1022 1633 vim,
1046 1588 1156 1637 quae
1173 1574 1409 1621 seriorum

385 1662 657 1715 temporum
684 1653 808 1711 fnit,
836 1653 1231 1702 adeaCieeronis
1251 1663 1408 1701 trans·

387 1730 549 1780 tulerit
565 1766 580 1789 ,
622 1732 754 1796 apud
795 1749 940 1796 quem
964 1748 1057 1780 nos
1081 1731 1278 1796 quidem
1304 1748 1408 1780 eam

383 1823 485 1857 uon
519 1808 945 1874 deprehendimus.
987 1814 1145 1861 Immo
1179 1812 1292 1862 JCti
1322 1828 1409 1860 ve·

384 1900 507 1937 teres
527 1890 841 1953 proesen'bere
871 1903 922 1939 et
945 1891 1203 1955 probibere
1246 1906 1406 1956 oppo-

383 1980 537 2028 nunt,
561 1978 610 2015 et
633 1979 760 2016 recte
787 1969 965 2018 borum
989 1971 1218 2019 formulas
1235 1970 1407 2019 distin·

380 2063 525 2111 guere
556 2048 626 2096 sic
662 2048 801 2108 lieet,
841 2059 896 2097 ut
927 2050 1003 2097 vel
1033 2049 1404 2115 praescribentes

380 2126 457 2173 vel
469 2126 779 2190 prohibentes
796 2127 1298 2177 dicautur.-Deinde
1315 2144 1405 2177 au-

379 2217 517 2255 ctore
553 2207 754 2255 stisio
784 2224 897 2256 eum
939 2210 1056 2257 Ern.
1068 2207 1202 2273 fecie
1224 2208 1404 2270 abjeci·

380 2302 517 2345 mus,
540 2287 678 2350 quod
714 2287 768 2335 in
798 2289 994 2352 scriptis
1025 2288 1267 2352 editisque
1290 2298 1402 2337 aute

379 2365 481 2413 alio
507 2365 737 2415 additur:
758 2366 939 2432 ubique
961 2368 1090 2416 enim
1110 2379 1285 2416 auctor
1301 2368 1402 2415 for·

380 2446 534 2493 mulas
556 2445 625 2493 sic
648 2445 780 2495 nude
793 2446 938 2511 pouit
954 2482 970 2507 ,
987 2459 1043 2496 ut
1060 2446 1284 2509 verbum,
1299 2462 1401 2510 quo

378 2525 442 2572 ad
463 2536 690 2574 contexta
717 2526 1168 2589 accommodentur,
1185 2527 1398 2575 omittat.

381 2605 553 2668 Neque
569 2604 699 2670 [ecit
721 2617 917 2668 auctor,
945 2617 1003 2654 ut
1030 2616 1159 2654 recte
1184 2605 1258 2653 illi
1290 2620 1400 2653 mo·

381 2693 499 2730 nent
525 2718 539 2742 ,
579 2683 662 2731 sed
709 2683 816 2750 egit
851 2685 1140 2749 scripsisset.
1176 2683 1402 2732 Ceterum

377 2760 516 2821 jubet
558 2763 648 2810 ista
674 2763 911 2822 formula,
952 2773 1009 2811 nt
1050 2763 1360 2826 exceptiones
1383 2795 1400 2822 ,

379 2857 490 2904 φιτ
509 2857 610 2889 rem
631 2843 819 2892 variant
833 2879 850 2900 .
880 2843 972 2892 rite
992 2852 1241 2891 curentur.
1264 2842 1330 2889 G.

455 2919 1406 2983 14.Se....mutaeis...nonpossumus1²

379 2999 514 3048 Goer.
561 3009 799 3063 punctum
858 2997 1172 3045 exclamantis
1217 2996 1403 3060 ponit,

380 3088 654 3141 notatque·
679 3076 813 3124 Male
846 3076 910 3124 ad
939 3075 1046 3124 hee
1071 3073 1403 3137 interrogandi

379 3157 568 3220 signnm
582 3154 810 3220 ponitur,
827 3165 942 3203 sunt
964 3154 1094 3201 enim
1116 3169 1226 3200 eum
1244 3152 1401 3200 ironia

379 3231 703 3299 indignantis,
726 3246 777 3283 et
800 3231 923 3282 illud
940 3232 1307 3281 exclamationis
1327 3248 1401 3279 re-

380 3314 596 3378 quirunt.
614 3310 888 3368 -Deinde
910 3311 1054 3359 refert
1080 3309 1213 3359 Gud.
1241 3320 1398 3374 uterq.

381 3410 474 3460 pro
504 3391 734 3449 mutatis,
777 3389 1012 3450 imitans,
1050 3389 1188 3455 quod
1235 3390 1334 3438 sere
1369 3405 1398 3437 a

380 3473 552 3522 scribis
576 3488 640 3520 ex
656 3470 924 3519 maeatis
949 3470 1315 3535 corrumpitur-x
1341 3481 1401 3519 ut

379 3552 434 3599 hi
463 3552 560 3615 ipsi
594 3550 918 3615 compositum
950 3550 1004 3598 in
1047 3549 1253 3615 simplex
1284 3565 1399 3598 mu-

383 3640 504 3679 tant.
519 3633 591 3678 Its
615 3640 741 3678 recte
757 3645 916 3693 nuper
932 3627 1125 3678 Sehiitz.
1146 3631 1282 3677 Orat.
1310 3644 1402 3691 27,

384 3726 449 3773 9²
465 3744 481 3769 ,
516 3708 774 3758 immutata
821 3708 960 3757 dedit
977 3743 994 3768 ‚
1041 3706 1403 3757 exhibentibus.

384 3791 546 3852 Atque
580 3787 647 3835 ita
676 3804 791 3837 sane
819 3786 990 3835 scribit
1012 3796 1199 3843 auctor,
1222 3785 1313 3833 bac
1349 3786 1402 3834 in

384 3865 577 3915 dicendi
605 3868 810 3915 ratione.
837 3866 916 3915 Cf.
938 3867 1087 3929 Legg.
1116 3867 1167 3923 1,
1193 3861 1283 3922 13,
1306 3866 1401 3914 ³8:

384 3970 408 3988 οι
433 3945 576 3994 nebus
605 3961 708 3994 uon
741 3945 1075 4003 commutatis,
1118 3944 1403 3992 immutave-

385 4035 500 4074 runt
527 4024 765 4073 voeabula
785 4041 842 4087 »ς
869 4021 1058 4073 Aesdd.
1081 4025 1160 4080 11,
1201 4023 1268 4081 6,
1311 4024 1397 4072 16:

384 4128 410 4147 «ι
429 4104 616 4153 Zenoni
645 4139 657 4152 .
672 4138 685 4151 .
698 4137 712 4151 .
740 4102 1018 4152 emendanti
1035 4101 1310 4166 superiores
1328 4102 1396 4148 im

383 4183 651 4232 mutatione
665 4179 976 4231 verborum».
990 4180 1216 4231 Similiter
1236 4190 1406 4232 auctor

579 4270 665 4339 Π.
710 4284 806 4336 Cic.
825 4300 943 4351 pars
965 4284 1116 4336 tertia.

1499 1486 1643 1534 etiam
1670 1489 1808 1540 Orat.
1829 1490 1909 1547 11,
1950 1498 2050 1554 ²49
2083 1505 2099 1541 ι
2122 1513 2147 1533 σι
2166 1493 2301 1541 verbi
2321 1495 2386 1544 ad
2404 1495 2516 1547 lite-

1495 1583 1598 1616 ram
1624 1570 1867 1620 immutati
1888 1572 2156 1622 similitudo
2182 1596 2226 1622 n.
2256 1576 2322 1625 N.
2344 1575 2411 1625 D.
2432 1580 2483 1626 11
2502 1614 2516 1638 ,

1499 1647 1595 1710 26,
1628 1649 1697 1699 66
1720 1665 1734 1698 ε
1764 1673 1789 1693 σι
1808 1651 2024 1715 psullum
2049 1652 2220 1716 primis
2240 1653 2393 1703 literis
2418 1657 2517 1705 im·

1495 1732 1692 1780 mutatis
1715 1755 1757 1781 a.
1783 1735 1918 1782 Orat.
1938 1734 2035 1793 63,
2051 1743 2182 1792 214:
2207 1756 2234 1778 αι
2251 1736 2513 1786 verborum

1495 1809 1716 1859 ordinem
1732 1813 1982 1860 immutata
1995 1835 2037 1861 ι.
2055 1812 2208 1876 Quod
2227 1813 2427 1878 quidem
2452 1832 2513 1864 eo

1493 1890 1649 1953 magis
1672 1892 1973 1950 notavimus,
1998 1908 2151 1957 quum
2170 1893 2222 1940 in
2241 1892 2320 1942 his
2341 1894 2509 1944 simili-

1491 1968 1681 2034 busque
1707 1970 1904 2020 dicendi
1937 1973 2103 2021 formis
2143 1987 2380 2036 nusqusm
2418 1989 2510 2022 nos

1490 2048 1696 2114 simplex
1739 2050 1940 2099 verbum
1981 2050 2115 2115 apud
2157 2062 2406 2100 auctorem
2433 2052 2508 2101 le-

1489 2140 1599 2189 gere
1626 2130 1945 2180 meminimus.

1565 2206 1650 2255 15.
1686 2205 1983 2271 Eligendae·
2030 2208 2243 2267 Metelli,
2282 2207 2507 2276 rq‘t'ce'en-

1486 2282 1604 2331 dam
1630 2285 2507 2355 Reguli.Goer.tran-p.1tegulireji-

1485 2358 1737 2413 ciendam.
1772 2367 1848 2414 Its
1873 2399 1889 2423 ,
1932 2365 2123 2429 inquit,
2167 2379 2281 2414 cum
2325 2368 2505 2415 nostris

1485 2442 1713 2491 omnibus
1751 2444 2156 2508 transposuimus.
2205 2443 2311 2492 Nee
2362 2445 2504 2493 aliter

1486 2522 1630 2571 Vien.
1675 2522 1825 2573 Mars.
1869 2522 1992 2571 alin.
2031 2523 2339 2586 Deeeperuut
2371 2522 2503 2571 bsud

1487 2598 1636 2649 dubie
1658 2602 1806 2651 Viros
1838 2603 2025 2650 Doetos
2060 2617 2200 2649 sures
2233 2602 2297 2650 ad
2335 2618 2501 2650 verum

1486 2679 1698 2727 auctoris
1751 2679 1988 2744 loquendi
2039 2696 2181 2728 usum
2234 2697 2338 2730 non
2389 2682 2502 2730 satis

1486 2770 1725 2824 purgate.
1752 2763 1899 2810 Hune
1924 2760 2055 2807 enim
2080 2761 2354 2821 enuntiata,
2392 2777 2503 2826 qna

1488 2838 1582 2885 sibi
1616 2850 1953 2903 opponuntur,
1977 2840 2172 2888 inverso
2211 2840 2384 2889 ordine
2412 2857 2501 2905 po·

1489 2932 1602 2963 nere
1623 2951 1638 2975 ,
1682 2916 1905 2981 pluribus
1940 2916 2019 2964 vel
2054 2916 2231 2964 borum
2266 2917 2502 2967 librorum

1455 2992 1904 3042 ‘locisdocuimus.
1931 2993 2006 3042 Cf.
2038 2994 2294 3055 Fin.1,1,
2333 3012 2397 3052 ²3
2438 2998 2501 3058 8,

1487 3087 1587 3134 ²73
1612 3076 1687 3133 11,
1709 3089 1804 3136 so,
1829 3074 1922 3132 653
1959 3074 2061 3132 111,
2092 3074 2121 3121 3
2143 3111 2159 3136 ,
2182 3087 2272 3135 ¹03
2299 3075 2501 3134 Πῃή,

1486 3151 1582 3211 653
1622 3153 1701 3213 V,
1748 3168 1812 3214 ι,
1841 3161 2020 3209 2,etc.
2067 3152 2262 3214 Quibus
2296 3155 2416 3218 ipsis
2448 3156 2501 3201 in

1483 3229 1607 3278 locis
1644 3228 1777 3278 bsud
1813 3230 1960 3279 seznel
1986 3228 2131 3278 uobis
2155 3246 2266 3279 vera
2290 3235 2502 3281 auctoris

1484 3326 1654 3358 manus
1681 3308 1950 3358 revocanda
1978 3308 2087 3357 fuit.

1560 3391 1642 3439 ιθ.
1664 3391 1770 3439 Nee
1795 3390 1895 3437 ullo
1914 3388 2115 3437 minimo
2132 3402 2385 3439 memerito.
2405 3393 2502 3440 Dn-

1484 3468 1750 3517 bitantibus
1776 3468 1948 3528 uobis,
1983 3484 2048 3516 an
2073 3468 2144 3516 sic
2167 3479 2298 3516 recte
2322 3469 2503 3517 dicere-

1485 3559 1582 3608 tur,
1600 3565 1753 3613 quum
1769 3559 1901 3597 certe
1931 3549 2018 3596 vel
2040 3546 2240 3595 ηιίηἰηιο
2267 3549 2501 3613 scriptum

1490 3628 1866 3677 desideraremus
1885 3662 1902 3689 ‚
1942 3628 2252 3676 intercessere
2286 3626 2391 3675 bini
2429 3625 2505 3675 illi

1489 3708 1746 3771 nostri,qni
1760 3729 1786 3750 α
1798 3723 1889 3756 nee
1901 3707 2005 3755 ullo
2014 3708 2247 3755 omuino»
2260 3707 2502 3764 referunt;

1488 3786 1628 3850 quod
1640 3785 2109 3845 verum-judicamus.
2131 3786 2257 3834 Nam
2274 3801 2367 3834 nee
2377 3785 2504 3834 ullus

1487 3865 1670 3913 Latinis
1711 3880 1974 3928 numquam
2010 3863 2216 3924 dieitur,
2256 3864 2349 3912 nisi
2378 3864 2428 3910 vi
2452 3864 2505 3910 in

1491 3943 1616 3992 ullus
1633 3942 1892 4007 quoereuds
1915 3957 1929 3992 τ
1953 3958 2105 4007 esque
2125 3944 2228 4007 ipss
2247 3957 2386 3989 eausa
2407 3952 2503 3998 est.

1490 4038 1578 4070 eur
1606 4022 1677 4070 sic
1700 4037 1794 4087 pro
1821 4022 1985 4069 nullus
2010 4022 2245 4069 scribunt.
2281 4021 2431 4082 Quod
2464 4022 2506 4069 si

1491 4112 1587 4159 est,
1621 4100 1818 4148 minimo
1855 4099 1953 4148 boc
1991 4099 2127 4164 sequi
2159 4099 2380 4162 proxime
2422 4115 2511 4147 ne·

1490 4178 1632 4244 quit,
1669 4189 1725 4228 ut
1743 4177 1873 4229 idem
1899 4193 2013 4227 eum
2044 4175 2266 4242 pondere
2290 4175 2509 4237 dicant-5

2222 4267 2311 4348 42
