3217 4784
835 340 959 405 DE
1005 339 1179 405 FIN.
1232 338 1436 404 BON.
1487 336 1601 403 ET
1650 337 1869 404 MAI..
1922 341 2027 424 ΙΙ,
2078 338 2139 408 5.
2430 348 2563 443 159

434 463 634 530 istius
675 457 909 545 verbi,
964 458 1087 531 sed
1125 473 1206 528 ut
1246 455 1363 526 ille
1401 480 1537 527 suo
1570 481 1775 527 more
1813 459 2193 557 loquatur,
2229 480 2559 536 nostrum

432 570 756 666 negligat.
800 573 873 640 Si
907 570 1103 639 enim
1140 565 1332 637 idem
1378 565 1585 651 dicit,
1633 568 1831 663 quod
1877 574 2392 669 Hieronymu5‚
2430 580 2558 673 qui
2602 608 2665 653 ης

428 694 708 766 censet,
748 703 1114 750 summum
1158 676 1436 747 bonum
1475 700 1660 763 esse,
1707 683 1860 749 sine
1910 682 2054 751 ulla
2098 684 2420 755 molestia
2457 692 2563 756 vi-

427 816 594 861 vere
642 817 657 859 :
701 816 832 862 cur
870 788 1143 859 mavult
1187 787 1424 857 dicere
1463 786 1950 884 voluptatem,
1986 817 2206 888 quam
2251 799 2560 867 vacuita-

428 916 576 971 tem
607 898 875 970 doloris
896 953 916 985 ‚
957 912 1041 968 ut
1077 896 1194 967 ille
1234 894 1438 980 facit,
1469 899 1630 991 qui,
1661 896 1837 992 quid
1869 898 2097 988 dicat,
2135 904 2562 1002 intelligitss?

429 1015 558 1084 Sin
586 1025 828 1080 autem
865 1009 1305 1106 voluptatem
1335 1020 1539 1104 putat
1558 1018 1583 1063 ⁷
1618 1007 2150 1105 adjungendam
2180 1040 2369 1103 eam,
2399 1044 2559 1115 quae

429 1127 617 1195 sitin
657 1139 864 1195 motu
884 1119 911 1165 ⁸
952 1123 1079 1217 (sie
1107 1121 1296 1191 enim
1328 1115 1640 1214 appellat
1663 1117 1850 1190 hanc
1874 1118 2183 1209 dulcem,
2212 1126 2286 1194 in
2316 1143 2560 1215 motu;

432 1329 645 1366 tentatus
697 1318 787 1366 suit
811 1329 827 1376 ;
888 1333 978 1365 uos
1046 1331 1156 1364 eum
1214 1312 1450 1360 intactum
1542 1321 1667 1374 tem,
1695 1325 1782 1373 ut,
1803 1330 1896 1379 pro
1913 1314 2079 1373 dicat,
2107 1317 2259 1365 deccat
2276 1320 2477 1385 legatur.
2498 1326 2560 1372 G.

430 1398 744 1462 reliquimus:
770 1398 905 1462 plura
930 1397 1058 1445 enim
1079 1403 1193 1443 aunt
1209 1427 1227 1454 ,
1260 1393 1309 1441 in
1340 1391 1452 1456 qui·

429 1480 521 1526 bus
542 1478 794 1527 haeremua.
816 1479 979 1525 Primo
997 1476 1125 1523 enim
1142 1509 1155 1531 ,
1175 1473 1266 1519 hac
1284 1473 1336 1519 in
1354 1473 1454 1518 for·

429 1576 505 1607 ma
532 1576 560 1606 e
584 1575 677 1607 nos
704 1557 936 1614 offendit,
957 1572 1106 1619 quum
1128 1553 1245 1600 aliae
1273 1552 1453 1613 ubique

430 1654 495 1685 ex
510 1655 606 1701 quo
622 1636 827 1704 ffcimr
842 1633 1067 1684 Ciceroni
1080 1632 1295 1679 dicatur:
1316 1627 1454 1691 quod

430 1719 533 1780 ipse
554 1717 634 1764 ille
658 1716 861 1763 sensisse
888 1712 1102 1770 videtur,
1128 1710 1214 1774 qui
1239 1709 1290 1754 in
1321 1707 1451 1755 Gud.

438 1811 458 1843 1
510 1796 768 1843 recentiori
797 1807 945 1840 manu
972 1808 1036 1839 ea:
1077 1786 1451 1853 superscripsit3

432 1885 576 1936 prout
604 1875 746 1921 etiam
772 1873 939 1919 Daris.
960 1869 1021 1916 de
1043 1884 1177 1915 more
1195 1883 1288 1915 suo
1309 1865 1454 1913 tacite

433 1953 659 2001 correxit.
681 1951 871 2000 Deinde
890 1961 987 1997 tres
1010 1947 1078 1995 illi
1103 1947 1277 2012 optimi
1297 1945 1453 1993 nostri

432 2029 690 2095 efficiatur.
716 2030 869 2092 Quod
898 2045 1004 2077 non
1036 2028 1195 2076 statim
1221 2026 1452 2087 abjicien-

434 2110 550 2156 dum
576 2109 784 2156 videtur.
812 2110 1033 2172 Denique
1060 2107 1281 2155 turbatur
1297 2108 1349 2153 in
1371 2121 1449 2154 vv.

432 2205 531 2236 non
571 2200 625 2236 ut
656 2205 747 2235 nos
773 2204 870 2235 non
891 2221 906 2247 ‚
935 2187 1155 2252 pluribus
1186 2186 1336 2234 codd.
1362 2202 1451 2232 nos

433 2285 560 2326 uon,
586 2284 698 2316 cum
747 2268 876 2315 Gud.
912 2282 956 2323 1,
980 2270 1102 2315 Ven.
1138 2273 1303 2329 1494,
1347 2265 1452 2312 aliie

433 2347 583 2394 solam
630 2364 758 2406 non,
798 2363 908 2395 cum
948 2349 1056 2394 Bas.
1100 2344 1451 2393 omittentibus.

434 2427 553 2474 Inde
586 2428 751 2474 navis.
789 2443 942 2490 quum
972 2427 1023 2472 iu
1056 2424 1205 2473 Paris.
1236 2439 1257 2472 1
1301 2434 1348 2471 et
1389 2438 1415 2469 2
1436 2458 1450 2481 ‚

431 2522 522 2569 pro
544 2524 633 2553 nos
657 2524 779 2565 non,
811 2506 1065 2570 reperisset
1086 2521 1147 2550 ne
1162 2540 1176 2563 ,
1204 2506 1272 2551 sic
1295 2503 1453 2551 edidit

432 2583 561 2653 effic.
588 2603 677 2633 nos
710 2597 766 2633 ut
801 2602 861 2633 ne
888 2584 1234 2649 intelligamus,
1271 2583 1449 2631 collato

432 2667 631 2713 inferius
656 2667 770 2714 loco
795 2668 842 2724 8,
878 2675 942 2722 24
961 2681 977 2725 ;
997 2675 1326 2728 sequutusque
1339 2679 1448 2712 eum

430 2756 502 2791 est
527 2747 705 2794 Bremi.
727 2745 824 2792 Sed
842 2745 1035 2807 vulgata
1054 2743 1176 2791 nihil
1203 2744 1451 2791 continere

434 2825 652 2883 videtur,
674 2842 774 2889 quo
798 2827 907 2884 jure
936 2823 1174 2871 offenda.
1199 2824 1260 2870 G.

502 2906 552 2952 6.
613 2903 711 2965 Qui
737 2936 752 2961 ,
796 2901 921 2965 quid
970 2902 1110 2948 dicat
1131 2936 1145 2958 ‚
1183 2900 1452 2965 intelligit?

432 2981 597 3031 Lamb.
638 2979 1112 3044 intelligitur-:quod
1139 2992 1212 3027 est
1250 2996 1362 3027 nane
1388 2980 1452 3028 ad

431 3073 659 3110 contexta
700 3060 893 3125 aptius;
916 3059 1012 3105 hoc
1045 3074 1213 3112 seusu,
1245 3058 1330 3121 qui
1356 3074 1452 3106 no-

432 3154 566 3201 stro,
594 3142 628 3190 i.
664 3157 709 3188 e.
747 3137 997 3187 communi
1043 3136 1279 3200 loquendi
1319 3153 1452 3185 more

370 3262 379 3267 -
431 3222 627 3280 scribit,
657 3236 762 3268 nou
789 3234 930 3267 suum
957 3217 1199 3280 sequitur,
1220 3232 1246 3264 a
1266 3216 1453 3278 vulgari

430 3298 783 3348 consuetudine
859 3295 1176 3344 recedentem.
1251 3294 1454 3358 Proprie

1609 1395 1662 1442 8.
1697 1395 2078 1460 Adjungendam
2106 1415 2244 1456 eam,
2270 1418 2386 1464 quoe
2409 1404 2472 1450 sie
2506 1405 2557 1452 in

1537 1485 1689 1521 motu.
1708 1475 1944 1522 Referunt
1963 1476 2094 1524 Gud.
2112 1488 2270 1540 uterq.
2294 1482 2400 1529 Bae.
2412 1484 2558 1531 Vien.

1540 1551 1641 1597 duo
1664 1554 1861 1599 Oxonn.
1900 1570 2012 1601 cum
2056 1555 2163 1601 aliis
2197 1556 2429 1617 aliorum,
2457 1578 2558 1610 non

1538 1645 1673 1688 eam,
1701 1631 1784 1678 sed
1805 1630 1938 1678 illam
1955 1668 1971 1691 ‚
2001 1644 2054 1680 ut
2076 1634 2243 1681 Davis.
2273 1635 2442 1687 edidit.
2462 1641 2557 1688 Sed

1540 1710 1717 1757 rectius
1748 1720 2005 1776 utrumque
2031 1712 2213 1761 delebis
2230 1728 2244 1761 :
2261 1731 2410 1777 quum
2431 1739 2456 1759 α
2474 1736 2558 1767 vo·

1537 1788 1774 1852 luptatem
1811 1807 1921 1853 quae
1958 1792 2022 1840 eit
2060 1793 2109 1841 in
2135 1804 2300 1851 motu,
2330 1798 2560 1847 vacuitati

1540 1867 1765 1916 doloris·
1807 1871 2082 1935 oppositam
2121 1872 2285 1920 videas
2305 1910 2319 1933 ,
2369 1876 2420 1923 id
2458 1890 2556 1939 est,

1539 1969 1565 1990 ιι
1580 1964 1724 2011 quam
1753 1950 1883 1998 dicat
1904 1952 2143 2014 Epicurus
2164 1952 2215 2000 in
2242 1966 2381 2002 motu
2400 1973 2500 2005 esse
2517 1980 2555 2007 ι.

1537 2028 1724 2075 Notum
1753 2027 1929 2077 deinde
1968 2031 2084 2078 eatis
2110 2043 2180 2079 est
2199 2067 2214 2089 ,
2258 2034 2437 2082 scribae
2473 2037 2558 2085 de-

1537 2108 1912 2155 monstrativum
1924 2143 1940 2166 ,
1959 2120 2070 2156 ante
2090 2111 2342 2160 relativum
2360 2117 2557 2163 consul-

1537 2198 1592 2234 to
1624 2192 1885 2246 omissum,
1923 2189 2152 2254 supplere
2197 2191 2387 2254 solere3
2421 2196 2557 2258 quod

1536 2266 1587 2313 h.
1623 2266 1658 2314 l.
1686 2267 1863 2314 sactum
1888 2284 1990 2314 esse
2008 2305 2023 2328 ,
2046 2268 2138 2316 hac
2157 2269 2380 2320 lectionis
2397 2274 2557 2322 diver-

1537 2345 1677 2391 sitate
1696 2363 1928 2410 perquam
1947 2347 2201 2411 probabile
2222 2351 2456 2404 redditur.
2478 2356 2555 2403 Cf.

1537 2425 1683 2472 Tmo.
1700 2426 1761 2481 V,
1785 2441 1835 2484 7,
1864 2442 1957 2483 20,
1987 2425 2073 2473 ubi
2093 2428 2215 2474 male
2240 2431 2427 2482 Ernest.
2445 2450 2556 2480 cum

1537 2504 1703 2551 Davis.
1723 2520 1785 2550 ex
1808 2521 1907 2551 uno
1936 2504 2049 2553 cod.
2087 2505 2135 2553 ei
2161 2506 2353 2557 addidit
2372 2545 2387 2568 ,
2422 2513 2558 2574 quod

1538 2592 1666 2629 recte
1685 2582 1843 2630 Wolf.
1878 2584 2060 2644 rejecit.
2099 2585 2243 2633 Rath.
2267 2590 2428 2637 omnia
2453 2601 2559 2638 tur-

1537 2660 1649 2719 bat,
1679 2678 1830 2726 quum
1853 2661 2000 2709 verba
2039 2675 2181 2727 putat
2207 2682 2254 2712 v.
2277 2665 2438 2726 dicae,
2466 2670 2559 2716 ad-

1524 2740 1839 2806 jungendam
1857 2774 1873 2798 ‚
1899 2741 2043 2790 simul
2088 2743 2378 2794 eliminanda
2400 2748 2558 2807 jubet.

1536 2821 1652 2868 Non
1672 2822 1800 2869 enim
1820 2822 2111 2886 Epicurum,
2130 2823 2244 2871 licet
2266 2836 2313 2872 et
2334 2826 2559 2873 indolen-

1538 2901 1654 2947 tiam
1663 2902 1968 2964 Hieronymi,
1982 2913 2030 2947 et
2042 2902 2342 2965 voluptatem
2357 2904 2557 2965 Aristip-

1537 2979 1589 3042 pi
1620 2980 1867 3043 probarit,
1900 2990 2060 3027 tamen
2096 2980 2221 3026 hanc
2247 2979 2462 3026 noluisse
2485 2982 2556 3028 illi

1536 3058 1817 3121 adjunctam
1832 3076 1852 3113 ,-
1868 3058 1954 3105 aed
1969 3068 2219 3119 utramque
2238 3058 2308 3103 sic
2326 3058 2557 3107 conflasse

1538 3138 1734 3195 intime,
1759 3148 1814 3184 ut
1842 3152 1942 3184 non
1970 3137 2164 3183 nomine
2188 3136 2344 3184 solum
2361 3174 2375 3195 ,
2395 3139 2480 3185 sed
2506 3156 2557 3187 re

1537 3232 1690 3263 uuum
1717 3223 1904 3271 essent,
1941 3229 2055 3278 cap.
2093 3216 2126 3262 6
2156 3226 2204 3265 et
2242 3233 2290 3275 7.
2332 3219 2430 3265 Sed
2467 3220 2554 3266 etsi

1538 3292 1732 3357 quidem
1756 3291 1988 3350 fatemur,
2012 3292 2296 3341 Ciceronem
2324 3296 2375 3342 in
2395 3314 2441 3343 v.
2469 3298 2558 3344 ud·

432 3379 639 3427 debebat
675 3394 776 3425 ease
792 3413 806 3436 ,
825 3374 1035 3440 intelligi
1054 3373 1178 3421 vult.
1205 3374 1266 3420 G.
1296 3399 1367 3408 —
1393 3375 1457 3421 Et
1530 3370 1840 3435 jungendam
1867 3369 2032 3433 paullo
2069 3370 2321 3421 obscurius
2338 3375 2555 3439 scripsis-

431 3458 639 3521 intelligi
661 3467 855 3522 potest,
893 3466 947 3503 ut
970 3454 1115 3501 vertit
1141 3451 1340 3515 gallicus
1373 3452 1449 3498 iu-

430 3550 613 3601 terpree
626 3550 638 3583 :
653 3559 677 3579 κ
689 3536 791 3598 Qui
810 3535 879 3583 du
892 3533 1051 3581 moins
1064 3531 1244 3579 entend
1262 3546 1317 3577 ce
1329 3530 1450 3594 qu'il

430 3617 504 3665 dit
521 3620 544 3665 Ρ
563 3640 587 3658 ι»

503 3713 528 3756 7
542 3732 554 3745 .
570 3694 657 3743 Sin
677 3704 840 3741 autem
862 3690 1160 3754 voluptatem
1174 3699 1335 3752 putat.
1352 3688 1451 3736 Ad.

430 3775 563 3823 ditur
588 3776 637 3821 in
664 3773 906 3838 plerisque
944 3768 1090 3817 codd.
1140 3777 1252 3831 poet
1270 3777 1448 3830 putat,

427 3854 567 3909 dicae
583 3871 602 3910 ‚·
628 3853 714 3900 sed
732 3860 859 3898 recte
886 3849 1111 3912 ignorant
1131 3846 1231 3893 Erl.
1254 3857 1303 3893 et
1317 3847 1446 3910 Spir.

430 3943 487 3979 ut
506 3933 681 3980 mirum
710 3931 800 3990 ait,
824 3929 866 3977 si
902 3930 1045 3976 Grut.
1074 3925 1240 3973 videas
1257 3942 1321 3973 ex
1347 3926 1449 3973 Pal.

434 4027 453 4056 1
491 4010 628 4058 dicae
649 4009 942 4059 laudantem.
970 4010 1042 4054 Ita
1083 4006 1204 4053 nihil
1223 4015 1298 4053 eat
1318 4041 1334 4062 ‚
1365 4022 1452 4054 cur

422 4089 673 4139 Bromium
703 4088 954 4137 audiamus
971 4096 1121 4151 putat
1147 4085 1258 4146 ejici
1273 4083 1450 4145 iuben-

1537 3465 1589 3496 se
1602 3482 1620 3504 ,
1639 3460 1687 3496 et
1706 3448 1746 3494 ai
1767 3448 1974 3511 probum
2001 3450 2202 3498 verbum
2220 3465 2343 3501 esset
2357 3489 2371 3512 ,
2392 3456 2557 3518 potius

1538 3527 1861 3575 adunandum
1874 3529 2184 3577 scribendum
2205 3531 2372 3580 fixisset
2396 3531 2555 3598 (quip-

1538 3624 1601 3671 pe
1627 3623 1778 3671 quum
1803 3607 1928 3655 illud
1950 3608 2022 3655 eie
2047 3608 2252 3672 intelligi
2280 3611 2460 3673 pouit,
2499 3628 2555 3661 ac

1537 3687 1579 3734 si
1613 3708 1634 3731 ι
1657 3687 1707 3733 in
1733 3686 1973 3747 adjunctis
1999 3688 2309 3751 ponendam·-
2330 3689 2553 3749 dixissen

1539 3782 1641 3813 non
1667 3775 1826 3813 autem
1842 3800 1856 3822 ,
1870 3776 1926 3813 ut
1943 3765 2221 3814 Academici
2245 3769 2410 3818 virtuti
2428 3768 2554 3817 bona

1539 3855 1766 3901 externa,
1793 3844 1862 3890 sic
1887 3844 2127 3908 Epicurus
2153 3845 2435 3895 indolentiae
2469 3865 2559 3898 vo·

1539 3925 1775 3988 luptatem
1800 3921 2078 3982 adjunctam
2103 3923 2298 3972 volebat
2317 3960 2332 3982 ‚
2352 3927 2439 3974 aed
2458 3944 2556 3974 uua

1538 4002 1714 4052 summi
1743 4001 1862 4047 boni
1901 4002 2105 4050 notione
2129 4013 2382 4069 utramque
2418 4022 2552 4052 com-

1539 4079 1890 4148 prehendebat)
1915 4094 1928 4129 τ
1952 4092 2111 4129 tamen
2124 4081 2248 4130 nihil
2261 4083 2557 4132 haerendum.
