<?xml version="1.0" encoding="UTF-8"?>
<!DOCTYPE html PUBLIC "-//W3C//DTD XHTML 1.0 Transitional//EN"
    "http://www.w3.org/TR/xhtml1/DTD/xhtml1-transitional.dtd">
<html xmlns="http://www.w3.org/1999/xhtml" xml:lang="en" lang="en">
 <head>
  <title>
</title>
<meta http-equiv="Content-Type" content="text/html;charset=utf-8" />
  <meta name='ocr-system' content='tesseract 3.04.00' />
  <meta name='ocr-capabilities' content='ocr_page ocr_carea ocr_par ocr_line ocrx_word'/>
</head>
<body>
  <div class='ocr_page' id='page_1' title='image "./mtciceronisquae00clergoog/mtciceronisquae00clergoog_0557.png"; bbox 0 0 3217 4784; ppageno 0'>
   <div class='ocr_carea' id='block_1_1' title="bbox 465 456 2582 4245">
    <p class='ocr_par' dir='ltr' id='par_1_1' title="bbox 465 456 2582 4245">
     <span class='ocr_line' id='line_1_1' title="bbox 1061 456 2516 552; baseline -0.002 -20"><span class='ocrx_word' id='word_1_1' title='bbox 1061 462 1714 532; x_wconf 77' lang='lat' dir='ltr'><strong>ARGUMENTU</strong></span> <span class='ocrx_word' id='word_1_2' title='bbox 1737 461 1828 528; x_wconf 86' lang='lat' dir='ltr'><strong>M.</strong></span> <span class='ocrx_word' id='word_1_3' title='bbox 2383 456 2516 552; x_wconf 83' lang='lat'><strong>537</strong></span> 
     </span>
     <span class='ocr_line' id='line_1_2' title="bbox 467 581 2525 663; baseline -0.002 -20"><span class='ocrx_word' id='word_1_4' title='bbox 467 585 664 643; x_wconf 79' lang='lat' dir='ltr'><strong>iisdem</strong></span> <span class='ocrx_word' id='word_1_5' title='bbox 697 584 996 663; x_wconf 76' lang='lat' dir='ltr'>principiis</span> <span class='ocrx_word' id='word_1_6' title='bbox 1025 585 1310 662; x_wconf 77' lang='lat' dir='ltr'>triplicem</span> <span class='ocrx_word' id='word_1_7' title='bbox 1342 586 1562 663; x_wconf 78' lang='lat' dir='ltr'><strong>pariter</strong></span> <span class='ocrx_word' id='word_1_8' title='bbox 1593 603 1833 661; x_wconf 86' lang='lat' dir='ltr'><strong>quoque</strong></span> <span class='ocrx_word' id='word_1_9' title='bbox 1871 581 2208 639; x_wconf 83' lang='lat' dir='ltr'>relationem</span> <span class='ocrx_word' id='word_1_10' title='bbox 2238 601 2362 639; x_wconf 85' lang='lat' dir='ltr'><strong>esse</strong></span> <span class='ocrx_word' id='word_1_11' title='bbox 2392 583 2525 639; x_wconf 81' lang='lat' dir='ltr'><strong>ossi-</strong></span> 
     </span>
     <span class='ocr_line' id='line_1_3' title="bbox 465 680 2523 760; baseline -0.001 -19"><span class='ocrx_word' id='word_1_12' title='bbox 465 687 705 742; x_wconf 84' lang='lat' dir='ltr'><strong>ciorum.</strong></span> <span class='ocrx_word' id='word_1_13' title='bbox 732 688 819 741; x_wconf 89' lang='lat' dir='ltr'><strong>Ita</strong></span> <span class='ocrx_word' id='word_1_14' title='bbox 846 704 945 741; x_wconf 86' lang='lat' dir='ltr'><strong>sex</strong></span> <span class='ocrx_word' id='word_1_15' title='bbox 977 684 1215 760; x_wconf 76' lang='lat' dir='ltr'><strong>prodire</strong></span> <span class='ocrx_word' id='word_1_16' title='bbox 1250 684 1562 742; x_wconf 83' lang='lat' dir='ltr'><strong>sententias</strong></span> <span class='ocrx_word' id='word_1_17' title='bbox 1602 683 1925 760; x_wconf 74' lang='lat' dir='ltr'><strong>simpliceS,</strong></span> <span class='ocrx_word' id='word_1_18' title='bbox 1951 700 2195 758; x_wconf 88' lang='lat' dir='ltr'><strong>quarum</strong></span> <span class='ocrx_word' id='word_1_19' title='bbox 2233 680 2363 739; x_wconf 84' lang='lat' dir='ltr'><strong>duae</strong></span> <span class='ocrx_word' id='word_1_20' title='bbox 2401 682 2523 739; x_wconf 86' lang='lat' dir='ltr'><strong>sine</strong></span> 
     </span>
     <span class='ocr_line' id='line_1_4' title="bbox 466 778 2524 858; baseline -0.002 -19"><span class='ocrx_word' id='word_1_21' title='bbox 466 782 768 839; x_wconf 83' lang='lat' dir='ltr'><strong>defensore</strong></span> <span class='ocrx_word' id='word_1_22' title='bbox 799 782 945 851; x_wconf 87' lang='lat' dir='ltr'><strong>sint,</strong></span> <span class='ocrx_word' id='word_1_23' title='bbox 980 794 1234 858; x_wconf 83' lang='lat' dir='ltr'><strong>quatuor</strong></span> <span class='ocrx_word' id='word_1_24' title='bbox 1259 780 1671 838; x_wconf 81' lang='lat' dir='ltr'><strong>defendantur.</strong></span> <span class='ocrx_word' id='word_1_25' title='bbox 1716 783 1929 837; x_wconf 85' lang='lat' dir='ltr'><strong>Earum</strong></span> <span class='ocrx_word' id='word_1_26' title='bbox 1973 791 2199 849; x_wconf 88' lang='lat' dir='ltr'><strong>autem,</strong></span> <span class='ocrx_word' id='word_1_27' title='bbox 2240 798 2369 856; x_wconf 82' lang='lat' dir='ltr'><strong>quae</strong></span> <span class='ocrx_word' id='word_1_28' title='bbox 2411 778 2524 836; x_wconf 85' lang='lat' dir='ltr'><strong>du-</strong></span> 
     </span>
     <span class='ocr_line' id='line_1_5' title="bbox 468 878 2526 958; baseline -0.001 -22"><span class='ocrx_word' id='word_1_29' title='bbox 468 880 597 958; x_wconf 85' lang='lat' dir='ltr'><strong>plcx</strong></span> <span class='ocrx_word' id='word_1_30' title='bbox 638 878 854 936; x_wconf 88' lang='lat' dir='ltr'><strong>bonum</strong></span> <span class='ocrx_word' id='word_1_31' title='bbox 878 878 1156 955; x_wconf 78' lang='lat' dir='ltr'><strong>jungant,</strong></span> <span class='ocrx_word' id='word_1_32' title='bbox 1188 879 1413 955; x_wconf 88' lang='lat' dir='ltr'><strong>plures,</strong></span> <span class='ocrx_word' id='word_1_33' title='bbox 1449 896 1625 955; x_wconf 88' lang='lat' dir='ltr'><strong>quam</strong></span> <span class='ocrx_word' id='word_1_34' title='bbox 1661 890 1805 945; x_wconf 79' lang='lat' dir='ltr'><strong>treS,</strong></span> <span class='ocrx_word' id='word_1_35' title='bbox 1838 896 2033 953; x_wconf 88' lang='lat' dir='ltr'><strong>neque</strong></span> <span class='ocrx_word' id='word_1_36' title='bbox 2068 895 2219 949; x_wconf 88' lang='lat' dir='ltr'><strong>esse,</strong></span> <span class='ocrx_word' id='word_1_37' title='bbox 2257 896 2363 933; x_wconf 89' lang='lat' dir='ltr'><strong>nec</strong></span> <span class='ocrx_word' id='word_1_38' title='bbox 2402 895 2526 934; x_wconf 87' lang='lat' dir='ltr'><strong>esse</strong></span> 
     </span>
     <span class='ocr_line' id='line_1_6' title="bbox 465 971 2528 1053; baseline -0 -23"><span class='ocrx_word' id='word_1_39' title='bbox 465 996 653 1053; x_wconf 80' lang='lat' dir='ltr'><strong>posse.</strong></span> <span class='ocrx_word' id='word_1_40' title='bbox 684 979 770 1032; x_wconf 89' lang='lat' dir='ltr'><strong>Ex</strong></span> <span class='ocrx_word' id='word_1_41' title='bbox 798 975 911 1031; x_wconf 89' lang='lat' dir='ltr'><strong>illis</strong></span> <span class='ocrx_word' id='word_1_42' title='bbox 937 973 1335 1051; x_wconf 86' lang='lat' dir='ltr'><strong>superioribus</strong></span> <span class='ocrx_word' id='word_1_43' title='bbox 1360 972 1482 1050; x_wconf 88' lang='lat' dir='ltr'><strong>jam</strong></span> <span class='ocrx_word' id='word_1_44' title='bbox 1528 971 1705 1030; x_wconf 89' lang='lat' dir='ltr'><strong>modo</strong></span> <span class='ocrx_word' id='word_1_45' title='bbox 1747 972 1901 1029; x_wconf 85' lang='lat' dir='ltr'><strong>illam</strong></span> <span class='ocrx_word' id='word_1_46' title='bbox 1944 972 2258 1031; x_wconf 88' lang='lat' dir='ltr'><strong>Carneadis</strong></span> <span class='ocrx_word' id='word_1_47' title='bbox 2279 1016 2294 1044; x_wconf 90' lang='lat'><strong>,</strong></span> <span class='ocrx_word' id='word_1_48' title='bbox 2336 994 2406 1030; x_wconf 83' lang='lat' dir='ltr'><strong>ex</strong></span> <span class='ocrx_word' id='word_1_49' title='bbox 2439 972 2528 1029; x_wconf 84' lang='lat' dir='ltr'><strong>liis</strong></span> 
     </span>
     <span class='ocr_line' id='line_1_7' title="bbox 465 1068 2527 1147; baseline -0.001 -19"><span class='ocrx_word' id='word_1_50' title='bbox 465 1092 590 1128; x_wconf 86' lang='lat' dir='ltr'><strong>eam</strong></span> <span class='ocrx_word' id='word_1_51' title='bbox 620 1071 951 1129; x_wconf 87' lang='lat' dir='ltr'><strong>Stoicorum</strong></span> <span class='ocrx_word' id='word_1_52' title='bbox 980 1069 1040 1127; x_wconf 90' lang='lat' dir='ltr'><strong>in</strong></span> <span class='ocrx_word' id='word_1_53' title='bbox 1068 1071 1445 1147; x_wconf 86' lang='lat' dir='ltr'><strong>quaestionem</strong></span> <span class='ocrx_word' id='word_1_54' title='bbox 1471 1070 1691 1127; x_wconf 84' lang='lat' dir='ltr'><strong>venire.</strong></span> <span class='ocrx_word' id='word_1_55' title='bbox 1728 1068 1839 1126; x_wconf 84' lang='lat' dir='ltr'><strong>Sed</strong></span> <span class='ocrx_word' id='word_1_56' title='bbox 1871 1068 2029 1125; x_wconf 90' lang='lat' dir='ltr'><strong>illum</strong></span> <span class='ocrx_word' id='word_1_57' title='bbox 2056 1088 2171 1126; x_wconf 91' lang='lat' dir='ltr'><strong>non</strong></span> <span class='ocrx_word' id='word_1_58' title='bbox 2201 1069 2310 1127; x_wconf 84' lang='lat' dir='ltr'><strong>nisi</strong></span> <span class='ocrx_word' id='word_1_59' title='bbox 2342 1068 2527 1126; x_wconf 87' lang='lat' dir='ltr'><strong>disse—</strong></span> 
     </span>
     <span class='ocr_line' id='line_1_8' title="bbox 468 1164 2528 1242; baseline -0.001 -17"><span class='ocrx_word' id='word_1_60' title='bbox 468 1167 633 1225; x_wconf 83' lang='lat' dir='ltr'><strong>rendi</strong></span> <span class='ocrx_word' id='word_1_61' title='bbox 663 1187 835 1225; x_wconf 89' lang='lat' dir='ltr'><strong>causa</strong></span> <span class='ocrx_word' id='word_1_62' title='bbox 865 1187 1149 1225; x_wconf 87' lang='lat' dir='ltr'><strong>summum</strong></span> <span class='ocrx_word' id='word_1_63' title='bbox 1177 1166 1431 1239; x_wconf 90' lang='lat' dir='ltr'><strong>bonum,</strong></span> <span class='ocrx_word' id='word_1_64' title='bbox 1472 1186 1684 1223; x_wconf 87' lang='lat' dir='ltr'><strong>vacans</strong></span> <span class='ocrx_word' id='word_1_65' title='bbox 1715 1165 2015 1223; x_wconf 81' lang='lat' dir='ltr'><strong>honestate</strong></span> <span class='ocrx_word' id='word_1_66' title='bbox 2035 1206 2049 1233; x_wconf 92' lang='lat'>‚</span> <span class='ocrx_word' id='word_1_67' title='bbox 2077 1164 2528 1242; x_wconf 52' lang='lat' dir='ltr'><strong>posuisse3qum</strong></span> 
     </span>
     <span class='ocr_line' id='line_1_9' title="bbox 466 1262 2528 1341; baseline -0.001 -20"><span class='ocrx_word' id='word_1_68' title='bbox 466 1285 583 1341; x_wconf 88' lang='lat' dir='ltr'><strong>quo</strong></span> <span class='ocrx_word' id='word_1_69' title='bbox 609 1264 932 1321; x_wconf 84' lang='lat' dir='ltr'><strong>officiorum</strong></span> <span class='ocrx_word' id='word_1_70' title='bbox 958 1264 1107 1322; x_wconf 90' lang='lat' dir='ltr'><strong>ratio</strong></span> <span class='ocrx_word' id='word_1_71' title='bbox 1130 1277 1397 1322; x_wconf 76' lang='lat' dir='ltr'><strong>constare</strong></span> <span class='ocrx_word' id='word_1_72' title='bbox 1423 1275 1708 1340; x_wconf 78' lang='lat' dir='ltr'><strong>nequeat:</strong></span> <span class='ocrx_word' id='word_1_73' title='bbox 1734 1262 1946 1320; x_wconf 88' lang='lat' dir='ltr'><strong>horum</strong></span> <span class='ocrx_word' id='word_1_74' title='bbox 1970 1273 2165 1319; x_wconf 88' lang='lat' dir='ltr'><strong>autem</strong></span> <span class='ocrx_word' id='word_1_75' title='bbox 2188 1263 2528 1320; x_wconf 86' lang='lat' dir='ltr'><strong>sententiam</strong></span> 
     </span>
     <span class='ocr_line' id='line_1_10' title="bbox 466 1357 2531 1438; baseline 0 -22"><span class='ocrx_word' id='word_1_76' title='bbox 466 1380 597 1418; x_wconf 88' lang='lat' dir='ltr'><strong>cum</strong></span> <span class='ocrx_word' id='word_1_77' title='bbox 642 1360 1043 1438; x_wconf 79' lang='lat' dir='ltr'><strong>Peripateticis</strong></span> <span class='ocrx_word' id='word_1_78' title='bbox 1081 1359 1562 1438; x_wconf 84' lang='lat' dir='ltr'><strong>Academicisque</strong></span> <span class='ocrx_word' id='word_1_79' title='bbox 1618 1379 1682 1417; x_wconf 90' lang='lat' dir='ltr'><strong>re</strong></span> <span class='ocrx_word' id='word_1_80' title='bbox 1741 1379 1867 1417; x_wconf 83' lang='lat' dir='ltr'><strong>esse</strong></span> <span class='ocrx_word' id='word_1_81' title='bbox 1917 1357 2199 1416; x_wconf 86' lang='lat' dir='ltr'><strong>eamdem.</strong></span> <span class='ocrx_word' id='word_1_82' title='bbox 2251 1359 2531 1436; x_wconf 85' lang='lat' dir='ltr'><strong>Reliquas</strong></span> 
     </span>
     <span class='ocr_line' id='line_1_11' title="bbox 470 1454 2533 1535; baseline -0 -23"><span class='ocrx_word' id='word_1_83' title='bbox 470 1478 643 1527; x_wconf 76' lang='lat' dir='ltr'><strong>vero,</strong></span> <span class='ocrx_word' id='word_1_84' title='bbox 677 1458 768 1515; x_wconf 90' lang='lat' dir='ltr'><strong>vel</strong></span> <span class='ocrx_word' id='word_1_85' title='bbox 803 1458 945 1516; x_wconf 89' lang='lat' dir='ltr'><strong>nihil</strong></span> <span class='ocrx_word' id='word_1_86' title='bbox 975 1457 1090 1515; x_wconf 88' lang='lat' dir='ltr'><strong>huc</strong></span> <span class='ocrx_word' id='word_1_87' title='bbox 1117 1458 1439 1535; x_wconf 87' lang='lat' dir='ltr'><strong>pertinere,</strong></span> <span class='ocrx_word' id='word_1_88' title='bbox 1487 1458 1577 1514; x_wconf 84' lang='lat' dir='ltr'><strong>vel</strong></span> <span class='ocrx_word' id='word_1_89' title='bbox 1613 1455 1834 1515; x_wconf 87' lang='lat' dir='ltr'><strong>dudum</strong></span> <span class='ocrx_word' id='word_1_90' title='bbox 1876 1475 1998 1513; x_wconf 86' lang='lat' dir='ltr'><strong>esse</strong></span> <span class='ocrx_word' id='word_1_91' title='bbox 2032 1454 2328 1531; x_wconf 86' lang='lat' dir='ltr'><strong>explosas,</strong></span> <span class='ocrx_word' id='word_1_92' title='bbox 2372 1462 2402 1527; x_wconf 73' lang='lat' dir='ltr'>S</span> <span class='ocrx_word' id='word_1_93' title='bbox 2433 1476 2533 1531; x_wconf 89' lang='lat'><strong>19-</strong></span> 
     </span>
     <span class='ocr_line' id='line_1_12' title="bbox 470 1551 2533 1633; baseline -0.002 -22"><span class='ocrx_word' id='word_1_94' title='bbox 470 1557 562 1612; x_wconf 81' lang='lat'><strong>23.</strong></span> <span class='ocrx_word' id='word_1_95' title='bbox 593 1556 801 1613; x_wconf 87' lang='lat' dir='ltr'><strong>Valere</strong></span> <span class='ocrx_word' id='word_1_96' title='bbox 841 1555 1017 1633; x_wconf 82' lang='lat' dir='ltr'><strong>igitur</strong></span> <span class='ocrx_word' id='word_1_97' title='bbox 1048 1555 1198 1612; x_wconf 84' lang='lat' dir='ltr'><strong>lianc</strong></span> <span class='ocrx_word' id='word_1_98' title='bbox 1233 1554 1408 1612; x_wconf 84' lang='lat' dir='ltr'><strong>modo</strong></span> <span class='ocrx_word' id='word_1_99' title='bbox 1436 1560 1745 1625; x_wconf 88' lang='lat' dir='ltr'><strong>Veterum,</strong></span> <span class='ocrx_word' id='word_1_100' title='bbox 1780 1572 2103 1629; x_wconf 87' lang='lat' dir='ltr'><strong>eorumque</strong></span> <span class='ocrx_word' id='word_1_101' title='bbox 2139 1552 2408 1609; x_wconf 90' lang='lat' dir='ltr'><strong>instituto</strong></span> <span class='ocrx_word' id='word_1_102' title='bbox 2452 1551 2533 1609; x_wconf 91' lang='lat' dir='ltr'><strong>ita</strong></span> 
     </span>
     <span class='ocr_line' id='line_1_13' title="bbox 467 1648 2536 1729; baseline -0.003 -21"><span class='ocrx_word' id='word_1_103' title='bbox 467 1653 594 1729; x_wconf 74' lang='lat' dir='ltr'><strong>rapi</strong></span> <span class='ocrx_word' id='word_1_104' title='bbox 621 1651 941 1710; x_wconf 82' lang='lat' dir='ltr'><strong>exordium.</strong></span> <span class='ocrx_word' id='word_1_105' title='bbox 969 1651 1228 1709; x_wconf 83' lang='lat' dir='ltr'><strong>Primum</strong></span> <span class='ocrx_word' id='word_1_106' title='bbox 1256 1662 1660 1728; x_wconf 84' lang='lat' dir='ltr'><strong>argumentum</strong></span> <span class='ocrx_word' id='word_1_107' title='bbox 1695 1668 1868 1707; x_wconf 88' lang='lat' dir='ltr'><strong>omne</strong></span> <span class='ocrx_word' id='word_1_108' title='bbox 1905 1649 2040 1707; x_wconf 92' lang='lat' dir='ltr'><strong>duci</strong></span> <span class='ocrx_word' id='word_1_109' title='bbox 2081 1668 2114 1705; x_wconf 89' lang='lat' dir='ltr'><strong>a</strong></span> <span class='ocrx_word' id='word_1_110' title='bbox 2160 1648 2349 1726; x_wconf 85' lang='lat' dir='ltr'><strong>prima</strong></span> <span class='ocrx_word' id='word_1_111' title='bbox 2382 1667 2536 1704; x_wconf 89' lang='lat' dir='ltr'><strong>com-</strong></span> 
     </span>
     <span class='ocr_line' id='line_1_14' title="bbox 470 1743 2534 1824; baseline -0.002 -21"><span class='ocrx_word' id='word_1_112' title='bbox 470 1748 836 1806; x_wconf 85' lang='lat' dir='ltr'><strong>mendatione</strong></span> <span class='ocrx_word' id='word_1_113' title='bbox 886 1758 1140 1807; x_wconf 85' lang='lat' dir='ltr'><strong>naturae:</strong></span> <span class='ocrx_word' id='word_1_114' title='bbox 1184 1765 1367 1824; x_wconf 86' lang='lat' dir='ltr'><strong>quum</strong></span> <span class='ocrx_word' id='word_1_115' title='bbox 1412 1765 1585 1804; x_wconf 88' lang='lat' dir='ltr'><strong>omne</strong></span> <span class='ocrx_word' id='word_1_116' title='bbox 1624 1745 1836 1803; x_wconf 86' lang='lat' dir='ltr'><strong>animal</strong></span> <span class='ocrx_word' id='word_1_117' title='bbox 1882 1765 1944 1803; x_wconf 89' lang='lat' dir='ltr'><strong>se</strong></span> <span class='ocrx_word' id='word_1_118' title='bbox 1981 1745 2170 1822; x_wconf 91' lang='lat' dir='ltr'><strong>ipsum</strong></span> <span class='ocrx_word' id='word_1_119' title='bbox 2207 1743 2437 1821; x_wconf 83' lang='lat' dir='ltr'><strong>diligat,</strong></span> <span class='ocrx_word' id='word_1_120' title='bbox 2476 1757 2534 1800; x_wconf 87' lang='lat' dir='ltr'><strong>et</strong></span> 
     </span>
     <span class='ocr_line' id='line_1_15' title="bbox 468 1841 2532 1919; baseline -0.002 -20"><span class='ocrx_word' id='word_1_121' title='bbox 468 1845 655 1902; x_wconf 82' lang='lat' dir='ltr'><strong>statim</strong></span> <span class='ocrx_word' id='word_1_122' title='bbox 691 1844 764 1902; x_wconf 93' lang='lat' dir='ltr'><strong>ab</strong></span> <span class='ocrx_word' id='word_1_123' title='bbox 807 1858 940 1902; x_wconf 85' lang='lat' dir='ltr'><strong>ortu</strong></span> <span class='ocrx_word' id='word_1_124' title='bbox 970 1863 1110 1910; x_wconf 84' lang='lat' dir='ltr'><strong>suc,</strong></span> <span class='ocrx_word' id='word_1_125' title='bbox 1149 1844 1207 1900; x_wconf 91' lang='lat' dir='ltr'><strong>in</strong></span> <span class='ocrx_word' id='word_1_126' title='bbox 1245 1864 1304 1902; x_wconf 92' lang='lat' dir='ltr'><strong>se</strong></span> <span class='ocrx_word' id='word_1_127' title='bbox 1344 1841 1745 1901; x_wconf 85' lang='lat' dir='ltr'><strong>conservando</strong></span> <span class='ocrx_word' id='word_1_128' title='bbox 1791 1841 1962 1900; x_wconf 90' lang='lat' dir='ltr'><strong>unice</strong></span> <span class='ocrx_word' id='word_1_129' title='bbox 2005 1855 2388 1919; x_wconf 84' lang='lat' dir='ltr'><strong>occupatum,</strong></span> <span class='ocrx_word' id='word_1_130' title='bbox 2436 1841 2532 1898; x_wconf 91' lang='lat' dir='ltr'><strong>tali</strong></span> 
     </span>
     <span class='ocr_line' id='line_1_16' title="bbox 471 1938 2535 2018; baseline 0 -22"><span class='ocrx_word' id='word_1_131' title='bbox 471 1940 647 1997; x_wconf 84' lang='lat' dir='ltr'><strong>modo</strong></span> <span class='ocrx_word' id='word_1_132' title='bbox 671 1942 943 1999; x_wconf 78' lang='lat' dir='ltr'><strong>affectum</strong></span> <span class='ocrx_word' id='word_1_133' title='bbox 965 1943 1065 2012; x_wconf 92' lang='lat' dir='ltr'><strong>sit,</strong></span> <span class='ocrx_word' id='word_1_134' title='bbox 1089 1960 1207 2017; x_wconf 88' lang='lat' dir='ltr'><strong>quo</strong></span> <span class='ocrx_word' id='word_1_135' title='bbox 1232 1940 1450 2018; x_wconf 90' lang='lat' dir='ltr'><strong>optime</strong></span> <span class='ocrx_word' id='word_1_136' title='bbox 1474 1938 1794 1997; x_wconf 90' lang='lat' dir='ltr'><strong>secundum</strong></span> <span class='ocrx_word' id='word_1_137' title='bbox 1820 1951 2085 1996; x_wconf 85' lang='lat' dir='ltr'><strong>naturam</strong></span> <span class='ocrx_word' id='word_1_138' title='bbox 2115 1939 2388 1997; x_wconf 81' lang='lat' dir='ltr'><strong>affectum</strong></span> <span class='ocrx_word' id='word_1_139' title='bbox 2411 1959 2535 1998; x_wconf 82' lang='lat' dir='ltr'><strong>esse</strong></span> 
     </span>
     <span class='ocr_line' id='line_1_17' title="bbox 470 2034 2534 2115; baseline 0 -22"><span class='ocrx_word' id='word_1_140' title='bbox 470 2038 669 2114; x_wconf 77' lang='lat' dir='ltr'><strong>possit.</strong></span> <span class='ocrx_word' id='word_1_141' title='bbox 698 2038 765 2095; x_wconf 91' lang='lat' dir='ltr'><strong>Id</strong></span> <span class='ocrx_word' id='word_1_142' title='bbox 793 2037 960 2095; x_wconf 88' lang='lat' dir='ltr'><strong>initio</strong></span> <span class='ocrx_word' id='word_1_143' title='bbox 988 2037 1223 2115; x_wconf 89' lang='lat' dir='ltr'><strong>quidem</strong></span> <span class='ocrx_word' id='word_1_144' title='bbox 1256 2056 1427 2095; x_wconf 88' lang='lat' dir='ltr'><strong>sensu</strong></span> <span class='ocrx_word' id='word_1_145' title='bbox 1456 2037 1583 2094; x_wconf 87' lang='lat' dir='ltr'><strong>fieri</strong></span> <span class='ocrx_word' id='word_1_146' title='bbox 1606 2034 1899 2107; x_wconf 87' lang='lat' dir='ltr'><strong>obscuro;</strong></span> <span class='ocrx_word' id='word_1_147' title='bbox 1941 2035 2041 2093; x_wconf 90' lang='lat' dir='ltr'><strong>sed</strong></span> <span class='ocrx_word' id='word_1_148' title='bbox 2070 2055 2141 2093; x_wconf 82' lang='lat' dir='ltr'><strong>ex</strong></span> <span class='ocrx_word' id='word_1_149' title='bbox 2174 2055 2293 2113; x_wconf 92' lang='lat' dir='ltr'><strong>quo</strong></span> <span class='ocrx_word' id='word_1_150' title='bbox 2322 2036 2534 2094; x_wconf 88' lang='lat' dir='ltr'><strong>discer-</strong></span> 
     </span>
     <span class='ocr_line' id='line_1_18' title="bbox 471 2132 2554 2212; baseline 0 -23"><span class='ocrx_word' id='word_1_151' title='bbox 471 2154 609 2191; x_wconf 88' lang='lat' dir='ltr'><strong>nere</strong></span> <span class='ocrx_word' id='word_1_152' title='bbox 646 2135 921 2212; x_wconf 83' lang='lat' dir='ltr'><strong>eoeperit,</strong></span> <span class='ocrx_word' id='word_1_153' title='bbox 952 2147 1239 2212; x_wconf 87' lang='lat' dir='ltr'><strong>quatenus</strong></span> <span class='ocrx_word' id='word_1_154' title='bbox 1278 2134 1538 2212; x_wconf 84' lang='lat' dir='ltr'><strong>quidque</strong></span> <span class='ocrx_word' id='word_1_155' title='bbox 1576 2133 1651 2190; x_wconf 89' lang='lat' dir='ltr'><strong>ad</strong></span> <span class='ocrx_word' id='word_1_156' title='bbox 1701 2152 1825 2190; x_wconf 88' lang='lat' dir='ltr'><strong>sese</strong></span> <span class='ocrx_word' id='word_1_157' title='bbox 1873 2132 2199 2210; x_wconf 82' lang='lat' dir='ltr'><strong>pertineat,</strong></span> <span class='ocrx_word' id='word_1_158' title='bbox 2240 2146 2298 2189; x_wconf 92' lang='lat' dir='ltr'><strong>et</strong></span> <span class='ocrx_word' id='word_1_159' title='bbox 2334 2154 2404 2191; x_wconf 86' lang='lat' dir='ltr'><strong>ex</strong></span> <span class='ocrx_word' id='word_1_160' title='bbox 2445 2134 2554 2191; x_wconf 81' lang='lat' dir='ltr'><strong>sui</strong></span> 
     </span>
     <span class='ocr_line' id='line_1_19' title="bbox 471 2227 2534 2307; baseline 0 -22"><span class='ocrx_word' id='word_1_161' title='bbox 471 2231 759 2307; x_wconf 76' lang='lat' dir='ltr'><strong>agnitione</strong></span> <span class='ocrx_word' id='word_1_162' title='bbox 787 2231 995 2288; x_wconf 87' lang='lat' dir='ltr'><strong>sensim</strong></span> <span class='ocrx_word' id='word_1_163' title='bbox 1026 2229 1343 2306; x_wconf 82' lang='lat' dir='ltr'><strong>intelligat,</strong></span> <span class='ocrx_word' id='word_1_164' title='bbox 1381 2229 1547 2306; x_wconf 88' lang='lat' dir='ltr'><strong>cujus</strong></span> <span class='ocrx_word' id='word_1_165' title='bbox 1594 2229 1678 2285; x_wconf 87' lang='lat' dir='ltr'><strong>rei</strong></span> <span class='ocrx_word' id='word_1_166' title='bbox 1719 2248 1892 2285; x_wconf 85' lang='lat' dir='ltr'><strong>causa</strong></span> <span class='ocrx_word' id='word_1_167' title='bbox 1934 2228 2047 2306; x_wconf 89' lang='lat' dir='ltr'><strong>ipsi</strong></span> <span class='ocrx_word' id='word_1_168' title='bbox 2096 2227 2194 2286; x_wconf 87' lang='lat' dir='ltr'><strong>hic</strong></span> <span class='ocrx_word' id='word_1_169' title='bbox 2223 2248 2282 2287; x_wconf 90' lang='lat' dir='ltr'><strong>se</strong></span> <span class='ocrx_word' id='word_1_170' title='bbox 2311 2249 2534 2288; x_wconf 87' lang='lat' dir='ltr'><strong>conser-</strong></span> 
     </span>
     <span class='ocr_line' id='line_1_20' title="bbox 473 2324 2531 2404; baseline 0.001 -24"><span class='ocrx_word' id='word_1_171' title='bbox 473 2326 645 2382; x_wconf 80' lang='lat' dir='ltr'><strong>vandi</strong></span> <span class='ocrx_word' id='word_1_172' title='bbox 677 2326 851 2383; x_wconf 88' lang='lat' dir='ltr'><strong>animi</strong></span> <span class='ocrx_word' id='word_1_173' title='bbox 882 2326 1173 2404; x_wconf 89' lang='lat' dir='ltr'><strong>appetitus</strong></span> <span class='ocrx_word' id='word_1_174' title='bbox 1212 2326 1287 2382; x_wconf 90' lang='lat' dir='ltr'><strong>sit</strong></span> <span class='ocrx_word' id='word_1_175' title='bbox 1320 2324 1525 2394; x_wconf 83' lang='lat' dir='ltr'><strong>datus;</strong></span> <span class='ocrx_word' id='word_1_176' title='bbox 1570 2336 1690 2380; x_wconf 89' lang='lat' dir='ltr'><strong>tum</strong></span> <span class='ocrx_word' id='word_1_177' title='bbox 1734 2324 1877 2381; x_wconf 88' lang='lat' dir='ltr'><strong>illud</strong></span> <span class='ocrx_word' id='word_1_178' title='bbox 1922 2324 2210 2401; x_wconf 83' lang='lat' dir='ltr'><strong>incipere,</strong></span> <span class='ocrx_word' id='word_1_179' title='bbox 2252 2339 2386 2403; x_wconf 85' lang='lat' dir='ltr'><strong>apta</strong></span> <span class='ocrx_word' id='word_1_180' title='bbox 2425 2346 2531 2383; x_wconf 86' lang='lat' dir='ltr'><strong>na-</strong></span> 
     </span>
     <span class='ocr_line' id='line_1_21' title="bbox 472 2420 2533 2500; baseline -0.001 -21"><span class='ocrx_word' id='word_1_181' title='bbox 472 2438 614 2480; x_wconf 82' lang='lat' dir='ltr'><strong>turae</strong></span> <span class='ocrx_word' id='word_1_182' title='bbox 640 2436 948 2500; x_wconf 83' lang='lat' dir='ltr'><strong>appetere,</strong></span> <span class='ocrx_word' id='word_1_183' title='bbox 992 2441 1406 2498; x_wconf 79' lang='lat' dir='ltr'><strong>removereque</strong></span> <span class='ocrx_word' id='word_1_184' title='bbox 1436 2442 1469 2478; x_wconf 84' lang='lat' dir='ltr'><strong>a</strong></span> <span class='ocrx_word' id='word_1_185' title='bbox 1496 2440 1622 2478; x_wconf 90' lang='lat' dir='ltr'><strong>sese</strong></span> <span class='ocrx_word' id='word_1_186' title='bbox 1648 2420 1961 2479; x_wconf 83' lang='lat' dir='ltr'><strong>contraria.</strong></span> <span class='ocrx_word' id='word_1_187' title='bbox 1989 2421 2085 2480; x_wconf 89' lang='lat' dir='ltr'><strong>Sic</strong></span> <span class='ocrx_word' id='word_1_188' title='bbox 2115 2423 2279 2479; x_wconf 90' lang='lat' dir='ltr'><strong>omni</strong></span> <span class='ocrx_word' id='word_1_189' title='bbox 2302 2423 2533 2480; x_wconf 78' lang='lat' dir='ltr'><strong>animali</strong></span> 
     </span>
     <span class='ocr_line' id='line_1_22' title="bbox 469 2517 2532 2595; baseline 0.001 -21"><span class='ocrx_word' id='word_1_190' title='bbox 469 2518 795 2595; x_wconf 74' lang='lat' dir='ltr'><strong>appetenda</strong></span> <span class='ocrx_word' id='word_1_191' title='bbox 820 2540 885 2577; x_wconf 84' lang='lat' dir='ltr'><strong>ea</strong></span> <span class='ocrx_word' id='word_1_192' title='bbox 912 2539 1033 2577; x_wconf 87' lang='lat' dir='ltr'><strong>esse</strong></span> <span class='ocrx_word' id='word_1_193' title='bbox 1051 2562 1065 2586; x_wconf 93' lang='lat'>‚</span> <span class='ocrx_word' id='word_1_194' title='bbox 1084 2538 1213 2595; x_wconf 83' lang='lat' dir='ltr'><strong>quae</strong></span> <span class='ocrx_word' id='word_1_195' title='bbox 1241 2531 1466 2576; x_wconf 85' lang='lat' dir='ltr'><strong>naturae</strong></span> <span class='ocrx_word' id='word_1_196' title='bbox 1496 2518 1611 2575; x_wconf 89' lang='lat' dir='ltr'><strong>sint</strong></span> <span class='ocrx_word' id='word_1_197' title='bbox 1639 2517 2092 2576; x_wconf 86' lang='lat' dir='ltr'><strong>accommodata.</strong></span> <span class='ocrx_word' id='word_1_198' title='bbox 2124 2524 2318 2591; x_wconf 89' lang='lat' dir='ltr'><strong>Quum</strong></span> <span class='ocrx_word' id='word_1_199' title='bbox 2343 2533 2532 2577; x_wconf 84' lang='lat' dir='ltr'><strong>autem</strong></span> 
     </span>
     <span class='ocr_line' id='line_1_23' title="bbox 473 2613 2535 2692; baseline 0.002 -22"><span class='ocrx_word' id='word_1_200' title='bbox 473 2614 749 2692; x_wconf 80' lang='lat' dir='ltr'><strong>quodque</strong></span> <span class='ocrx_word' id='word_1_201' title='bbox 769 2615 978 2673; x_wconf 80' lang='lat' dir='ltr'><strong>animal</strong></span> <span class='ocrx_word' id='word_1_202' title='bbox 1004 2635 1163 2673; x_wconf 86' lang='lat' dir='ltr'><strong>suam</strong></span> <span class='ocrx_word' id='word_1_203' title='bbox 1198 2614 1493 2692; x_wconf 80' lang='lat' dir='ltr'><strong>propriam</strong></span> <span class='ocrx_word' id='word_1_204' title='bbox 1519 2613 1732 2672; x_wconf 85' lang='lat' dir='ltr'><strong>habeat</strong></span> <span class='ocrx_word' id='word_1_205' title='bbox 1760 2628 2025 2672; x_wconf 88' lang='lat' dir='ltr'><strong>naturam</strong></span> <span class='ocrx_word' id='word_1_206' title='bbox 2042 2662 2059 2690; x_wconf 87' lang='lat'><strong>‚</strong></span> <span class='ocrx_word' id='word_1_207' title='bbox 2083 2614 2252 2673; x_wconf 78' lang='lat' dir='ltr'><strong>linem</strong></span> <span class='ocrx_word' id='word_1_208' title='bbox 2278 2616 2535 2674; x_wconf 87' lang='lat' dir='ltr'><strong>omnium</strong></span> 
     </span>
     <span class='ocr_line' id='line_1_24' title="bbox 474 2711 2536 2791; baseline 0.001 -24"><span class='ocrx_word' id='word_1_209' title='bbox 474 2716 530 2768; x_wconf 83' lang='lat' dir='ltr'><strong>iu</strong></span> <span class='ocrx_word' id='word_1_210' title='bbox 560 2712 845 2790; x_wconf 79' lang='lat' dir='ltr'><strong>explenda</strong></span> <span class='ocrx_word' id='word_1_211' title='bbox 870 2712 1150 2789; x_wconf 87' lang='lat' dir='ltr'><strong>cujusque</strong></span> <span class='ocrx_word' id='word_1_212' title='bbox 1174 2723 1382 2768; x_wconf 88' lang='lat' dir='ltr'><strong>natura</strong></span> <span class='ocrx_word' id='word_1_213' title='bbox 1408 2711 1565 2788; x_wconf 86' lang='lat' dir='ltr'><strong>poni.</strong></span> <span class='ocrx_word' id='word_1_214' title='bbox 1594 2716 1731 2769; x_wconf 87' lang='lat' dir='ltr'><strong>Esse</strong></span> <span class='ocrx_word' id='word_1_215' title='bbox 1755 2711 1990 2788; x_wconf 83' lang='lat' dir='ltr'><strong>quidem</strong></span> <span class='ocrx_word' id='word_1_216' title='bbox 2023 2712 2247 2770; x_wconf 88' lang='lat' dir='ltr'><strong>homini</strong></span> <span class='ocrx_word' id='word_1_217' title='bbox 2273 2714 2536 2791; x_wconf 85' lang='lat' dir='ltr'><strong>quaedam</strong></span> 
     </span>
     <span class='ocr_line' id='line_1_25' title="bbox 473 2807 2536 2885; baseline 0.002 -21"><span class='ocrx_word' id='word_1_218' title='bbox 473 2828 600 2864; x_wconf 82' lang='lat' dir='ltr'><strong>eum</strong></span> <span class='ocrx_word' id='word_1_219' title='bbox 632 2809 867 2885; x_wconf 88' lang='lat' dir='ltr'><strong>reliquis</strong></span> <span class='ocrx_word' id='word_1_220' title='bbox 893 2807 1281 2866; x_wconf 89' lang='lat' dir='ltr'><strong>animantibus</strong></span> <span class='ocrx_word' id='word_1_221' title='bbox 1316 2807 1674 2878; x_wconf 87' lang='lat' dir='ltr'><strong>communia,</strong></span> <span class='ocrx_word' id='word_1_222' title='bbox 1700 2807 1800 2865; x_wconf 89' lang='lat' dir='ltr'><strong>sed</strong></span> <span class='ocrx_word' id='word_1_223' title='bbox 1831 2808 2006 2865; x_wconf 83' lang='lat' dir='ltr'><strong>finem</strong></span> <span class='ocrx_word' id='word_1_224' title='bbox 2037 2808 2197 2866; x_wconf 87' lang='lat' dir='ltr'><strong>illum</strong></span> <span class='ocrx_word' id='word_1_225' title='bbox 2223 2830 2536 2879; x_wconf 89' lang='lat' dir='ltr'><strong>summum,</strong></span> 
     </span>
     <span class='ocr_line' id='line_1_26' title="bbox 473 2903 2537 2981; baseline 0.002 -21"><span class='ocrx_word' id='word_1_226' title='bbox 473 2904 570 2980; x_wconf 79' lang='lat' dir='ltr'><strong>qui</strong></span> <span class='ocrx_word' id='word_1_227' title='bbox 607 2916 930 2979; x_wconf 78' lang='lat' dir='ltr'><strong>quaeratur,</strong></span> <span class='ocrx_word' id='word_1_228' title='bbox 970 2916 1034 2959; x_wconf 90' lang='lat' dir='ltr'><strong>ut</strong></span> <span class='ocrx_word' id='word_1_229' title='bbox 1063 2904 1122 2960; x_wconf 90' lang='lat' dir='ltr'><strong>in</strong></span> <span class='ocrx_word' id='word_1_230' title='bbox 1154 2903 1393 2980; x_wconf 85' lang='lat' dir='ltr'><strong>singulis</strong></span> <span class='ocrx_word' id='word_1_231' title='bbox 1432 2903 1764 2961; x_wconf 84' lang='lat' dir='ltr'><strong>animalium</strong></span> <span class='ocrx_word' id='word_1_232' title='bbox 1809 2904 2430 2981; x_wconf 80' lang='lat' dir='ltr'><strong>generibus-differat,</strong></span> <span class='ocrx_word' id='word_1_233' title='bbox 2461 2907 2537 2964; x_wconf 86' lang='lat' dir='ltr'><strong>ita</strong></span> 
     </span>
     <span class='ocr_line' id='line_1_27' title="bbox 472 2999 2540 3077; baseline 0.001 -21"><span class='ocrx_word' id='word_1_234' title='bbox 472 3020 595 3056; x_wconf 72' lang='lat' dir='ltr'><strong>esse</strong></span> <span class='ocrx_word' id='word_1_235' title='bbox 622 3019 754 3056; x_wconf 87' lang='lat' dir='ltr'><strong>eum</strong></span> <span class='ocrx_word' id='word_1_236' title='bbox 793 3000 849 3055; x_wconf 88' lang='lat' dir='ltr'><strong>in</strong></span> <span class='ocrx_word' id='word_1_237' title='bbox 884 2999 1117 3056; x_wconf 85' lang='lat' dir='ltr'><strong>homine</strong></span> <span class='ocrx_word' id='word_1_238' title='bbox 1150 3019 1386 3077; x_wconf 86' lang='lat' dir='ltr'><strong>quoque</strong></span> <span class='ocrx_word' id='word_1_239' title='bbox 1423 3000 1777 3059; x_wconf 87' lang='lat' dir='ltr'><strong>distinctum.</strong></span> <span class='ocrx_word' id='word_1_240' title='bbox 1809 3006 1897 3059; x_wconf 89' lang='lat' dir='ltr'><strong>Ita</strong></span> <span class='ocrx_word' id='word_1_241' title='bbox 1928 3022 2235 3060; x_wconf 87' lang='lat' dir='ltr'><strong>commune</strong></span> <span class='ocrx_word' id='word_1_242' title='bbox 2267 3023 2391 3059; x_wconf 81' lang='lat' dir='ltr'><strong>esse</strong></span> <span class='ocrx_word' id='word_1_243' title='bbox 2420 3006 2540 3059; x_wconf 89' lang='lat' dir='ltr'><strong>ani-</strong></span> 
     </span>
     <span class='ocr_line' id='line_1_28' title="bbox 472 3094 2535 3163; baseline 0.002 -11"><span class='ocrx_word' id='word_1_244' title='bbox 472 3094 761 3153; x_wconf 85' lang='lat' dir='ltr'><strong>mantibus</strong></span> <span class='ocrx_word' id='word_1_245' title='bbox 783 3095 1035 3163; x_wconf 61' lang='lat' dir='ltr'><strong>cunctis»,</strong></span> <span class='ocrx_word' id='word_1_246' title='bbox 1067 3095 1385 3153; x_wconf 87' lang='lat' dir='ltr'><strong>secundum</strong></span> <span class='ocrx_word' id='word_1_247' title='bbox 1411 3109 1676 3154; x_wconf 86' lang='lat' dir='ltr'><strong>naturam</strong></span> <span class='ocrx_word' id='word_1_248' title='bbox 1703 3098 1929 3153; x_wconf 87' lang='lat' dir='ltr'><strong>vivere:</strong></span> <span class='ocrx_word' id='word_1_249' title='bbox 1966 3096 2066 3155; x_wconf 83' lang='lat' dir='ltr'><strong>sed</strong></span> <span class='ocrx_word' id='word_1_250' title='bbox 2099 3117 2169 3154; x_wconf 77' lang='lat' dir='ltr'><strong>ex</strong></span> <span class='ocrx_word' id='word_1_251' title='bbox 2195 3110 2535 3157; x_wconf 86' lang='lat' dir='ltr'><strong>naturarum</strong></span> 
     </span>
     <span class='ocr_line' id='line_1_29' title="bbox 475 3191 2536 3272; baseline 0.002 -23"><span class='ocrx_word' id='word_1_252' title='bbox 475 3193 838 3263; x_wconf 84' lang='lat' dir='ltr'><strong>diversitate,</strong></span> <span class='ocrx_word' id='word_1_253' title='bbox 868 3191 1026 3250; x_wconf 91' lang='lat' dir='ltr'><strong>aliud</strong></span> <span class='ocrx_word' id='word_1_254' title='bbox 1056 3212 1109 3248; x_wconf 87' lang='lat' dir='ltr'><strong>v.</strong></span> <span class='ocrx_word' id='word_1_255' title='bbox 1134 3213 1184 3250; x_wconf 90' lang='lat' dir='ltr'><strong>c.</strong></span> <span class='ocrx_word' id='word_1_256' title='bbox 1213 3211 1366 3269; x_wconf 86' lang='lat' dir='ltr'><strong>equo</strong></span> <span class='ocrx_word' id='word_1_257' title='bbox 1393 3192 1515 3251; x_wconf 79' lang='lat' dir='ltr'><strong>esse</strong></span> <span class='ocrx_word' id='word_1_258' title='bbox 1538 3206 1775 3261; x_wconf 87' lang='lat' dir='ltr'><strong>natura,</strong></span> <span class='ocrx_word' id='word_1_259' title='bbox 1798 3192 1956 3251; x_wconf 85' lang='lat' dir='ltr'><strong>aliud</strong></span> <span class='ocrx_word' id='word_1_260' title='bbox 1986 3193 2226 3251; x_wconf 87' lang='lat' dir='ltr'><strong>homini.</strong></span> <span class='ocrx_word' id='word_1_261' title='bbox 2250 3200 2456 3272; x_wconf 84' lang='lat' dir='ltr'><strong>Neque</strong></span> <span class='ocrx_word' id='word_1_262' title='bbox 2480 3198 2536 3254; x_wconf 81' lang='lat' dir='ltr'><strong>id</strong></span> 
     </span>
     <span class='ocr_line' id='line_1_30' title="bbox 475 3289 2538 3368; baseline 0.003 -21"><span class='ocrx_word' id='word_1_263' title='bbox 475 3291 660 3348; x_wconf 83' lang='lat' dir='ltr'><strong>solum</strong></span> <span class='ocrx_word' id='word_1_264' title='bbox 698 3291 758 3347; x_wconf 89' lang='lat' dir='ltr'><strong>in</strong></span> <span class='ocrx_word' id='word_1_265' title='bbox 794 3289 1143 3348; x_wconf 83' lang='lat' dir='ltr'><strong>animalibus</strong></span> <span class='ocrx_word' id='word_1_266' title='bbox 1168 3291 1388 3363; x_wconf 83' lang='lat' dir='ltr'><strong>valere,</strong></span> <span class='ocrx_word' id='word_1_267' title='bbox 1417 3289 1519 3347; x_wconf 86' lang='lat' dir='ltr'><strong>sed</strong></span> <span class='ocrx_word' id='word_1_268' title='bbox 1545 3292 1601 3347; x_wconf 92' lang='lat' dir='ltr'><strong>in</strong></span> <span class='ocrx_word' id='word_1_269' title='bbox 1629 3289 1929 3357; x_wconf 87' lang='lat' dir='ltr'><strong>omnibus,</strong></span> <span class='ocrx_word' id='word_1_270' title='bbox 1949 3311 2080 3368; x_wconf 83' lang='lat' dir='ltr'><strong>quae</strong></span> <span class='ocrx_word' id='word_1_271' title='bbox 2103 3306 2311 3351; x_wconf 85' lang='lat' dir='ltr'><strong>natura</strong></span> <span class='ocrx_word' id='word_1_272' title='bbox 2339 3295 2454 3353; x_wconf 85' lang='lat' dir='ltr'><strong>alat</strong></span> <span class='ocrx_word' id='word_1_273' title='bbox 2479 3310 2538 3354; x_wconf 85' lang='lat' dir='ltr'><strong>et</strong></span> 
     </span>
     <span class='ocr_line' id='line_1_31' title="bbox 477 3386 2538 3465; baseline 0.003 -21"><span class='ocrx_word' id='word_1_274' title='bbox 477 3401 698 3465; x_wconf 76' lang='lat' dir='ltr'><strong>augeat.</strong></span> <span class='ocrx_word' id='word_1_275' title='bbox 728 3388 823 3447; x_wconf 88' lang='lat' dir='ltr'><strong>Sic</strong></span> <span class='ocrx_word' id='word_1_276' title='bbox 859 3390 1119 3445; x_wconf 86' lang='lat' dir='ltr'><strong>omnium</strong></span> <span class='ocrx_word' id='word_1_277' title='bbox 1138 3430 1153 3458; x_wconf 96' lang='lat'><strong>,</strong></span> <span class='ocrx_word' id='word_1_278' title='bbox 1195 3407 1325 3464; x_wconf 82' lang='lat' dir='ltr'><strong>quae</strong></span> <span class='ocrx_word' id='word_1_279' title='bbox 1352 3400 1560 3444; x_wconf 85' lang='lat' dir='ltr'><strong>natura</strong></span> <span class='ocrx_word' id='word_1_280' title='bbox 1590 3386 1855 3464; x_wconf 82' lang='lat' dir='ltr'><strong>vigeant,</strong></span> <span class='ocrx_word' id='word_1_281' title='bbox 1902 3388 2146 3447; x_wconf 79' lang='lat' dir='ltr'><strong>similem</strong></span> <span class='ocrx_word' id='word_1_282' title='bbox 2176 3409 2299 3448; x_wconf 89' lang='lat' dir='ltr'><strong>esse</strong></span> <span class='ocrx_word' id='word_1_283' title='bbox 2333 3393 2502 3451; x_wconf 79' lang='lat' dir='ltr'><strong>linem</strong></span> <span class='ocrx_word' id='word_1_284' title='bbox 2524 3438 2538 3462; x_wconf 91' lang='lat'>‚</span> 
     </span>
     <span class='ocr_line' id='line_1_32' title="bbox 476 3482 2582 3556; baseline 0.002 -15"><span class='ocrx_word' id='word_1_285' title='bbox 476 3484 575 3541; x_wconf 83' lang='lat' dir='ltr'><strong>sed</strong></span> <span class='ocrx_word' id='word_1_286' title='bbox 619 3503 735 3541; x_wconf 90' lang='lat' dir='ltr'><strong>non</strong></span> <span class='ocrx_word' id='word_1_287' title='bbox 773 3482 1058 3540; x_wconf 87' lang='lat' dir='ltr'><strong>eumdem.</strong></span> <span class='ocrx_word' id='word_1_288' title='bbox 1106 3482 1280 3556; x_wconf 84' lang='lat' dir='ltr'><strong>Quod</strong></span> <span class='ocrx_word' id='word_1_289' title='bbox 1327 3494 1519 3539; x_wconf 91' lang='lat' dir='ltr'><strong>autem</strong></span> <span class='ocrx_word' id='word_1_290' title='bbox 1564 3482 1624 3538; x_wconf 88' lang='lat' dir='ltr'><strong>in</strong></span> <span class='ocrx_word' id='word_1_291' title='bbox 1669 3482 1903 3542; x_wconf 89' lang='lat' dir='ltr'><strong>homine</strong></span> <span class='ocrx_word' id='word_1_292' title='bbox 1945 3483 2236 3543; x_wconf 86' lang='lat' dir='ltr'><strong>bonorum</strong></span> <span class='ocrx_word' id='word_1_293' title='bbox 2271 3488 2536 3546; x_wconf 87' lang='lat' dir='ltr'><strong>ultimum</strong></span> <span class='ocrx_word' id='word_1_294' title='bbox 2572 3530 2582 3538; x_wconf 85' lang='lat'><strong>·</strong></span> 
     </span>
     <span class='ocr_line' id='line_1_33' title="bbox 476 3577 2540 3658; baseline 0.004 -22"><span class='ocrx_word' id='word_1_295' title='bbox 476 3581 722 3649; x_wconf 86' lang='lat' dir='ltr'><strong>dicatur,</strong></span> <span class='ocrx_word' id='word_1_296' title='bbox 748 3578 1062 3636; x_wconf 89' lang='lat' dir='ltr'><strong>secundum</strong></span> <span class='ocrx_word' id='word_1_297' title='bbox 1095 3591 1359 3636; x_wconf 86' lang='lat' dir='ltr'><strong>naturam</strong></span> <span class='ocrx_word' id='word_1_298' title='bbox 1394 3578 1621 3649; x_wconf 85' lang='lat' dir='ltr'><strong>vivere,</strong></span> <span class='ocrx_word' id='word_1_299' title='bbox 1645 3598 1716 3635; x_wconf 92' lang='lat' dir='ltr'><strong>eo</strong></span> <span class='ocrx_word' id='word_1_300' title='bbox 1740 3577 1853 3636; x_wconf 85' lang='lat' dir='ltr'><strong>hoc</strong></span> <span class='ocrx_word' id='word_1_301' title='bbox 1884 3580 2155 3658; x_wconf 83' lang='lat' dir='ltr'><strong>intelligi,</strong></span> <span class='ocrx_word' id='word_1_302' title='bbox 2198 3606 2223 3633; x_wconf 82' lang='grc' dir='ltr'>ι</span> <span class='ocrx_word' id='word_1_303' title='bbox 2245 3584 2440 3643; x_wconf 85' lang='lat' dir='ltr'><strong>vivere</strong></span> <span class='ocrx_word' id='word_1_304' title='bbox 2468 3609 2540 3645; x_wconf 63' lang='lat' dir='ltr'><strong>ex</strong></span> 
     </span>
     <span class='ocr_line' id='line_1_34' title="bbox 477 3675 2538 3756; baseline 0.003 -22"><span class='ocrx_word' id='word_1_305' title='bbox 477 3677 724 3735; x_wconf 86' lang='lat' dir='ltr'><strong>hominis</strong></span> <span class='ocrx_word' id='word_1_306' title='bbox 763 3688 968 3733; x_wconf 86' lang='lat' dir='ltr'><strong>natura</strong></span> <span class='ocrx_word' id='word_1_307' title='bbox 1001 3675 1255 3751; x_wconf 88' lang='lat' dir='ltr'><strong>undique</strong></span> <span class='ocrx_word' id='word_1_308' title='bbox 1293 3675 1579 3753; x_wconf 82' lang='lat' dir='ltr'><strong>perfecta,</strong></span> <span class='ocrx_word' id='word_1_309' title='bbox 1603 3689 1662 3733; x_wconf 90' lang='lat' dir='ltr'><strong>et</strong></span> <span class='ocrx_word' id='word_1_310' title='bbox 1691 3675 1834 3733; x_wconf 88' lang='lat' dir='ltr'><strong>nihil</strong></span> <span class='ocrx_word' id='word_1_311' title='bbox 1868 3678 2198 3753; x_wconf 84' lang='lat' dir='ltr'><strong>requirente</strong></span> <span class='ocrx_word' id='word_1_312' title='bbox 2213 3706 2252 3751; x_wconf 82' lang='grc' dir='ltr'><strong>υ,</strong></span> <span class='ocrx_word' id='word_1_313' title='bbox 2283 3688 2538 3756; x_wconf 75' lang='lat'><strong>§24-27.</strong></span> 
     </span>
     <span class='ocr_line' id='line_1_35' title="bbox 481 3771 2540 3855; baseline 0.003 -22"><span class='ocrx_word' id='word_1_314' title='bbox 481 3779 619 3833; x_wconf 84' lang='lat' dir='ltr'><strong>Haec</strong></span> <span class='ocrx_word' id='word_1_315' title='bbox 648 3773 768 3851; x_wconf 86' lang='lat' dir='ltr'><strong>ipsa</strong></span> <span class='ocrx_word' id='word_1_316' title='bbox 799 3792 926 3830; x_wconf 90' lang='lat' dir='ltr'><strong>eum</strong></span> <span class='ocrx_word' id='word_1_317' title='bbox 960 3771 1349 3849; x_wconf 83' lang='lat' dir='ltr'><strong>peculiaribus</strong></span> <span class='ocrx_word' id='word_1_318' title='bbox 1375 3771 1724 3849; x_wconf 90' lang='lat' dir='ltr'><strong>quibusdam</strong></span> <span class='ocrx_word' id='word_1_319' title='bbox 1757 3773 2030 3831; x_wconf 84' lang='lat' dir='ltr'><strong>Antiochi</strong></span> <span class='ocrx_word' id='word_1_320' title='bbox 2059 3782 2409 3855; x_wconf 86' lang='lat' dir='ltr'><strong>argumentis</strong></span> <span class='ocrx_word' id='word_1_321' title='bbox 2441 3802 2540 3839; x_wconf 89' lang='lat' dir='ltr'><strong>ac-</strong></span> 
     </span>
     <span class='ocr_line' id='line_1_36' title="bbox 479 3868 2539 3954; baseline 0.003 -27"><span class='ocrx_word' id='word_1_322' title='bbox 479 3874 734 3928; x_wconf 81' lang='lat' dir='ltr'><strong>curatius</strong></span> <span class='ocrx_word' id='word_1_323' title='bbox 766 3868 1172 3946; x_wconf 83' lang='lat' dir='ltr'><strong>expediuntur.</strong></span> <span class='ocrx_word' id='word_1_324' title='bbox 1216 3868 1389 3939; x_wconf 86' lang='lat' dir='ltr'><strong>Quod</strong></span> <span class='ocrx_word' id='word_1_325' title='bbox 1423 3869 1575 3925; x_wconf 89' lang='lat' dir='ltr'><strong>enim</strong></span> <span class='ocrx_word' id='word_1_326' title='bbox 1607 3870 1797 3946; x_wconf 88' lang='lat' dir='ltr'><strong>primo</strong></span> <span class='ocrx_word' id='word_1_327' title='bbox 1823 3888 1995 3928; x_wconf 89' lang='lat' dir='ltr'><strong>omne</strong></span> <span class='ocrx_word' id='word_1_328' title='bbox 2023 3872 2233 3932; x_wconf 84' lang='lat' dir='ltr'><strong>animal</strong></span> <span class='ocrx_word' id='word_1_329' title='bbox 2267 3896 2327 3932; x_wconf 86' lang='lat' dir='ltr'><strong>se</strong></span> <span class='ocrx_word' id='word_1_330' title='bbox 2355 3877 2539 3954; x_wconf 87' lang='lat' dir='ltr'><strong>ipsum</strong></span> 
     </span>
     <span class='ocr_line' id='line_1_37' title="bbox 480 3964 2540 4050; baseline 0.003 -28"><span class='ocrx_word' id='word_1_331' title='bbox 480 3965 708 4042; x_wconf 76' lang='lat' dir='ltr'><strong>diligat,</strong></span> <span class='ocrx_word' id='word_1_332' title='bbox 740 3965 796 4022; x_wconf 89' lang='lat' dir='ltr'><strong>id</strong></span> <span class='ocrx_word' id='word_1_333' title='bbox 832 3965 965 4022; x_wconf 90' lang='lat' dir='ltr'><strong>inde</strong></span> <span class='ocrx_word' id='word_1_334' title='bbox 1005 3965 1267 4041; x_wconf 77' lang='lat' dir='ltr'><strong>intelligi,</strong></span> <span class='ocrx_word' id='word_1_335' title='bbox 1311 3964 1467 4040; x_wconf 90' lang='lat' dir='ltr'><strong>quod</strong></span> <span class='ocrx_word' id='word_1_336' title='bbox 1503 3965 1711 4027; x_wconf 82' lang='lat' dir='ltr'><strong>animal</strong></span> <span class='ocrx_word' id='word_1_337' title='bbox 1741 4009 1755 4036; x_wconf 91' lang='lat'><strong>,</strong></span> <span class='ocrx_word' id='word_1_338' title='bbox 1798 3966 1905 4024; x_wconf 84' lang='lat' dir='ltr'><strong>sibi</strong></span> <span class='ocrx_word' id='word_1_339' title='bbox 1936 3967 2045 4045; x_wconf 88' lang='lat' dir='ltr'><strong>ipsi</strong></span> <span class='ocrx_word' id='word_1_340' title='bbox 2076 3991 2351 4043; x_wconf 79' lang='lat' dir='ltr'><strong>exosum,</strong></span> <span class='ocrx_word' id='word_1_341' title='bbox 2380 3975 2540 4050; x_wconf 74' lang='lat' dir='ltr'><strong>eogi-</strong></span> 
     </span>
     <span class='ocr_line' id='line_1_38' title="bbox 486 4061 2540 4145; baseline 0.006 -30"><span class='ocrx_word' id='word_1_342' title='bbox 486 4063 590 4119; x_wconf 83' lang='lat' dir='ltr'><strong>tari</strong></span> <span class='ocrx_word' id='word_1_343' title='bbox 635 4076 914 4138; x_wconf 82' lang='lat' dir='ltr'><strong>ncqueat:</strong></span> <span class='ocrx_word' id='word_1_344' title='bbox 957 4083 1210 4140; x_wconf 77' lang='lat' dir='ltr'><strong>pugnare</strong></span> <span class='ocrx_word' id='word_1_345' title='bbox 1255 4061 1403 4120; x_wconf 80' lang='lat' dir='ltr'><strong>euim</strong></span> <span class='ocrx_word' id='word_1_346' title='bbox 1456 4062 1567 4119; x_wconf 81' lang='lat' dir='ltr'><strong>hor</strong></span> <span class='ocrx_word' id='word_1_347' title='bbox 1613 4078 1928 4133; x_wconf 59' lang='lat' dir='ltr'><strong>sectum-et</strong></span> <span class='ocrx_word' id='word_1_348' title='bbox 1967 4085 2095 4123; x_wconf 79' lang='lat' dir='ltr'><strong>eum</strong></span> <span class='ocrx_word' id='word_1_349' title='bbox 2139 4067 2240 4124; x_wconf 88' lang='lat' dir='ltr'><strong>illo</strong></span> <span class='ocrx_word' id='word_1_350' title='bbox 2278 4070 2540 4145; x_wconf 84' lang='lat' dir='ltr'><strong>appetitu</strong></span> 
     </span>
     <span class='ocr_line' id='line_1_39' title="bbox 481 4157 2540 4245; baseline 0.005 -30"><span class='ocrx_word' id='word_1_351' title='bbox 481 4157 686 4227; x_wconf 83' lang='lat' dir='ltr'><strong>animi,</strong></span> <span class='ocrx_word' id='word_1_352' title='bbox 715 4171 778 4215; x_wconf 88' lang='lat' dir='ltr'><strong>ut</strong></span> <span class='ocrx_word' id='word_1_353' title='bbox 809 4160 936 4236; x_wconf 86' lang='lat' dir='ltr'><strong>quis</strong></span> <span class='ocrx_word' id='word_1_354' title='bbox 968 4159 1077 4217; x_wconf 89' lang='lat' dir='ltr'><strong>sibi</strong></span> <span class='ocrx_word' id='word_1_355' title='bbox 1111 4160 1177 4217; x_wconf 84' lang='lat' dir='ltr'><strong>sit</strong></span> <span class='ocrx_word' id='word_1_356' title='bbox 1205 4159 1315 4237; x_wconf 87' lang='lat' dir='ltr'><strong>ipsi</strong></span> <span class='ocrx_word' id='word_1_357' title='bbox 1342 4160 1623 4219; x_wconf 83' lang='lat' dir='ltr'><strong>inimicus.</strong></span> <span class='ocrx_word' id='word_1_358' title='bbox 1653 4164 1855 4238; x_wconf 83' lang='lat' dir='ltr'><strong>Neque</strong></span> <span class='ocrx_word' id='word_1_359' title='bbox 1888 4161 2001 4220; x_wconf 89' lang='lat' dir='ltr'><strong>huc</strong></span> <span class='ocrx_word' id='word_1_360' title='bbox 2038 4165 2327 4240; x_wconf 83' lang='lat' dir='ltr'><strong>pertinere</strong></span> <span class='ocrx_word' id='word_1_361' title='bbox 2348 4209 2360 4233; x_wconf 89' lang='lat'><strong>,</strong></span> <span class='ocrx_word' id='word_1_362' title='bbox 2382 4167 2540 4245; x_wconf 81' lang='lat' dir='ltr'><strong>quod</strong></span> 
     </span>
    </p>
   </div>
  </div>
 </body>
</html>
