3217 4784
1120 431 1880 504 ARGUMENTUM.
2451 440 2566 511 131

490 570 497 579 ‘
532 553 895 632 splendidum
916 567 1211 614 certamen
1231 574 1374 628 esse,
1397 556 1619 634 quippe
1646 555 1752 633 qui
1783 555 1859 614 de
1886 555 2118 615 virtutis
2144 556 2427 637 dignitate
2448 581 2582 620 con·

532 650 767 713 tendant
801 675 814 710 :
858 665 918 711 at
948 655 1311 730 Torquatum
1357 653 1468 711 ista
1510 652 1663 711 tueri
1703 652 1862 710 salva
1892 651 2171 730 dignitate
2215 674 2333 713 non
2374 675 2581 734 posse,

527 756 559 822 ς
588 751 692 822 68,
712 752 807 828 69.

606 925 834 998 Negare
877 921 1113 999 quidem
1157 921 1502 999 Epicurum,
1543 921 1655 980 nisi
1685 920 1789 1000 qui
1821 921 2065 981 honeste
2103 924 2294 997 vivat,
2321 925 2579 1004 jucunde

528 1018 727 1077 vivere
768 1037 886 1076 non
929 1039 1144 1098 posse:
1178 1019 1279 1077 sed
1320 1037 1440 1077 uon
1480 1019 1892 1096 quaerendum,
1923 1018 2063 1098 quid
2105 1020 2214 1081 iste
2256 1022 2444 1096 dicat,
2480 1025 2580 1084 sed

528 1134 702 1191 quam
745 1128 1196 1173 consentaneum
1245 1115 1357 1188 sit,
1397 1114 1559 1193 quod
1604 1114 1781 1174 dicat.
1821 1118 1955 1174 Non
1998 1118 2349 1196 reprehendi
2394 1119 2470 1179 ab
2515 1141 2588 1179 eo

530 1212 856 1272 luxuriosos
871 1256 888 1285 ,
914 1213 1025 1272 nisi
1044 1214 1145 1291 qui
1170 1214 1438 1292 cupiant,
1470 1225 1572 1271 aut
1589 1225 1885 1272 metuant:
1908 1213 2010 1273 sed
2032 1214 2124 1273 his
2152 1215 2327 1275 rebus
2350 1217 2587 1277 modum

529 1311 575 1367 si
603 1321 811 1389 ponat,
840 1311 1104 1389 polliceri
1125 1331 1257 1370 eum
1288 1311 1533 1370 luxuriae
1565 1311 1855 1371 licentiam
1871 1354 1888 1383 ,
1911 1324 1971 1370 et
1993 1331 2144 1371 verae
2165 1327 2453 1394 oertaeque
2474 1315 2588 1374 vir·

534 1412 671 1470 tutis
701 1413 859 1486 loco,
884 1412 1115 1472 virtutis
1146 1413 1566 1473 simulationem
1595 1427 1653 1472 et
1679 1411 1948 1472 umbram
1977 1414 2153 1492 poni,
2192 1421 2224 1487 ς
2256 1425 2466 1489 70-74.
2498 1421 2587 1476 Ex

528 1507 668 1567 vitio
695 1509 809 1568 hoc
836 1529 990 1581 esse,
1022 1510 1110 1569 vel
1138 1509 1276 1569 inde
1308 1523 1541 1589 patere,
1583 1509 1744 1590 quod
1785 1529 1984 1581 nemo,
2019 1530 2200 1588 quum
2231 1512 2465 1590 publice
2503 1515 2591 1574 lo-

528 1619 741 1682 quatur
759 1649 776 1678 ,
815 1607 1013 1665 dicere
1041 1606 1253 1666 audeat
1272 1650 1289 1677 ,
1323 1626 1384 1665 se
1410 1625 1512 1679 ea,
1540 1625 1673 1684 quae
1717 1606 1917 1677 faciat,
1948 1607 2268 1685 voluptatis
2297 1628 2468 1669 causa
2498 1612 2588 1671 sa-

528 1722 657 1762 cere
683 1725 697 1761 ε
727 1702 828 1761 sed
856 1704 1130 1761 virtutem
1153 1721 1380 1780 semper
1411 1702 1472 1760 in
1499 1721 1602 1760 ore
1629 1721 1848 1780 gerere.
1877 1706 2076 1781 Ipsum
2099 1702 2248 1762 adeo
2270 1705 2589 1785 voluptatis

527 1800 773 1859 verbum
803 1799 1083 1878 dignitate
1106 1819 1340 1868 carere,
1370 1798 1444 1857 de
1476 1818 1593 1876 qua
1625 1799 1769 1857 falso
1793 1799 2067 1878 Epicurei
2091 1814 2445 1878 querantur,
2473 1823 2593 1864 non

527 1917 654 1955 eam
681 1897 944 1974 intelligi.
969 1899 1052 1954 Ea
1074 1893 1252 1953 modo
1280 1914 1421 1954 vera
1445 1914 1569 1954 esse
1591 1894 1811 1968 videri,
1828 1915 1960 1974 quae
1977 1895 2222 1956 honesta
2250 1899 2364 1958 sint
2392 1912 2451 1958 et
2472 1900 2595 1959 lau-

529 1994 744 2054 dabilia
761 2037 779 2064 ,
804 2014 1051 2073 quaeque
1075 1994 1234 2053 omni
1256 1994 1318 2052 in
1343 2006 1495 2053 coetu
1523 1993 1888 2072 concilioque
1903 1996 2159 2074 proferri
2176 2008 2333 2056 recte
2351 1997 2596 2076 possint,

528 2095 560 2161 S
590 2090 799 2165 75-77·

612 2252 938 2311 Amicitiam
960 2266 1154 2312 autem
1176 2254 1370 2313 locum
1395 2251 1612 2310 habere
1630 2269 1748 2310 non
1768 2270 1941 2329 posse
1955 2294 1970 2323 ,
1984 2251 2095 2310 nisi
2118 2253 2340 2311 amicus
2364 2265 2594 2312 ametur

531 2361 780 2429 propter
815 2368 878 2406 se
911 2348 1117 2427 ipsum.
1151 2348 1416 2408 utilitate
1442 2346 1598 2405 enim
1635 2347 1685 2405 si
1716 2346 1970 2405 amicitia
1997 2347 2246 2420 nitatur,
2279 2349 2468 2428 ipsam
2494 2369 2596 2408 ea—

530 2444 663 2503 dem
706 2445 849 2503 tolli.
882 2451 1078 2523 Atque
1111 2445 1159 2505 si
1198 2445 1291 2504 vel
1334 2444 1599 2503 utilitatis
1639 2462 1811 2501 causa
1844 2442 2061 2501 amicus
2104 2464 2224 2502 non
2259 2443 2592 2520 deseratur,

531 2542 914 2602 deserendum
956 2562 1093 2601 eum
1134 2555 1325 2601 tamen
1362 2561 1521 2615 esse,
1586 2539 1856 2599 laborum
1889 2540 2249 2619 periculique
2285 2561 2474 2601 causa.
2515 2548 2593 2601 At

529 2640 774 2699 coluisse
802 2641 1117 2720 Epicurum
1143 2640 1334 2719 ipsum
1356 2637 1700 2698 amicitiam:
1730 2636 1832 2696 sed
1858 2657 1977 2695 non
2005 2638 2189 2715 quaeri
2212 2638 2287 2697 de
2312 2638 2592 2712 moribus,

530 2739 708 2796 immo
735 2737 809 2796 de
834 2739 1065 2817 ingenio
1087 2739 1307 2816 quaeri:
1334 2736 1523 2816 ipsum
1544 2734 1779 2813 quidem
1794 2777 1812 2804 ,
1834 2745 1894 2793 et
1915 2735 2337 2814 Epicureorum
2356 2738 2591 2804 multos,

531 2835 609 2893 ita
653 2836 875 2907 vivere,
915 2849 984 2894 ut
1027 2836 1144 2894 vita
1175 2854 1377 2894 eorum
1418 2834 1718 2893 refellatur
1757 2833 1965 2891 orati0.
2003 2837 2147 2891 Tres
2186 2833 2424 2910 quidem
2461 2835 2587 2892 illas

530 2932 840 2990 sententias
860 2974 876 3000 ‚
904 2951 938 2990 a
971 2931 1237 3010 pluribus
1263 2932 1685 3012 Epicureorum
1714 2929 2042 3009 propositas
2059 2972 2075 3000 ,
2103 2927 2422 2987 audiendas
2450 2929 2589 3006 qui-

532 3029 664 3086 dem
687 3047 829 3099 esse,
844 3026 944 3086 sed
968 3028 1026 3084 in
1054 3027 1123 3086 iis
1146 3045 1265 3085 non
1293 3028 1480 3086 inesse
1502 3026 1714 3084 omnia.
1742 3024 1918 3099 Quod
1942 3025 1989 3083 si
2013 3024 2167 3081 enim
2192 3023 2409 3081 utilitas
2440 3042 2592 3081 emo-

535 3126 992 3201 lumentumque,
1008 3142 1374 3201 quacumque
1403 3124 1631 3181 ratione
1662 3135 1919 3199 paretur,
1932 3118 2148 3186 valeat,
2171 3116 2380 3176 cadere
2406 3118 2590 3198 ipsam

531 3222 824 3280 fructuum
856 3219 1122 3278 mercede
1145 3220 1354 3277 victam
1379 3240 1393 3274 ε
1421 3231 1480 3277 at
1510 3219 1559 3277 si
1588 3237 1717 3276 eam
1744 3235 1848 3274 sua
1878 3214 2116 3272 caritate
2148 3214 2421 3289 metiaris»,
2444 3213 2590 3274 nihil

472 3362 477 3375 .
533 3338 702 3398 posse
736 3316 938 3377 eadem
968 3337 1091 3377 esse
1118 3315 1515 3396 praestantius,
1550 3321 1582 3387 ς
1606 3312 1818 3387 78-85.

616 3483 704 3538 De
736 3477 840 3550 iis,
883 3496 1013 3555 quae
1042 3475 1265 3552 reliqua
1292 3474 1439 3540 sint,
1469 3467 1786 3530 videndum
1814 3487 1965 3539 csse,
1994 3468 2165 3545 quale
2192 3466 2501 3546 Epicureis'
2517 3468 2591 3526 sit

532 3575 702 3635 beate
730 3575 954 3645 vivere,
980 3572 1141 3650 quod
1172 3572 1233 3628 in
1263 3570 1566 3647 voluptate
1596 3565 1853 3646 positum
1882 3573 2109 3643 putent.
2154 3567 2283 3622 Hoc
2315 3563 2553 3641 quidem
2571 3610 2589 3638 ,

532 3675 583 3730 si
613 3669 754 3748 quid
789 3670 897 3742 sit,
948 3669 1005 3726 in
1053 3665 1326 3746 sapientis
1364 3674 1650 3743 potestate
1685 3660 1893 3733 statui,
1939 3659 2247 3739 ipsumque
2288 3659 2497 3720 stabile
2536 3674 2594 3718 et

534 3768 761 3826 firmum
785 3784 908 3823 esse
936 3762 1171 3822 debere.
1202 3768 1280 3820 At
1308 3760 1669 3838 voluptatem
1699 3756 1871 3815 talem
1895 3774 2013 3813 non
2037 3774 2194 3826 esse,
2219 3755 2440 3833 quippe
2462 3776 2594 3834 quae

534 3884 604 3922 ex
636 3865 886 3921 sortunae
919 3860 1241 3919 temeritate
1268 3856 1531 3935 pendeat.
1570 3859 1660 3912 Ita
1691 3854 1984 3912 fortunam
2013 3851 2261 3911 evadere
2296 3852 2590 3912 dominam

531 3962 666 4019 vitae
696 3959 917 4029 beatae3
965 3977 1097 4036 quae
1132 3971 1352 4027 tamen,
1395 3954 1443 4012 si
1474 3952 1648 4012 semel
1676 3961 1945 4028 suscepta
1976 3949 2084 4022 sit,
2134 3949 2215 4008 ita
2255 3969 2595 4027 permanere

537 4056 771 4128 debeat,
790 4067 855 4114 ut
878 4054 1001 4133 ejus
1026 4053 1293 4112 effectrix
1308 4097 1324 4125 ‚
1345 4050 1639 4128 sapientia.
1664 4047 1729 4106 Id
1747 4046 1945 4124 negari
1967 4046 2203 4124 quidem
2224 4044 2299 4103 ab
2324 4045 2599 4123 Epicuro,

536 4148 639 4210 sed
667 4150 1211 4221 inconstantissime3
1258 4167 1439 4226 quum
1468 4157 1714 4219 statuat,
1753 4163 1870 4201 non
1907 4143 2180 4221 majorem
2218 4162 2342 4199 esse
2386 4140 2594 4198 infiniti

2288 4265 2355 4333 9.
