3217 4784
783 426 908 493 DE
957 426 1127 494 FIN.
1178 425 1385 493 BON.
1437 427 1554 493 ET
1600 427 1818 494 MAL.
1864 428 1950 511 V,
1995 449 2098 493 ιο.

2367 422 2511 521 579

369 543 440 615 id
468 570 593 615 sua
621 570 829 616 causa
857 545 1066 618 faciet
1090 600 1108 630 ‚
1137 559 1210 617 et
1237 545 1472 616 oderit
1500 569 1575 615 se
1593 600 1613 634 ‚
1651 562 1723 617 et
1750 546 1959 617 simul
1989 545 2270 643 diliget:
2307 546 2511 644 quod

369 656 523 726 fieri
562 681 711 728 non
740 672 998 755 potest.
1024 663 1331 730 Necesse
1361 670 1468 726 est
1505 655 1802 752 quidem
1823 654 1878 745 ⁵,
1913 659 1972 727 si
1997 657 2157 758 quis
2185 654 2323 728 sibi
2357 660 2512 755 ipse

369 770 701 838 inimicus
751 763 930 851 est⁶‚
981 791 1185 852 eum,
1230 790 1389 861 quae
1434 764 1631 836 bona
1676 780 1882 854 sunt,
1936 767 2166 836 ma1a⁷
2218 777 2510 863 putare3

369 877 561 948 bona
602 892 889 963 contra,
946 900 1106 972 quae
1149 874 1366 963 mala;
1411 889 1485 945 et
1527 899 1690 972 quae
1735 875 2172 974 appetenda,
2216 873 2510 971 fugere3

369 1001 441 1057 et
469 1012 630 1084 quae
658 985 999 1083 fugienda
1025 1039 1044 1072 ‚
1083 1000 1427 1082 appetere
1466 1011 1481 1052 :
1511 1010 1674 1081 quae
1705 988 1858 1055 sine
1889 983 2116 1055 dubio
2145 986 2304 1056 vitae
2342 1001 2514 1056 sunt

369 1099 645 1168 eversio
666 1090 716 1167 8..
779 1098 1032 1191 Neque
1080 1095 1314 1182 enim,
1351 1093 1412 1168 si
1459 1093 1797 1176 nonnulli
1838 1095 2336 1191 reperiuntur,
2385 1096 2514 1190 qui

367 1222 496 1278 aut
524 1206 846 1302 laquem,
884 1218 1010 1275 aut
1044 1203 1180 1274 alia
1211 1204 1423 1274 exitia
1458 1217 1815 1300 quaerant,
1855 1216 2011 1286 aut,
2046 1216 2127 1273 ut
2164 1199 2285 1274 ille
2316 1202 2510 1299 apud

366 1315 782 1385 Terentium
801 1325 860 1400 9,
902 1315 1030 1411 qui
1070 1311 1386 1382 decrevit
1420 1315 1821 1409 «tantisper
1854 1337 1932 1381 se
1966 1312 2208 1381 minus
2233 1313 2510 1407 injuriae

368 1450 502 1495 suo
556 1438 771 1522 gnato
815 1421 1050 1495 facere
1092 1423 1220 1519 (ut
1273 1423 1369 1493 ait
1421 1421 1753 1519 ipse10),
1797 1420 1973 1491 dum
2027 1420 2152 1491 fiat
2201 1423 2508 1494 misero>

367 1535 701 1605 inimicus
742 1535 895 1630 ipse
947 1530 1082 1602 sibi
1131 1529 1494 1629 putandus
1533 1545 1661 1601 est.
1711 1531 1852 1603 Sed
1901 1531 2017 1601 alii
2057 1529 2309 1602 dolore
2346 1556 2503 1603 mo·
2546 1569 2609 1618 29

369 1657 655 1729 ventur,
690 1642 804 1714 alii
840 1639 1264 1738 cupiditate3
1302 1640 1676 1712 iracundia
1706 1643 1918 1713 etiam
1954 1640 2161 1713 multi
2195 1639 2508 1713 efferun-

442 1881 491 1929 5.
521 1881 730 1928 Necesse
756 1890 829 1927 ese
852 1877 1065 1943 quidem.
1095 1877 1255 1928 Codd.
1280 1895 1396 1943 pec·

367 1969 484 2008 cant
503 1993 519 2020 ,
544 1959 721 2024 partim
746 1981 768 2003 ι
793 1975 1085 2023 necesseque
1112 1969 1183 2007 est
1209 1980 1262 2017 ιι,
1286 1976 1400 2023 par·

373 2040 459 2086 tim
481 2062 508 2081 α
533 2055 730 2087 necesse
756 2051 829 2087 est
855 2038 993 2103 quod
1019 2060 1044 2081 ι·
1075 2037 1357 2086 exhibentes
1383 2053 1397 2088 τ

368 2117 454 2165 sed
499 2118 747 2166 beser-unt
778 2121 830 2165 in
868 2117 1121 2182 particule
1152 2127 1201 2165 et
1235 2118 1311 2177 vi,
1350 2127 1400 2165 et

366 2196 535 2260 positu
582 2196 755 2244 scribae
770 2230 785 2254 ,
831 2197 982 2244 nescii
1027 2196 1099 2243 sic
1139 2212 1241 2243 eam
1276 2212 1399 2244 sane

366 2276 554 2332 valere;
582 2275 649 2323 cf.
677 2292 825 2340 snpra
851 2278 923 2324 III
942 2310 958 2336 ,
990 2276 1050 2337 8,
1078 2278 1145 2323 28
1169 2294 1179 2321 =
1204 2296 1229 2316 ιι
1260 2275 1399 2340 quod

369 2370 472 2403 non
496 2356 655 2419 possit
673 2354 874 2419 quidem
889 2377 934 2404 »-

438 2434 492 2484 6.
531 2435 583 2481 Si
618 2434 726 2500 quis
767 2433 858 2483 sibi
897 2434 998 2499 ipse
1044 2431 1270 2480 inimicus
1307 2444 1396 2480 est.

368 2515 505 2562 Goer.
539 2514 626 2563 dat
649 2513 694 2562 εἰ
720 2514 827 2580 qm's
848 2513 945 2577 ipsi
961 2511 1055 2560 sibi
1071 2510 1288 2560 inimicus
1307 2523 1392 2561 cst.

366 2594 477 2653 Sic,
511 2594 675 2658 inquit
692 2630 706 2654 ,
744 2609 855 2642 cum
896 2593 1023 2657 Spir.
1064 2602 1115 2640 et
1156 2590 1258 2639 Erl.
1303 2604 1396 2656 pro

364 2669 459 2720 sibe·
478 2672 570 2738 ipsi
587 2673 834 2732 dedimus,
855 2684 912 2720 ut
935 2683 1009 2719 ter
1030 2669 1202 2718 eodem
1229 2670 1397 2734 positu

365 2753 417 2799 in
455 2752 768 2816 sequentibus
804 2751 1051 2800 scribitur.
1089 2748 1240 2812 Quod
1279 2764 1396 2797 vero

365 2833 481 2881 Em.
523 2844 693 2879 contra
735 2831 886 2879 codd.
925 2829 1179 2893 editosque
1228 2844 1396 2877 omnes

363 2908 464 2973 ipse
495 2909 709 2958 correxit
727 2944 742 2968 ,
771 2908 824 2956 id
849 2909 901 2956 h.
937 2908 971 2956 l.
1011 2923 1137 2972 opus
1163 2924 1267 2955 non
1293 2918 1397 2963 est,

364 3003 517 3051 quum
543 2989 596 3035 in
624 2986 670 3034 εἰ
689 2985 802 3050 quis
821 2985 1127 3052 praecedente
1148 2985 1280 3044 justa
1301 2996 1395 3032 ter-

366 3067 419 3113 tii
449 3083 586 3116 casus
611 3066 828 3114 defensio
853 3065 1032 3112 lateat:
1062 3079 1203 3111 secus
1243 3075 1315 3112 est
1341 3064 1395 3110 in

364 3162 501 3210 “qq-

434 3241 458 3285 7
475 3260 488 3272 .
518 3225 644 3270 Eum
659 3259 675 3284 ,
701 3239 813 3287 quoe
838 3221 967 3269 bona
993 3229 1130 3274 sutae,
1153 3219 1393 3282 malapu-

366 3316 487 3351 tare.
534 3305 659 3350 Ven.
704 3309 865 3364 ¹⁴94,
903 3311 951 3348 et
980 3301 1135 3348 Mars.
1159 3316 1246 3355 ea,
1280 3314 1391 3368 cum

364 3381 481 3431 olim
517 3381 734 3445 vulgatu
771 3379 907 3445 qnod
955 3377 1154 3427 defendi
1191 3387 1386 3442 potest,

365 3480 517 3527 quum
543 3477 670 3526 saepe
705 3461 774 3509 sic
802 3471 917 3525 post
943 3459 989 3507 si
1010 3460 1147 3524 quis,
1184 3458 1272 3506 nbi
1295 3445 1390 3523 pro

366 3542 654 3607 quicumque
674 3539 868 3598 (Ποίων,
878 3554 1101 3603 personae
1119 3554 1391 3603 pronomen

365 3622 635 3670 omittatur.
658 3619 753 3667 Sed
772 3635 833 3666 ea
853 3635 915 3666 ex
934 3618 1174 3682 proximis
1200 3617 1391 3665 casibus

365 3711 529 3747 ortum
548 3697 757 3747 videtur.
776 3698 839 3746 G.
1201 3701 1206 3706 ’

437 3778 486 3824 8.
512 3779 634 3841 Quoe
651 3775 758 3824 sine
769 3774 915 3824 dubio
930 3773 1049 3823 vitoe
1060 3786 1175 3823 sune
1192 3774 1389 3825 eversio.

362 3856 497 3904 Alias
523 3867 696 3904 auctor
720 3855 816 3903 boc
842 3854 896 3901 in
923 3854 1084 3918 positu
1107 3865 1177 3901 est
1192 3855 1387 3916 scribit,

364 3935 434 3982 sic
458 3946 512 3983 ut
531 3951 641 3999 quoe
671 3933 877 3999 simplici
905 3950 1108 3981 numero
1136 3935 1186 3980 in
1215 3934 1391 3998 quibus

366 4013 519 4062 valeat
536 4050 550 4075 ,
577 4015 783 4064 relativo
818 4013 880 4061 ad
921 4001 1127 4077 sequens
1162 4014 1386 4062 snbstan-

365 4089 521 4140 tiv‘nm
545 4091 855 4158 applicando.
873 4089 970 4144 Sed
993 4092 1240 4156 vulgatum
1260 4102 1388 4140 recte

365 4172 482 4220 ferri
511 4183 673 4238 potest
712 4172 763 4221 b.
792 4188 830 4221 s.
870 4196 896 4216 α
921 4172 1100 4238 quibus
1136 4188 1178 4223 s.
1211 4172 1258 4222 d.
1289 4172 1386 4220 vita

1478 1879 1806 1927 evertitur-v.
1827 1896 1972 1928 «vera
1996 1879 2108 1927 vitae
2125 1879 2252 1928 ratio
2267 1879 2503 1928 tollitur».

1478 1958 1659 2008 Eadem
1684 1959 1870 2008 ratione
1890 1958 2068 2007 dicitur
2094 1957 2282 2006 Acadd.
2307 1959 2357 2005 H
2374 1992 2390 2018 ,
2422 1961 2507 2017 31,

1481 2054 1551 2101 99
1583 2052 1597 2085 :
1625 2061 1651 2080 κ
1673 2039 1892 2104 sequitur
1918 2038 2078 2086 omnis
2107 2038 2224 2085 vitae
2253 2073 2266 2086 .
2289 2073 2300 2084 .
2324 2071 2336 2083 .
2367 2054 2506 2086 ever-

1478 2118 1553 2166 zlo
1571 2141 1615 2165 a.
1632 2120 1700 2167 G.

1551 2214 1601 2259 9.
1638 2199 1767 2256 Aut,
1798 2208 1850 2244 ut
1873 2196 1957 2246 ille
1978 2197 2118 2261 apud
2146 2196 2466 2247 Terentium..
2483 2234 2495 2245 .

1479 2275 1701 2344 inimicus
1725 2276 1829 2342 ipse
1849 2275 2206 2341 sibiputandus
2231 2289 2324 2326 est.
2339 2278 2503 2326 Davis.

1480 2367 1573 2404 aue
1604 2355 1731 2403 delet
1752 2390 1767 2413 ,
1793 2356 2021 2403 Ernestio
2046 2355 2307 2419 probante.
2341 2358 2505 2406 Potest

1479 2451 1592 2482 sane
1616 2434 1807 2491 abesse3
1834 2445 1998 2499 potest
2026 2434 2154 2482 idem
2190 2433 2416 2482 facillime
2443 2451 2505 2483 ex

1479 2514 1692 2581 praeced.
1735 2513 1923 2579 syllaba
1966 2524 2059 2561 ane
2100 2524 2269 2561 natum
2308 2515 2503 2578 putari:

1478 2609 1629 2658 quum
1670 2585 1831 2641 tamen
1854 2591 2130 2658 exemplum
2145 2627 2160 2650 ,
2186 2593 2324 2656 quod
2346 2595 2505 2658 sequi·

1477 2684 1576 2731 tur,
1602 2689 1705 2721 non
1736 2673 1879 2739 plene
1901 2671 1968 2721 ad
1993 2694 2019 2714 ιι
2045 2672 2268 2735 laqueos,
2302 2684 2386 2722 aut
2409 2673 2502 2723 alia

1477 2752 1627 2799 exitia
1654 2774 1676 2794 ι
1694 2787 1710 2811 ,
1750 2751 1981 2816 quadret,
2028 2765 2132 2798 non
2175 2762 2305 2799 recte
2353 2751 2502 2800 deleri

1477 2830 1789 2896 particulam,
1810 2830 2037 2877 omnibus
2055 2839 2102 2875 et
2120 2829 2317 2894 scriptis
2333 2842 2383 2879 et
2400 2830 2503 2878 edi-

1477 2909 1540 2957 tis
1584 2908 1942 2968 confirmatam,
1978 2908 2271 2973 putavimus.
2310 2910 2501 2958 Notan-

1478 2986 1592 3034 dum
1638 2987 1815 3035 deinde
1854 2998 1927 3034 est
1956 2986 2283 3035 anacoluthon
2304 3023 2321 3048 ,
2349 3003 2498 3049 quum

1476 3064 1786 3114 scribendum
1811 3065 2017 3123 fuisset,
2034 3086 2059 3106 α
2078 3063 2262 3110 inimici
2284 3064 2382 3127 ipsi
2405 3065 2499 3111 sibi

1474 3142 1680 3206 putandi
1702 3152 1816 3189 sunt
1846 3163 1894 3196 a,
1926 3152 1983 3189 ut
2008 3141 2152 3187 etiam
2178 3141 2347 3188 Davis.
2381 3157 2499 3189 con-

1467 3221 1602 3281 jecit.
1631 3219 1726 3267 Sed
1754 3218 1862 3266 talia
1890 3219 2078 3265 auctori
2113 3219 2498 3281 frequentantur,

1472 3300 1514 3345 si
1528 3298 1751 3362 qua-dam
1764 3332 1780 3356 ,
1802 3307 1858 3345 ut
1878 3296 1979 3346 h.1.
1999 3297 2317 3346 Terentianus
2334 3297 2498 3357 locus,

1467 3369 2174 3441 interponuntur..G.—Apud
2189 3378 2378 3424 Terent.
2404 3379 2497 3426 Hic

1472 3457 1612 3505 locus
1639 3468 1710 3505 est
1741 3472 1805 3503 ex
1839 3457 2018 3504 Heant.
2063 3466 2160 3504 act.
2199 3458 2252 3515 1,
2281 3473 2418 3506 scen.
2453 3476 2499 3520 1,

1472 3553 1545 3584 vs.
1570 3537 1656 3606 95,
1690 3545 1740 3583 et
1762 3535 1883 3582 alter
1908 3535 2115 3583 inferius
2143 3534 2265 3582 ibid.

1551 3629 1634 3663 ιο.
1651 3617 1831 3662 Facere
1853 3618 1931 3677 (ut
1951 3615 2024 3661 aie
2035 3614 2164 3679 ipse)
2189 3614 2321 3662 dum.
2342 3615 2500 3664 Brem-

1473 3679 1729 3759 distinguit
1744 3728 1759 3752 ,
1784 3716 1809 3736 ιι
1827 3694 1982 3764 facere
2002 3693 2077 3756 (ut
2093 3694 2180 3758 ait)
2202 3695 2305 3760 ipse
2324 3695 2439 3744 dum
2456 3718 2499 3756 ι»,

1471 3774 1761 3842 laudatque,
1785 3784 1841 3822 ut
1858 3773 1958 3838 ipse
1979 3790 2089 3821 cum
2112 3775 2158 3822 vi
2184 3778 2500 3840 praepositum

1473 3855 1677 3921 probet,
1712 3853 1862 3918 Legg.
1901 3855 2002 3911 111,
2045 3870 2092 3914 7,
2128 3869 2220 3914 173
2246 3853 2367 3903 ibid.
2408 3865 2500 3916 14,

1477 3935 1560 3982 32.
1582 3932 1732 3996 Quod
1754 3933 2054 3980 verissimum
2087 3949 2189 3980 csse
2214 3933 2281 3980 ita
2308 3932 2358 3979 in
2382 3950 2498 3980 ocu-

1475 4012 1550 4060 los
1577 4010 1838 4073 cujuslibet
1866 4010 2098 4067 incurrit,
2129 4020 2186 4056 ut
2226 4008 2278 4056 in
2309 4025 2368 4057 eo
2402 4024 2497 4056 cae-

1475 4091 1670 4139 citatem
1706 4089 1923 4137 omnium
1952 4087 2196 4136 editorum
2220 4089 2328 4148 jure
2354 4102 2497 4134 accu-

1476 4187 1650 4221 semus.
1677 4171 1738 4218 G.
1760 4169 1812 4216 in
1831 4167 2079 4216 Additam.

2098 4251 2207 4347 37.
