3217 4784
798 430 923 497 DE
970 429 1140 498 FlN.
1192 431 1399 498 BON.
1456 429 1565 496 ET
1619 426 1834 495 MAL.
1889 428 2020 510 ΙΙΙ,
2067 452 2177 494 22.

2410 431 2541 510 [⁸21

437 551 629 622 nulla
667 550 839 623 belli
875 576 1087 623 causa
1129 552 1432 623 transire
1467 549 1830 620 voluisset.
1861 555 2079 621 Recte
2118 550 2273 644 ejus
2309 553 2555 619 omnia

434 662 877 745 ‹licentur¹²‚
911 663 1039 759 qui
1093 662 1228 731 scit
1287 662 1392 729 uti
1441 659 1636 729 solus
1677 657 2037 729 omnibus.
2090 664 2305 730 Recte
2344 663 2558 730 etiarn

435 769 735 866 pulcher
789 768 1309 869 appellabitur:
1366 769 1584 839 animi
1647 769 1840 837 enirn
1895 768 2329 840 lineamenta
2389 783 2562 840 sunt
2655 825 2664 833 ,

434 879 889 977 pulchriora,
953 902 1172 975 quam
1230 880 1575 978 corporis».
1641 881 1861 949 Recte
1924 879 2121 949 solus
2165 878 2369 967 liber,
2428 904 2561 949 nec

435 988 913 1059 dominationi
950 988 1382 1085 cujusquam
1421 1012 1722 1086 parens,
1761 997 2003 1085 'neque
2045 988 2394 1062 obediens
2434 1015 2562 1061 cu·

436 1097 738 1195 piditati.
777 1101 1000 1168 Recte
1042 1098 1387 1184 invictus»,
1430 1098 1637 1194 cujus
1670 1098 1943 1169 etiamsi
1974 1095 2033 1141 ¹3
2072 1123 2335 1196 corpus
2386 1125 2561 1171 con-
2601 1118 2669 1185 76

436 1209 847 1302 stringatur,
883 1211 1125 1279 animo
1163 1223 1403 1281 tamen
1448 1208 1736 1279 vincula
1781 1208 1977 1302 injici
2018 1207 2216 1279 nulla
2264 1211 2562 1307 possint.

436 1323 690 1414 Neque
748 1335 1117 1417 exspectet
1177 1320 1510 1392 ultimum
1560 1334 1851 1417 tempus
1905 1320 2233 1407 aetati314,
2288 1335 2564 1402 ut,tun1

441 1429 760 1527 (lenique
789 1430 1177 1525 judicetur,
1213 1431 1564 1504 beatusne
1598 1429 1850 1516 suerit,
1890 1454 2120 1525 quum
2165 1444 2567 1501 extremum

436 1543 593 1611 vitae
638 1541 830 1613 diem
885 1557 1117 1613 morte
1167 1531 1641 1613 confecerit¹⁵
1680 1568 1695 1609 ε
1752 1538 1951 1636 quod
1991 1538 2111 1608 ille
2163 1563 2352 1609 unus
2390 1566 2429 1611 e
2465 1566 2571 1611 se-

438 1666 632 1747 ptem
710 1651 1158 1749 sapientibus
1225 1676 1376 1720 non
1446 1651 1809 1745 sapienter
1862 1653 2190 1719 Croesum
2257 1654 2567 1721 monuit.

442 1765 621 1831 Nam
666 1763 725 1831 si
753 1761 1009 1832 beatus
1053 1784 1396 1857 umquam
1434 1758 1721 1845 fuisset,
1761 1756 2041 1829 beatam
2081 1759 2299 1827 vitam
2337 1784 2570 1856 usque

444 1869 535 1940 ad
578 1871 784 1942 illum
835 1897 876 1940 a
924 1876 1115 1967 Cyro
1152 1884 1599 1942 exstructum
1643 1892 1901 1965 rogum
1926 1864 1986 1911 ¹⁶
2041 1868 2564 1964 pertulissem.

438 2030 530 2076 bus
572 2030 765 2076 infamis
800 2065 814 2089 ‚
875 2045 954 2077 eas
993 2029 1201 2093 angendi
1249 2028 1456 2077 aviditas

439 2124 698 2173 suppresso
737 2109 935 2156 nomine
976 2111 1247 2173 exagitatur
1283 2108 1455 2157 Parad.

442 2190 510 2233 Vl
533 2202 673 2251 paene
703 2196 832 2236 toto.
859 2191 922 2235 G.

517 2282 597 2313 12.
618 2267 764 2313 Recte
781 2266 885 2330 ejus
898 2265 1065 2315 omnia
1088 2265 1323 2315 dicentur.
1344 2268 1457 2314 Ma·

440 2346 524 2391 lim
544 2380 559 2403 ,
606 2356 804 2404 «recte,
831 2363 934 2394 esse
960 2347 1063 2408 ejus
1093 2346 1253 2394 omnia
1275 2382 1289 2405 ‚
1327 2346 1458 2394 dice-

444 2435 519 2471 tur
536 2446 557 2466 ι
576 2460 586 2471 .
618 2424 813 2473 Dicetur
840 2437 969 2474 certe
995 2442 1056 2474 ex
1080 2425 1293 2490 Spirensi
1319 2436 1458 2472 nota-

443 2516 533 2553 tur.
563 2503 778 2552 Verbum
806 2517 969 2554 autem
1005 2505 1162 2553 subst.
1200 2504 1251 2552 h.
1276 2503 1313 2552 l.
1344 2520 1460 2552 coa-

441 2582 566 2629 ctius
590 2582 750 2641 abest,
792 2593 872 2642 et,
915 2600 979 2631 ex
1022 2582 1317 2647 compendio
1344 2582 1460 2630 scri-

441 2673 579 2726 ptum
595 2698 610 2720 ,
662 2661 886 2710 facillime
955 2665 1082 2711 inter
1129 2679 1156 2710 e
1216 2662 1459 2727 duplicem

442 2742 602 2789 omitti
648 2742 833 2805 potuit;
880 2742 1031 2806 idque
1074 2741 1226 2806 magis
1246 2777 1261 2799 ,
1309 2757 1460 2805 quum

439 2820 624 2868 librarii
677 2819 729 2867 id
775 2836 887 2868 cum
927 2822 980 2867 vi
1027 2821 1324 2885 premissum
1377 2829 1461 2867 aut

442 2900 635 2947 deleant
650 2935 665 2960 ,
689 2907 773 2944 aut
800 2909 1135 2963 transponant.
1153 2901 1214 2947 G.

518 2980 597 3027 13.
637 2979 781 3024 Recte
821 2974 1021 3025 invictus
1036 3013 1049 3036 ,
1091 2977 1230 3043 cujus
1258 2979 1460 3027 etiamsi.

444 3056 587 3121 Cujus
630 3090 642 3102 .
667 3090 680 3103 .
702 3088 715 3101 .
770 3064 844 3103 est
892 3071 1068 3118 quum,
1114 3055 1301 3103 etiamsi
1337 3056 1460 3122 ejus.

443 3139 604 3198 Quare
648 3144 758 3181 ante
802 3133 937 3182 relat.
988 3134 1136 3182 colon
1177 3136 1461 3199 ponendum

442 3224 574 3273 erat,
601 3225 649 3261 et
675 3211 822 3261 etiam
837 3211 882 3259 si
897 3214 1103 3273 junctim
1130 3213 1460 3263 scribendum.

446 3295 636 3340 Haesere
655 3290 704 3340 h.
719 3292 756 3340 l.
777 3291 965 3340 scribae.
982 3295 1091 3341 Bas.
1116 3293 1242 3341 enim
1258 3305 1308 3341 et
1326 3294 1460 3343 Gud.

451 3390 503 3431 r,
546 3387 647 3419 non
689 3370 862 3435 cujus,
901 3371 986 3418 sed
1023 3384 1153 3419 certe
1202 3373 1459 3435 praebent:

443 3452 588 3499 iidem
633 3451 687 3498 in
727 3449 996 3514 proximis,
1045 3464 1255 3514 possunt
1273 3488 1288 3512 ‚
1328 3468 1464 3517 aeqne

443 3548 607 3596 prave.
625 3531 688 3577 G.

521 3619 601 3666 ¹4·
634 3610 864 3657 Ultimum
891 3621 1073 3673 tempus
1090 3609 1277 3667 acatis,
1303 3621 1353 3656 ut
1364 3621 1463 3656 tum

443 3688 668 3755 denique.
690 3688 796 3736 Nos
816 3704 1011 3751 qnoque
1034 3704 1145 3735 cum
1164 3691 1329 3736 Davis.
1348 3691 1463 3737 Ern.

444 3769 731 3832 Bremioque
762 3785 825 3816 ex
867 3768 1169 3817 correctione
1191 3769 1286 3815 Th.
1320 3769 1467 3817 Bent-

444 3847 526 3895 leii
552 3849 621 3895 sic
660 3864 751 3913 pro
787 3848 972 3905 ullum,
1008 3847 1144 3910 quod
1187 3858 1467 3895 nostrorum

446 3941 642 3990 quoque
655 3938 729 3975 est
748 3961 762 3984 ‚
779 3926 1074 3990 scripsimus.
1098 3927 1183 3990 Sp.
1204 3926 1401 3990 quidem
1419 3938 1467 3973 et

448 4004 543 4051 Erl.
569 4004 833 4064 virtutum,
858 4016 908 4053 et
925 4006 1055 4055 Gud.
1081 4022 1108 4053 α
1124 4041 1137 4064 ,
1178 4005 1271 4053 m‘si
1286 3987 1483 4059 luemus

450 4098 542 4144 pro
570 4093 624 4131 ut
662 4096 762 4130 tum
803 4086 1047 4149 praebent,
1104 4085 1232 4132 uncle
1275 4102 1362 4141 ue,
1394 4084 1471 4130 vel

450 4160 545 4208 nisi
572 4171 670 4208 tum
694 4162 932 4222 conjicere
959 4165 1130 4221 liceat,
1157 4175 1210 4211 ut
1234 4164 1332 4211 nisi
1355 4178 1471 4213 cum

1549 2027 1707 2075 ironia
1731 2026 1934 2075 dicatur.
1952 2026 2048 2074 Sed
2069 2027 2143 2074 vel
2160 2036 2261 2074 tum
2282 2028 2432 2075 ullum
2452 2039 2572 2075 tem·

1541 2123 1637 2171 pus
1679 2108 1823 2154 nimis
1862 2122 1982 2171 vage
2020 2106 2205 2153 dictum
2253 2108 2362 2156 erit.
2415 2111 2570 2156 Immo

1545 2187 1722 2234 rectius
1759 2185 1837 2234 his
1877 2186 1942 2234 ad
1981 2185 2105 2233 illud
2154 2185 2348 2234 Solonis
2386 2187 2569 2235 dictum

1545 2265 1825 2328 respicitur,
1851 2266 1915 2313 cs.
1947 2265 2182 2313 Herodot.
2212 2267 2262 2323 1,
2287 2267 2352 2314 32
2376 2302 2389 2325 ,
2434 2266 2571 2331 quod

1544 2344 1768 2391 ultimum
1794 2343 1980 2406 flagitat
2008 2357 2022 2391 ε
2050 2359 2160 2390 nam
2181 2348 2286 2406 eJus
2308 2346 2423 2394 loco
2444 2363 2571 2393 sum·

1544 2438 1674 2469 mum
1694 2438 1758 2469 ex
1782 2421 1995 2470 Martial.
2018 2423 2068 2468 X
2081 2457 2096 2480 ,
2125 2429 2188 2483 47
2207 2459 2224 2485 ,
2242 2440 2353 2471 cum
2372 2427 2573 2473 Davisio

1545 2501 1690 2548 malle
1705 2538 1721 2563 ,
1745 2517 1887 2549 causa
1905 2500 2035 2561 justa
2060 2500 2191 2549 nulla
2217 2515 2310 2552 est.
2336 2504 2574 2554 Probatur

1548 2591 1797 2645 receptum
1829 2579 1973 2645 plene
1999 2597 2060 2628 ex
2082 2583 2156 2639 H,
2177 2597 2241 2643 α’]
2264 2617 2278 2643 ,
2300 2584 2385 2645 37.
2411 2587 2478 2631 G.

1624 2675 1645 2708 1
1659 2661 1704 2707 5.
1749 2663 1909 2725 Quum
1949 2671 2217 2708 extremum
2276 2662 2401 2711 vitoe
2442 2663 2572 2711 diem

1547 2750 1700 2787 morte
1726 2737 2013 2804 confecerit.
2060 2741 2140 2790 Sic
2184 2742 2338 2789 nostri
2375 2758 2572 2805 quoqne

1547 2833 1733 2867 omnes.
1766 2819 1938 2866 Davis.
1979 2820 2031 2867 in
2061 2837 2113 2869 v,
2153 2830 2306 2868 morte
2341 2822 2569 2870 offendit.

1548 2901 1663 2947 Ern.
1698 2915 1790 2963 pro
1820 2897 2029 2946 moriens
2056 2898 2243 2946 dictum
2271 2900 2394 2947 vult.
2422 2901 2573 2962 Quod

1547 2993 1845 3041 quamquam
1884 2977 2028 3034 licet,
2059 2987 2217 3024 tamen
2253 2993 2344 3025 nos
2370 2978 2571 3040 pleona-

1548 3072 1706 3104 smum
1733 3056 1936 3103 nimium
1973 3055 2236 3119 refugimus
2260 3056 2406 3104 :satis
2442 3058 2572 3104 enim

1547 3134 1851 3198 repetitIonis
1869 3144 1970 3181 erat
1989 3133 2040 3180 in
2053 3150 2132 3181 vv.
2148 3144 2451 3182 «extremum
2463 3137 2574 3184 vitae

1549 3212 1679 3260 diem
1703 3202 2022 3259 'confecerit-u.
2047 3211 2205 3259 Nobis
2222 3212 2445 3275 quidem,
2471 3232 2573 3278 quo

1549 3291 1725 3353 sepius
1749 3289 1853 3337 haec
1877 3288 2022 3337 verba
2051 3291 2335 3351 lustramus,
2363 3309 2423 3340 eo
2458 3311 2572 3359 pro-

1550 3367 1762 3416 babilius
1793 3384 1852 3417 ex
1882 3367 2039 3431 glossa
2057 3370 2313 3418 accessisse
2329 3370 2575 3421 videntur.

1553 3450 1691 3513 Saepe
1719 3448 1920 3497 turbant
1949 3448 2121 3497 scriba
2141 3484 2155 3506 ,
2187 3450 2229 3498 si
2250 3461 2350 3498 tum
2370 3451 2578 3517 simplex

1551 3529 1770 3592 ponitur.
1799 3527 1944 3576 Adde
1968 3520 2106 3592 q‘uod
2138 3528 2418 3577 brevissime
2447 3531 2576 3579 idem

1553 3608 1724 3656 iisdem
1758 3607 1920 3655 verbis
1963 3623 2110 3673 supra
2137 3608 2334 3670 dicitur,
2369 3612 2449 3669 11,
2490 3628 2577 3673 27,

1556 3689 1618 3749 87
1645 3703 1658 3735 ε
1680 3709 1704 3729 α
1725 3703 1881 3751 neque
1908 3700 2156 3752 exspectat
2189 3688 2416 3738 ultimum
2453 3703 2578 3739 tem-

1555 3783 1646 3831 pus
1673 3766 1825 3815 aetatis
1845 3780 1857 3814 :
1880 3766 2015 3829 quod
2043 3768 2210 3820 Croeso
2229 3767 2403 3817 scribit
2423 3773 2583 3819 Hero-

1556 3847 1703 3895 dotus
1731 3859 2029 3910 preceptum
2059 3864 2085 3893 a
2114 3848 2293 3896 Solone
2316 3871 2358 3898 ι.
2377 3852 2439 3897 G.

1633 3927 1713 3973 16.
1779 3927 1823 3972 A
1872 3927 1993 3988 ero
2044 3939 2347 3975 exstructum
2396 3946 2582 3994 rogum.

1556 4008 1612 4052 ln
1635 4021 1733 4068 quo
1756 4006 1950 4053 Croesns
1968 4005 2323 4055 incenderetur.
2345 4010 2462 4055 vid.
2488 4011 2587 4056 Hc-

1557 4085 1720 4133 rodot.
1741 4084 1831 4132 lib.
1857 4088 1891 4131 1.
1913 4087 2064 4133 Omv.

1637 4181 1714 4223 17.
1744 4165 2030 4212 Pertulisset.
2065 4166 2201 4212 Hanc
2227 4182 2287 4212 ex
2342 4165 2448 4213 solo
2491 4164 2600 4213 Pal..
