3217 4784
817 381 938 448 DE
992 374 1159 449 ΠΝ.
1214 380 1415 449 ΒΟΝ.
1465 378 1575 448 ΕΤ
1629 380 1840 452 MAL.
1895 389 1989 471 v,
2031 386 2096 455 6.
2387 393 2515 466 561

409 501 759 597 appellem
784 556 802 585 ,
842 504 1103 571 nescio.
1140 504 1513 571 Summum
1553 504 1743 572 enim
1780 504 2053 576 bonum
2096 516 2524 607 exposuitw,

410 614 833 681 vacuitatem
887 611 1174 681 doloris.
1220 613 1365 700 Qui
1417 625 1658 681 autem
1696 613 1785 682 de
1826 638 2109 687 summo
2145 616 2342 688 bono
2379 620 2523 692 dis·

410 721 624 790 sentit
649 774 667 803 ,
693 718 783 790 de
812 735 959 790 tota
998 718 1465 817 philosophiae
1494 722 1770 789 ratione
1795 721 2137 795 dissentit.
2172 728 2527 800 Critolaus

410 832 666 900 imitari
717 831 1053 924 antiquos
1113 817 1419 897 voluit¹⁵
1467 854 1483 895 ε
1548 840 1622 897 et
1676 830 1969 923 quidem
2020 848 2128 904 est
2186 837 2526 931 gravitate

406 943 807 1035 proximus,
853 954 925 1008 et
963 935 1317 1007 redundat
1368 937 1623 1006 oratio.
1673 943 2004 1011 Attamen
2029 939 2090 986 ¹⁶
2131 946 2190 1015 is
2227 946 2520 1042 quidem

407 1051 480 1118 in
534 1050 776 1146 patriis
819 1049 1161 1118 institutis
1224 1061 1480 1117 manet.
1548 1047 1949 1136 Diodorus,
2008 1052 2162 1147 ejus
2209 1054 2528 1142 auditor,

407 1158 731 1254 adjungit
763 1158 851 1227 ad
885 1157 1333 1227 honestatem
1357 1210 1376 1243 ,
1415 1159 1839 1227 vacuitatem
1871 1156 2159 1231 doloris.
2187 1164 2318 1234 Hic
2352 1190 2528 1261 quo-

406 1292 552 1365 que
602 1293 774 1339 suus
815 1282 956 1351 est3
1004 1266 1094 1336 de
1141 1290 1571 1361 summoque-
1623 1265 1819 1336 bono
1875 1268 2341 1360 dissentiens,
2390 1275 2531 1346 dici

407 1402 571 1448 vere
605 1380 1098 1475 peripateticus
1126 1401 1275 1446 non
1307 1389 1566 1471 potest.
1596 1378 2083 1471 Antiquorum
2104 1396 2345 1453 autem
2374 1411 2529 1455 seu-

410 1490 704 1557 tentiam
747 1485 1137 1557 Antiochus
1174 1499 1420 1553 noster
1455 1482 1634 1553 mihi
1676 1484 1956 1556 videtur
1999 1494 2332 1587 persequi
2373 1494 2527 1564 dili-

405 1599 816 1692 gentissime
849 1624 864 1665 ε
906 1619 1124 1691 quam
1167 1592 1492 1663 eamdem
1533 1594 1932 1668 Aristotelis
1964 1596 2183 1671 fuisse
2223 1617 2292 1671 et
2327 1602 2527 1674 Pole—

410 1708 642 1775 monis
691 1705 920 1776 docet.

504 1819 619 1886 VI.
648 1818 839 1883 Facit
858 1816 1077 1909 igitur
1098 1813 1363 1882 Lucius
1393 1826 1640 1882 noster
1673 1815 2090 1912 prudenter,
2127 1824 2255 1917 qui
2283 1823 2527 1896 audire
2570 1841 2631 1892 15

405 1975 591 2022 offendi
623 1973 828 2022 vidimus
846 2008 861 2029 ,
886 1989 946 2021 eo
972 1974 1148 2021 referes
1167 2006 1182 2032 ‚
1202 1972 1336 2036 quod
1360 1971 1422 2019 de
1514 1989 1692 2022 nexum
1710 2010 1724 2033 ,
1749 1989 1799 2025 et
1820 1981 2105 2043 particulam
2126 1994 2347 2032 attamen
2370 2002 2532 2035 emen-

404 2070 592 2102 snmmo
631 2053 765 2101 bono
800 2054 985 2115 agitur,
1022 2053 1075 2100 in
1110 2066 1209 2115 qno
1244 2051 1425 2099 consti·

404 2137 588 2183 tuendo
616 2137 949 2199 Hieronymus
976 2151 1075 2181 non
1104 2144 1205 2181 erat
1230 2134 1420 2195 Peripa-

406 2217 618 2263 teticus:
665 2215 721 2262 in
756 2215 930 2262 ceteris
969 2214 1099 2260 enim
1125 2211 1247 2260 nihil
1277 2212 1421 2259 disfe-

406 2295 560 2342 rebat.
583 2296 645 2342 G.

485 2380 561 2428 14.
604 2373 859 2436 Exposuit.
909 2372 1085 2421 Suadet
1123 2372 1281 2418 Brem.
1324 2384 1424 2416 esse

399 2452 741 2512 posuic‚nullo
755 2453 879 2512 jure.
948 2441 955 2454 ⁸

481 2532 563 2579 15.
598 2531 833 2578 Critolaus
866 2529 1051 2576 imitari
1083 2522 1311 2590 antiqubs
1334 2542 1424 2573 vo·

405 2609 508 2656 luit.
547 2610 671 2658 Cum
709 2609 807 2655 Pal.
857 2616 886 2665 4
927 2609 1169 2655 consentit
1202 2605 1334 2654 Gud.
1364 2622 1421 2661 2,

406 2688 568 2736 voluit
598 2690 838 2751 ignorans.
865 2688 994 2751 Spir.
1035 2697 1083 2734 et
1122 2686 1225 2734 Eri.
1256 2683 1423 2732 νοΙαίι

404 2767 657 2831 antiquos.
694 2765 790 2814 Sed
835 2766 1031 2814 illorum
1077 2766 1276 2813 omissio
1312 2766 1423 2812 ferri

406 2847 574 2909 neqnit
617 2845 815 2905 (influit.
857 2846 985 2892 enim
1030 2845 1292 2891 historicus
1313 2879 1328 2901 ‚
1369 2854 1424 2891 nt

405 2927 546 2971 Grut.
581 2923 720 2978 vult,
769 2923 867 2970 huc
904 2923 1046 2986 plane
1080 2922 1202 2970 nihil
1241 2924 1420 2987 facit):

403 3003 489 3050 sed
519 3003 691 3049 horum
728 3000 853 3047 ordo
879 2999 1040 3065 placet
1059 3036 1074 3061 ,
1117 3006 1269 3063 quum
1297 3002 1347 3047 in
1374 3017 1419 3048 v·

403 3081 630 3145 antiquos
668 3078 872 3144 (quippe
903 3095 998 3142 qua
1032 3096 1059 3126 a
1087 3078 1326 3141 proecedd.
1350 3079 1421 3125 di·

405 3159 698 3221 stinguatur)
726 3158 823 3205 loci
848 3158 920 3204 vis
945 3159 1020 3204 sit.
1043 3158 1205 3219 Atque
1231 3173 1293 3204 ex
1327 3156 1418 3205 ista

406 3236 784 3300 transpositione
810 3236 990 3284 sactum
1011 3235 1222 3293 videtur,
1249 3245 1303 3283 ut
1326 3251 1419 3282 ‘vo-

406 3316 494 3363 Im'e
543 3316 808 3363 excideret.
860 3317 925 3361 Ec
973 3313 1165 3379 quidem
1208 3324 1279 3361 est
1303 3347 1318 3372 ‚
1372 3324 1420 3361 ee

404 3412 523 3443 sane
545 3412 564 3442 .·
599 3407 729 3443 recte
753 3395 903 3457 igitur
929 3396 1047 3442 Ern.
1070 3394 1251 3455 majore
1278 3394 1421 3440 inter·

404 3475 669 3538 punctione
693 3473 931 3522 distinxit.
953 3474 1014 3520 G.

485 3555 563 3601 16.
597 3556 819 3601 Attamen
843 3553 883 3599 is
908 3552 1118 3615 quidem.
1158 3553 1315 3599 Brem.
1356 3567 1417 3598 ne

404 3631 567 3680 addita
589 3668 605 3691 ,
643 3648 705 3677 ne
727 3630 767 3678 is
791 3629 984 3694 quidem
1013 3630 1226 3693 corrigit.
1260 3629 1416 3692 Loqui

405 3713 532 3759 enim
557 3711 783 3758 Pisonem
816 3711 878 3758 de
913 3709 1260 3758 recentioribus
1285 3709 1417 3757 Peri-

407 3790 655 3853 pateticis,
698 3790 783 3852 qui
829 3789 937 3853 plus
979 3791 1199 3835 minusve
1236 3804 1264 3835 a
1306 3804 1415 3835 vera

407 3867 662 3931 disciplina
680 3868 1030 3929 degenerat-int.
1052 3869 1185 3914 Inter
1203 3882 1286 3913 eoa
1306 3867 1414 3915 Cri·

408 3946 587 3993 tolaum
616 3947 894 4009 proximum
924 3945 1119 4010 quidem
1149 3962 1249 3992 esse
1268 3948 1414 3993 Vete-

406 4022 569 4081 ribus,
604 4034 823 4072 attamen
866 4042 929 4073 ne
967 4041 1075 4072 enm
1123 4022 1315 4087 quidem
1364 4026 1415 4072 in

408 4102 572 4162 patriis
619 4102 850 4149 institutis
894 4120 1099 4151 manere.
1148 4105 1209 4151 Et
1260 4104 1418 4167 ipsum

556 4190 636 4254 Π,
697 4200 793 4248 Cic.
810 4218 929 4267 pars
952 4204 1101 4253 tet-eia.

1513 2052 1724 2103 dationis
1751 2059 1998 2107 veritatem
2028 2061 2143 2109 satia
2178 2061 2383 2113 firmare.
2412 2066 2530 2129 Spe-

1511 2132 1643 2181 ciose
1656 2138 1858 2185 sane.At
1868 2139 2066 2203 antiqui
2075 2141 2232 2204 (qnod
2241 2142 2407 2205 paullo
2421 2161 2529 2207 sup.

1512 2210 1630 2261 Cric.
1662 2213 1848 2262 imitari
1867 2217 2117 2283 antiquos)
2134 2230 2183 2267 et
2195 2222 2370 2283 patria
2392 2222 2531 2270 insci·

1509 2301 1618 2338 tuta
1654 2308 1755 2340 non
1795 2293 1856 2340 ad
1895 2296 2088 2344 eosdem
2125 2299 2388 2361 pertinent.
2428 2304 2530 2351 Nec

1511 2369 1697 2418 imitari
1741 2383 1835 2421 tam
1878 2375 1940 2422 ad
1977 2375 2324 2440 philosophum
2368 2381 2531 2427 Crito-

1510 2450 1640 2497 laum
1660 2484 1675 2508 ‚
1710 2466 1852 2514 qnam
1895 2452 1959 2499 ad
1993 2453 2139 2513 huius
2173 2454 2416 2503 scribendi
2453 2474 2526 2505 ra-

1511 2532 1693 2576 tionem
1709 2530 2009 2579 referendum
2029 2531 2220 2580 videtur
2237 2548 2250 2579 =
2267 2549 2369 2596 quo
2383 2535 2527 2583 verba

1511 2607 1626 2654 huic
1644 2607 1795 2655 verbo
1816 2611 2039 2673 proxime
2058 2609 2273 2671 subjecta
2291 2625 2527 2676 spectant,

1511 2696 1560 2732 et
1582 2685 1798 2749 quidem.
1812 2686 2252 2736 ..cratimvidetnr
2271 2693 2398 2738 enim
2421 2692 2527 2739 Cri-

1511 2764 1670 2811 tolaus
1687 2766 1905 2814 ornatius
1925 2765 2167 2814 scribendi
2188 2782 2364 2830 genus,
2390 2773 2526 2833 quod

1513 2840 1818 2908 Peripatetici
1869 2844 2245 2894 introduxerant
2264 2881 2279 2905 ‚
2336 2847 2524 2910 impro-

1510 2922 1683 2984 basoe3
1712 2926 1894 2986 quippe
1931 2924 2018 2986 qni
2056 2922 2342 2971 rhetoricam
2373 2936 2522 2973 artem

1511 3000 1573 3058 ὡς
1601 3000 1905 3064 κακοτεχνίαν
1930 3002 2123 3066 μᾶλλον,
2149 3001 2180 3056 ἢ
2208 3002 2393 3064 τέχνην,
2410 3004 2524 3064 reji-

1510 3091 1664 3137 ceret;
1688 3080 1818 3127 conf.
1842 3083 1974 3127 Sext.
2009 3080 2191 3143 Empir.
2218 3080 2330 3129 adv.
2357 3082 2515 3132 Maus.

1508 3161 1555 3205 n
1570 3194 1585 3215 ,
1614 3175 1671 3205 η
1692 3175 1706 3216 ;
1733 3167 1878 3219 atque
1903 3173 1987 3205 eos
2011 3157 2238 3220 antiquos
2260 3161 2519 3225 scriptores

1505 3235 1718 3284 imitatus
1737 3251 1859 3293 esse,
1871 3236 1960 3299 qni
1975 3234 2154 3299 figuras
2170 3237 2280 3286 illas
2297 3238 2518 3301 dicendi,

1504 3314 1818 3378 periodorum
1862 3325 2014 3363 artem
2032 3349 2045 3373 ,
2096 3325 2144 3362 et
2189 3314 2301 3364 talia
2360 3318 2523 3367 adhuc

1505 3391 1809 3455 ignorabant.
1829 3394 1910 3442 Sic
1945 3393 1997 3441 in
2033 3404 2250 3477 agwnen
2287 3395 2410 3445 nihil
2441 3398 2519 3446 of-

1505 3471 1697 3531 fendas3
1722 3472 1814 3519 nisi
1840 3471 2092 3520 nobiscum
2114 3489 2174 3520 ac
2192 3484 2354 3523 tamen
2374 3477 2517 3525 scribi

1504 3550 1676 3607 mali-*23
1712 3551 1845 3599 conf.
1869 3550 1993 3598 infra
2022 3552 2084 3599 31
2102 3586 2116 3610 ,
2155 3561 2250 3615 94,
2294 3565 2344 3603 et
2372 3572 2518 3620 supra

1502 3630 1695 3694 sepius.
1720 3631 1784 3679 G.
1808 3631 1857 3677 in
1880 3629 2127 3678 Additam.
2151 3657 2222 3667 —
2238 3634 2413 3683 Pania
2436 3636 2514 3683 in-

1502 3709 1664 3757 stincta
1690 3720 1802 3757 sunt
1840 3724 1894 3756 ea
1921 3708 2250 3773 Peripateticae
2269 3712 2515 3776 smnile‘oe.

1506 3791 1577 3836 Ita
1623 3803 1726 3835 mos
1768 3787 1958 3851 patrius
2001 3787 2286 3838 Academia
2338 3792 2515 3841 dicitnr

1503 3870 1641 3915 Orat.
1670 3869 1726 3924 1,
1763 3868 1853 3927 18,
1888 3869 1970 3922 84.
2000 3867 2268 3916 Critolaum
2286 3881 2444 3918 antem
2463 3873 2515 3917 in

1506 3946 1823 4009 Peripatetica
1856 3946 1917 3994 de
1939 3945 2118 3994 finibus
2142 3947 2382 3995 bonorum
2410 3965 2516 3995 sen-

1506 4023 1655 4072 tentia
1679 4025 1965 4087 perstitisse,
1997 4035 2128 4087 patet
2153 4042 2216 4073 ex
2245 4027 2350 4085 ejus
2371 4026 2512 4075 libro.

1508 4104 1880 4162 conf.Tuse.V,
1912 4119 1989 4164 17,
2026 4106 2108 4153 51.
2147 4105 2208 4152 G.

2245 4188 2334 4256 30·
