3217 4784
794 504 911 571 DE
958 504 1131 573 FlN.
1183 500 1394 573 BON.
1441 506 1555 573 ET
1605 504 1819 572 MAI..
1863 505 1968 585 V,
2020 500 2085 571 3.

2365 495 2504 569 553

380 649 530 696 rem
570 624 1025 695 illustriorem
1064 627 1231 695 satis
1267 640 1565 695 ornatus
1600 626 1826 722 possit
1856 621 2215 694 accedere.
2253 620 2363 692 Ab
2392 620 2506 692 his

382 749 703 807 oratores
724 789 745 820 ‚
789 734 881 805 ab
933 735 1045 805 his
1084 736 1551 831 imperatores
1571 789 1590 822 ‚
1645 758 1727 804 ac
1762 758 2003 804 rerum
2050 729 2503 830 publicarum

383 846 745 943 principes
785 846 1234 915 exstiterunt.
1281 847 1378 914 Ut
1417 842 1506 913 ad
1551 845 1830 914 minora
1860 847 2141 915 veniam
2165 897 2184 930 ‚
2227 842 2502 912 mathe-

387 956 662 1039 matici,
693 968 960 1051 poetae,
1001 953 1294 1040 musici,
1328 952 1588 1023 medici
1626 952 1943 1050 denique
1973 979 2062 1025 ex
2108 954 2278 1040 hac,
2324 966 2508 1022 tam-

385 1089 605 1160 quam
644 1089 730 1134 ex
761 1063 1088 1133 omnium
1122 1066 1382 1135 artium
1423 1062 1713 1135 officina
1732 1074 1786 1149 7,
1825 1061 2130 1161 profecti
2168 1079 2358 1135 sunt.
2399 1061 2509 1134 Ad
2544 1091 2577 1140 8

384 1199 546 1268 quae
586 1165 790 1269 ego⁸‚
819 1175 967 1243 Scis
998 1197 1114 1243 me
1135 1229 1155 1261 ,
1194 1175 1489 1270 inquam
1510 1230 1530 1261 ‚
1559 1172 1748 1245 istud
1775 1172 1966 1244 idem
1995 1175 2288 1260 sentire,
2319 1176 2505 1246 Piso:

384 1282 509 1354 sed
539 1308 581 1354 a
603 1298 673 1353 te
701 1297 1114 1380 opportune
1134 1281 1317 1356 facta
1340 1287 1614 1355 mentio
1638 1299 1765 1356 est.
1798 1283 2055 1355 Studet
2089 1285 2280 1353 enim
2308 1308 2511 1355 meus

384 1392 681 1464 audire9
708 1394 993 1480 Cicer0,
1037 1418 1365 1490 quaenam
1402 1394 1492 1465 sit
1519 1396 1724 1465 istius
1759 1395 2050 1477 veteris,
2071 1416 2291 1489 quam
2321 1416 2513 1463 com-

384 1528 776 1591 memora8‚
816 1504 1190 1575 academiae
1227 1503 1317 1574 de
1359 1503 1632 1574 finibus
1671 1502 2071 1590 bonorum,
2102 1504 2515 1600 peripateti·

386 1639 786 1710 corumque
831 1615 1205 1684 sententia.
1256 1617 1654 1685 Censemus
1704 1628 1942 1685 autem
1991 1621 2145 1683 te¹⁰
2184 1610 2513 1682 facillime

390 1718 457 1789 id
491 1722 875 1817 explanare
904 1745 1115 1818 posse
1135 1775 1154 1808 ‚
1191 1721 1394 1818 quod
1424 1737 1496 1792 et
1525 1727 1839 1795 Staseam
1859 1733 1914 1767 ¹¹
1959 1722 2517 1820 Neapolitanum

391 1829 657 1900 multos
703 1855 933 1900 annos
988 1829 1325 1901 habueris
1365 1832 1559 1929 apud
1625 1846 1734 1918 te,
1795 1846 1867 1904 et
1919 1832 2326 1928 complures
2369 1830 2513 1925 jam

391 1964 672 2010 menses
710 1940 1014 2011 Athenis
1067 1941 1220 2011 haec
1269 1944 1424 2039 ipsa
1467 1957 1539 2013 te
1582 1966 1672 2012 ex
1708 1940 2069 2011 Antiocho
2106 1939 2433 2010 videmus
2458 1950 2515 1982 ¹²

388 2052 792 2145 exquirere.
832 2052 918 2118 Et
949 2050 1067 2119 ille
1095 2048 1337 2120 ridens
1356 2105 1375 2138 ‚
1401 2055 1551 2146 Age
1578 2105 1598 2138 ‚
1626 2075 1753 2147 age
1775 2105 1795 2135 ‚
1827 2052 2066 2147 inquit
2086 2050 2297 2145 (satis
2324 2050 2518 2120 enim

389 2161 561 2229 scite
602 2184 717 2230 me
757 2161 984 2229 nostri
1016 2160 1372 2230 sermonis
1408 2161 1844 2257 principium
1875 2185 2027 2231 esse
2048 2159 2337 2231 voluisti
2366 2155 2475 2253 ¹3)
2501 2213 2518 2241 ,

464 2359 510 2402 7.
548 2344 631 2389 Ea·
654 2342 779 2401 hac,
804 2353 1057 2405 tamquam
1092 2359 1158 2389 ex
1198 2342 1412 2391 omnium

390 2421 568 2470 areium
619 2419 853 2488 officina.
903 2421 1031 2485 Spir.
1078 2431 1128 2468 et
1182 2421 1280 2468 Erl.
1342 2437 1409 2469 ex

390 2502 708 2564 posteriorem
734 2503 979 2565 ignorant.
1001 2501 1154 2563 Quod
1172 2512 1277 2549 tum
1298 2516 1413 2564 pro-

393 2580 606 2629 bandum
661 2581 786 2628 soret
803 2616 818 2639 ,
872 2582 911 2627 si
964 2589 1151 2627 mutato
1200 2579 1373 2626 ordine
1396 2613 1413 2638 ‚

393 2669 644 2723 tamquam
690 2658 895 2725 officina
962 2659 1143 2707 areium
1198 2658 1415 2707 omnium

391 2737 701 2788 scriberetur.
734 2739 830 2786 Sed
859 2738 1242 2802 frequentissime
1267 2736 1342 2797 fit,
1360 2748 1414 2785 ut

394 2820 595 2880 repetita
619 2818 902 2882 praepositio
929 2817 980 2864 in
1009 2817 1202 2880 scriptis
1230 2817 1416 2865 deside-

394 2906 544 2943 retur.
563 2898 626 2943 G.

468 2972 516 3023 8.
537 2974 624 3023 Ad
653 2990 767 3037 quoe
789 2988 900 3037 ego.
928 2977 1064 3022 Goer.
1084 2975 1232 3023 scrib.
1255 2980 1418 3040 Aeque

395 3070 505 3119 ego.
527 3056 639 3101 Jsm
662 3053 786 3114 hoc,
811 3053 971 3115 inquit
999 3052 1167 3101 Devis.
1192 3069 1254 3100 ex
1280 3054 1417 3101 Med.

395 3149 485 3181 suo
507 3132 700 3196 probat.
724 3131 935 3178 Firmant
959 3131 1090 3178 idem
1106 3134 1266 3178 Oxou.
1286 3149 1341 3194 χ.
1368 3143 1418 3180 et

395 3229 423 3260 e
450 3212 633 3260 uostris
658 3211 785 3275 Spir.
809 3220 958 3274 atque
976 3210 1078 3258 Erl.
1099 3221 1147 3257 et
1167 3225 1312 3273 supra
1331 3210 1419 3269 IV,

400 3293 464 3338 23
484 3324 500 3349 ‚
524 3289 609 3338 62.
632 3293 796 3353 Aeque
815 3287 984 3336 eodem
1006 3289 1155 3337 modo
1171 3299 1417 3353 pravstsm

400 3368 628 3416 vidimus.
651 3367 922 3431 Saepissime
941 3378 1102 3416 autem
1121 3368 1293 3415 Cicero
1314 3384 1421 3416 ver·

399 3448 473 3496 bis
502 3450 665 3511 Atque
688 3463 802 3511 ego,
828 3447 894 3493 Et
916 3462 1032 3511 ego,
1059 3447 1122 3493 ad
1151 3446 1420 3510 responsio-

400 3545 510 3576 nem
539 3527 727 3575 transit.
750 3529 901 3573 Recte
930 3525 1070 3573 etiam
1099 3525 1227 3573 vidit
1252 3525 1418 3573 Davis.

401 3607 546 3654 verbs
571 3606 660 3653 Ad
690 3621 803 3668 qua·
829 3606 898 3652 sic
925 3606 1024 3652 sere
1056 3604 1312 3651 refutantis
1345 3620 1421 3652 re-

402 3684 843 3749 prebendemisque
865 3700 1000 3744 esse3
1022 3682 1159 3747 quod
1181 3681 1277 3731 huc
1300 3682 1420 3730 nihil

402 3765 627 3828 pertinet.

471 3860 523 3905 9.
548 3843 685 3890 saed.
723 3842 852 3889 em‘m
889 3857 1021 3889 meus
1051 3841 1223 3889 audire
1245 3840 1421 3890 coz-ero.

404 3921 595 3969 Mavult
620 3922 738 3968 Em.
766 3932 877 3967 avet
902 3938 921 3967 .·
956 3931 1007 3968 at
1048 3935 1148 3968 uon
1186 3920 1311 3967 vidit
1348 3920 1422 3966 vir

403 4000 622 4062 egregius
638 4034 653 4057 ,
675 4000 837 4048 studet
862 4000 1064 4048 adaucta
1094 4001 1141 4046 vi
1171 3999 1234 4047 ab
1262 4016 1419 4047 enun-

405 4078 510 4125 tiati
532 4079 673 4127 initio
702 4079 798 4127 dici
820 4095 833 4127 ε
866 4090 920 4127 ut
949 4084 1211 4136 taceamus,
1230 4078 1425 4125 studere

407 4170 532 4218 αρε
577 4157 781 4220 optandi
829 4160 878 4206 vi
925 4160 1112 4206 auctori
1160 4157 1299 4221 poni.
1350 4156 1424 4203 Dc

408 4246 614 4297 utroque
656 4237 753 4283 vid.
804 4239 960 4285 Orati.
1008 4239 1159 4285 Partt.
1209 4236 1270 4282 ab
1312 4235 1423 4283 init.

1501 2343 1723 2392 «studeo
1740 2378 1756 2404 ‚
1781 2343 1847 2390 mi
1873 2354 2012 2408 pater
2030 2376 2047 2404 ,
2079 2344 2229 2391 latine
2258 2359 2320 2390 ex
2348 2353 2394 2390 te
2431 2357 2520 2390 au·

1503 2422 1605 2470 dire
1631 2439 1683 2470 en
1703 2457 1718 2481 ‚
1749 2434 1847 2471 etc.
1866 2444 1890 2463 υ
1919 2422 1979 2469 G.

1578 2517 1657 2550 10.
1708 2503 1964 2550 Censemus
2008 2511 2168 2547 autem
2215 2511 2277 2548 te.
2314 2501 2521 2548 Goereuz

1504 2594 1693 2647 transp.
1714 2593 1763 2629 te
1794 2593 1974 2629 autem.
2000 2582 2099 2637 Ita,
2139 2579 2325 2643 inquit,
2365 2579 2523 2627 nostri

1504 2678 1674 2710 omnes
1711 2673 1890 2727 praeter
1923 2661 2025 2709 Erl.
2051 2661 2136 2725 qui
2169 2671 2216 2708 te
2241 2670 2357 2724 post
2368 2656 2527 2724 sacil-

1504 2742 1619 2790 lime
1645 2742 1843 2803 rejecit3
1885 2741 2056 2790 eodem
2083 2755 2246 2789 errore
2271 2739 2405 2787 haud
2436 2737 2529 2786 du-

1502 2821 1608 2880 bie,
1649 2837 1750 2884 quo
1798 2821 1991 2885 vulgata
2042 2819 2170 2867 idem
2212 2829 2324 2882 post
2364 2828 2526 2865 amem

1507 2901 1750 2949 retraxit:
1795 2899 2056 2948 offendunt
2096 2897 2226 2944 euim
2268 2896 2441 2944 scribae
2475 2896 2526 2943 in

1506 2990 1670 3026 autem
1717 2980 1864 3027 tertio
1910 2979 2023 3026 loco
2075 2976 2269 3041 positu
2315 2975 2427 3022 vide
2464 2974 2525 3022 sd

1506 3060 1656 3121 Legg.
1685 3061 1764 3116 Π,
1788 3074 1837 3117 7,
1866 3055 1944 3102 16.

1583 3151 1603 3182 1
1620 3151 1666 3184 1.
1690 3136 1930 3182 Staseam.
1957 3134 2032 3181 De
2064 3133 2250 3189 Stasea,
2283 3132 2528 3194 Peripate·

1508 3215 1637 3269 tice,
1674 3213 1806 3260 cons.
1841 3212 1965 3259 iufra
1997 3213 2090 3269 25,
2121 3210 2208 3271 75,
2245 3221 2295 3258 et
2317 3212 2452 3258 Orat.
2477 3213 2528 3273 1,

1510 3307 1603 3352 υ,
1634 3298 1748 3345 104.
1777 3293 1840 3339 G.

1584 3382 1667 3417 ια.
1707 3367 1855 3429 Quod
1877 3378 2002 3415 ee...
2040 3364 2267 3415 habueris
2293 3367 2433 3431 apud
2459 3378 2528 3425 ee,

1508 3456 1578 3493 ee.
1594 3480 1608 3494 .
1625 3444 1892 3494 ‚fideman
1925 3447 2063 3492 Goer.
2086 3444 2234 3493 scrib.
2254 3443 2528 3495 videamus.

1511 3528 1614 3582 Ita,
1660 3524 1824 3587 iuquit
1841 3557 1856 3582 ‚
1908 3523 2178 3571 necessario
2221 3523 2529 3573 scribendum

1509 3620 1612 3651 esse
1641 3602 1967 3664 judicavimus
2006 3601 2291 3650 auctoribus
2328 3605 2530 3668 optimis

1511 3683 1643 3748 Spir.
1680 3691 1729 3730 et
1769 3682 1869 3731 Erl.
1917 3692 2069 3744 utque
2107 3679 2295 3729 dudum
2343 3683 2438 3747 ipsi
2481 3686 2534 3730 iu

1510 3762 1726 3824 margine
1781 3772 2062 3809 notaramus
2098 3777 2110 3809 :
2156 3776 2269 3808 nam
2311 3761 2534 3809 videmus

1510 3842 1721 3905 vulgatae
1746 3839 2003 3903 quomodo
2025 3839 2220 3888 defendi
2246 3841 2418 3905 possit,
2433 3857 2535 3889 non

1511 3919 1828 3982 assequimur.
1842 3917 2150 3979 Subiunctivi
2163 3929 2320 3966 sutem
2337 3934 2365 3965 a
2384 3920 2531 3982 qnod,

1513 3999 1686 4063 quoad
1727 3998 1917 4046 valente
1939 4031 1955 4054 ‚
2009 3996 2256 4062 pendeut3
2306 3997 2416 4044 vide
2473 3999 2534 4045 ad

1518 4076 1709 4126 Acadd.
1739 4079 1787 4124 11
1803 4113 1819 4139 ‚
1844 4093 1908 4125 ao
1927 4110 1942 4137 ,
1963 4076 2049 4124 66.

1596 4159 1674 4204 ῑ3.
1714 4156 1843 4203 Saule
1877 4154 2005 4203 enim
2024 4155 2165 4202 scite.
2192 4191 2203 4203 .
2220 4188 2231 4198 .
2250 4190 2260 4201 .
2277 4190 2288 4201 .
2314 4154 2528 4204 voluisti.

1516 4238 1681 4296 Quum
1719 4234 1892 4282 Cicero
1930 4232 2135 4298 fingeret
2161 4250 2212 4281 se
2251 4233 2351 4281 sola
2388 4251 2526 4283 occa·
