3217 4784
790 429 913 495 DE
962 427 1138 496 FlN.
1185 428 1388 497 BON.
1440 429 1551 496 ET
1599 429 1819 498 MAL.
1872 434 1989 515 IV,
2051 456 2152 501 io.
2380 435 2517 520 465

407 547 533 617 ista
560 548 955 646 popularia.
985 547 1123 619 Sed
1152 549 1464 646 primum
1496 552 1812 646 positum
1837 552 1930 622 sit
1950 563 2004 640 ⁷,
2030 570 2309 627 nosmet
2329 558 2523 655 ipsos
2566 567 2628 618 ²⁵

401 658 944 730 commendatos
970 683 1121 730 esse
1143 657 1353 729 nobis
1373 712 1392 744 ‚
1418 660 1871 758 primamque
1903 689 1991 735 ex
2015 682 2268 737 natura
2287 667 2472 743 hanc
2488 665 2520 715 ⁸

401 764 665 840 habere
715 770 1229 867 appetitionem
1253 822 1273 855 ‚
1319 782 1402 838 ut
1439 792 1947 844 conservemus
1982 793 2267 849 nosmet
2301 781 2517 879 ipsos.

400 880 553 948 Hoc
580 882 956 950 convenit:
984 880 1312 974 sequitur
1337 876 1515 948 illud
1537 932 1557 966 ,
1582 891 1665 948 ut
1692 881 2373 977 animadvertamus,
2395 893 2523 988 qui

399 988 621 1059 simus
667 991 869 1085 ipsi9‚
927 1002 1008 1059 ut
1058 1013 1226 1075 n03‚
1272 987 1521 1084 quales
1557 1005 1851 1087 oportet
1897 1017 2084 1082 esse,
2135 1021 2520 1075 servemus.

394 1104 654 1169 Sumus
698 1101 917 1196 igitur
971 1097 1335 1187 homines3
1365 1084 1457 1170 ex
1500 1099 1744 1171 animo
1781 1116 2191 1178 constamus
2226 1123 2300 1180 et
2360 1135 2520 1183 cor-

398 1234 611 1308 pore3
652 1233 812 1305 quae
855 1223 1025 1279 sunt
1071 1208 1649 1304 cujusdammodi
1679 1220 1744 1254 ¹⁰
1790 1238 1806 1280 ε
1861 1236 2146 1310 nosque
2195 1234 2534 1316 oportetj

397 1334 477 1390 ut
526 1323 758 1417 prima
807 1321 1159 1417 appetitio
1195 1320 1538 1392 naturalis
1582 1321 1938 1419 postulat,
1989 1322 2144 1395 haec
2187 1326 2522 1426 diligere,

393 1430 975 1526 constituereque
1013 1454 1099 1500 ex
1132 1429 1242 1499 his
1281 1428 1501 1499 finem
1541 1429 1742 1500 illurn
1782 1437 2044 1502 summi
2088 1433 2268 1507 boni
2304 1454 2523 1538 atque

395 1539 663 1625 ultimi,
700 1563 959 1636 quem,
997 1540 1053 1609 si
1096 1543 1325 1636 prima
1364 1563 1524 1609 vera
1556 1540 1814 1624 sint¹¹‚
1858 1541 1956 1610 ita
1996 1547 2336 1616 constitui
2392 1573 2521 1618 ue-

387 1721 510 1770 Cato
524 1757 538 1779 ,
558 1718 782 1768 subtilius
796 1715 1128 1783 philosophari
1144 1715 1407 1779 requirens.
1499 1716 1749 1764 «Positum
1773 1727 1892 1775 nest,
1904 1739 1925 1761 ι
1938 1719 2326 1780 adjudicandum
2339 1739 2523 1788 prope-

387 1800 483 1847 Sed
511 1817 600 1848 nec
626 1815 751 1864 opus
779 1800 868 1845 erit
895 1797 1195 1844 correctione
1213 1832 1227 1856 ,
1249 1795 1288 1842 si
1315 1794 1408 1841 ad·
1497 1794 1644 1842 situm
1661 1811 1713 1854 »ς
1733 1807 1879 1862 atque
1898 1800 1964 1846 ita
1983 1798 2204 1847 absolute
2223 1800 2416 1851 dicitur.
2437 1804 2517 1853 Cf.

389 1882 670 1928 versativam
690 1881 787 1925 vim
806 1879 856 1925 in
880 1888 929 1923 et
944 1879 1212 1939 agnoveris.
1229 1877 1406 1923 Sensus
1494 1889 1640 1937 supra
1683 1877 1764 1937 11,
1811 1879 1895 1936 26,
1936 1878 1999 1925 83
2015 1911 2030 1935 ,
2060 1899 2084 1919 σ-
2118 1881 2326 1942 posuisti
2356 1881 2484 1929 enim
2501 1919 2515 1944 ,

384 1968 454 2005 est
480 1975 493 2005 t
516 1979 541 1999 u
567 1973 592 2005 a
613 1974 689 2004 me
714 1957 916 2004 nimium
944 1965 1222 2019 exspectas,
1246 1956 1286 2002 si
1311 1955 1407 2002 ele·
1495 1951 1657 1999 dicere
1686 1953 1809 2002 alios
1826 1989 1842 2013 ‚
1869 1967 1962 2005 etc.
1988 1976 2012 1999 ι
2038 1982 2107 1992 ——
2131 1958 2184 2006 Si
2211 1959 2410 2023 vulgato
2433 1977 2516 2008 or-

384 2037 599 2100 gautiora
630 2036 885 2084 desideras.
927 2035 1023 2082 Sed
1050 2045 1207 2082 tamen
1234 2034 1404 2091 enitar,
1496 2030 1612 2078 dine
1630 2043 1802 2080 auctor
1827 2035 2099 2100 scripsisset
2115 2069 2130 2093 ,
2149 2052 2245 2101 pro
2264 2054 2357 2086 suo
2378 2055 2516 2088 more

384 2125 436 2161 ut
483 2113 835 2178 exspectationi
871 2124 964 2160 tuae
998 2113 1283 2161 satisfaciam
1317 2128 1331 2162 ε
1361 2113 1402 2160 si
1490 2109 1586 2157 Ιιοσ
1607 2110 1822 2161 adderet.
1845 2114 1908 2162 G.
1930 2114 1981 2161 in
2004 2114 2232 2165 Addend.

384 2209 498 2241 vero
542 2193 653 2242 talia
703 2194 865 2241 minus
908 2210 959 2240 se
1005 2193 1215 2240 offerent
1243 2215 1284 2239 n.
1330 2195 1398 2241 G.
1563 2193 1613 2238 8.
1645 2192 1802 2241 Hane.
1831 2193 1962 2241 Gud.
2002 2192 2135 2242 lianc
2161 2196 2344 2255 nescit,
2368 2198 2507 2262 quod

384 2302 445 2310 —
484 2271 537 2320 Si
576 2273 733 2320 minus
772 2271 893 2319 mihi
934 2272 1085 2320 multa
1126 2281 1399 2323 occurrent.
1489 2281 1603 2318 ante
1641 2272 1936 2335 compeudd.
1965 2262 2026 2322 l'se
2039 2309 2055 2331 ,
2095 2274 2170 2321 vel
2199 2261 2304 2332 He,
2332 2277 2511 2340 quibus

380 2358 494 2402 Haec
520 2364 650 2400 recte
675 2353 790 2401 VV.
813 2353 924 2399 DD.
959 2350 1204 2399 damnant.
1230 2350 1397 2401 Davis.
1486 2347 1666 2397 habene
1688 2350 1934 2412 scribitur,
1977 2352 2120 2402 facile
2156 2353 2379 2404 excidere
2418 2374 2512 2421 po-

378 2432 528 2479 mrdta
547 2435 599 2479 in
613 2431 746 2479 culta
759 2441 914 2478 mutat
932 2445 945 2479 ε
962 2431 1080 2477 Ern.
1096 2427 1397 2493 elegantiora
1486 2427 1598 2475 tuit.
1632 2430 1698 2478 G.

379 2512 631 2575 intelligit;
658 2511 847 2557 mavult
876 2521 1034 2557 tamen
1068 2524 1238 2555 vocem
1265 2507 1395 2555 dele·
1553 2524 1602 2571 9.
1644 2509 1744 2573 Qui
1773 2509 1924 2559 situas
1972 2510 2079 2575 ipsi.
2126 2513 2318 2579 Nempe
2343 2518 2508 2579 quoad

377 2604 490 2640 tam.
507 2591 599 2638 Sed
621 2590 781 2647 nobis,
794 2601 849 2637 ut
865 2589 1047 2637 Davisii
1070 2588 1203 2636 culta
1220 2601 1392 2650 parum
1481 2585 1695 2636 hominis
1712 2601 1954 2650 naturam,
1977 2606 2079 2638 uon
2099 2592 2261 2655 quoad
2282 2605 2478 2645 externa
2492 2633 2507 2655 ‚

374 2672 531 2736 placet
547 2705 564 2730 ‚
591 2671 657 2717 ita
692 2671 745 2717 in
773 2680 941 2716 neutra
968 2667 1174 2715 Ernestii
1206 2668 1390 2714 ratione
1478 2678 1528 2714 et
1554 2684 1665 2731 quae
1689 2669 2142 2720 succiduae—Male
2168 2672 2284 2721 inde
2312 2674 2441 2724 Gud.
2479 2693 2498 2722 1

371 2750 675 2814 acquiescere
710 2749 839 2795 licet.
891 2747 1055 2795 Placet
1099 2746 1263 2811 potius
1280 2781 1294 2806 ,
1333 2756 1390 2793 ut

373 2828 511 2875 nimis
545 2826 662 2874 mihi
688 2826 899 2874 involuta
939 2826 1190 2874 scribatur.
1229 2822 1387 2873 Ne'mt's

369 2919 419 2955 et
438 2907 596 2954 minus
617 2907 686 2952 ita
711 2906 762 2951 in
786 2903 979 2967 scriptis
999 2903 1385 2964 confunduntur,

371 2996 424 3033 ut
469 2986 620 3034 solius
653 2982 825 3045 judicii
874 2983 967 3039 sit,
1005 2992 1166 3028 utrum
1207 2981 1384 3029 horum

368 3079 679 3128 quocumque
698 3062 811 3108 loco
839 3059 1117 3122 ponendum
1140 3060 1219 3108 sit.
1239 3064 1383 3108 Invo-

367 3144 472 3190 luta
494 3154 653 3190 autem
689 3155 816 3203 saepe
841 3149 1014 3186 auctor
1033 3159 1057 3178 «
1077 3137 1280 3186 obscura
1306 3140 1381 3187 in-

367 3223 659 3284 tellectuque
689 3217 904 3268 difficilia
935 3238 984 3266 ι.
1012 3217 1092 3265 Sic
1118 3218 1266 3267 Tuac.
1290 3221 1379 3278 lv,

368 3309 462 3361 24,
505 3300 801 3367 notionem„
818 3296 1128 3354 duvelinam,
1172 3306 1223 3344 et
1265 3297 1380 3344 inde

365 3391 494 3428 recte
521 3376 697 3428 schiitz
722 3380 855 3425 Orat.
894 3376 985 3434 3³,
1015 3376 1129 3432 116,
1166 3374 1379 3424 Involuta

362 3460 436 3507 rei
454 3458 642 3506 notitia.
665 3456 747 3505 Sic
767 3455 898 3502 volet
913 3464 1104 3513 auctor,
1125 3454 1176 3502 iu
1198 3454 1377 3502 obscu-

362 3538 461 3585 rius
486 3554 574 3602 per
600 3534 984 3601 philosophicam
1006 3532 1201 3582 dicendi
1225 3534 1375 3581 ratio-

362 3633 470 3664 nem
524 3614 790 3679 expressis,
845 3611 1129 3676 popularem
1182 3611 1377 3661 dicendi

361 3695 559 3743 modum
589 3694 742 3756 sequi.

433 3790 478 3833 7.
495 3772 596 3820 Sed
608 3771 817 3836 paeimum
832 3768 1039 3832 positum
1063 3769 1140 3819 sit.
1169 3772 1375 3819 Goerens

358 3852 524 3899 scribit
548 3866 561 3899 :
585 3851 677 3899 sed
688 3850 902 3914 positum
926 3849 992 3896 sit
1006 3849 1241 3912 primum.
1261 3853 1334 3899 Ita
1355 3883 1371 3909 ‚

358 3931 545 3992 inquit,
585 3908 793 3994 quatuor
831 3928 1007 3991 optimi
1049 3929 1202 3977 nostri
1232 3930 1374 3977 :vul-

358 4019 497 4071 gatus
521 4007 644 4055 ordo
677 4029 702 4049 0·
726 4006 823 4057 Sed
849 4008 1058 4070 primum
1097 4022 1209 4071 pos.
1246 4009 1308 4056 sit
1324 4031 1376 4066 ιι,

356 4085 621 4134 scribarum
637 4088 846 4145 videtur,
856 4087 1070 4151 primum
1090 4103 1190 4135 nou
1208 4088 1376 4136 adver·

356 4165 565 4224 bialiter,
602 4166 690 4213 sed
722 4166 989 4229 adjective,
1012 4166 1373 4232 accipientium.

515 4255 603 4322 ῙῙ.
679 4267 774 4317 Cic.
784 4285 902 4335 pars
923 4269 1072 4318 tertia.

1478 2757 1528 2795 et
1552 2748 1752 2797 Monac.
1792 2750 1876 2812 qui
1897 2748 1993 2813 ipsi
2014 2750 2267 2811 abjiciunt.
2294 2754 2359 2801 G.

1553 2842 1631 2873 ro.
1654 2828 1774 2888 Quae
1790 2843 1906 2874 sum
1922 2827 2324 2893 cujusdammode‘.
2345 2833 2498 2881 Recte

1472 2904 1577 2952 haee
1605 2906 1720 2953 Em.
1747 2922 1807 2954 ex
1826 2907 2007 2955 Groecis
2021 2943 2037 2969 ,
2060 2907 2180 2956 ποῖά
2196 2924 2326 2967 τινα,
2342 2911 2497 2973 expli·

1472 2994 1584 3045 cat;
1607 2984 1710 3033 vid.
1728 2985 1850 3033 infra
1868 2988 1932 3041 V,
1959 3001 2016 3032 η
2037 3021 2052 3045 ,
2075 2986 2143 3033 36
2169 3001 2230 3036 εα
2247 2989 2356 3034 Jam
2377 3004 2493 3036 vero

1469 3065 1661 3111 animus
1700 3079 1802 3111 non
1845 3079 1946 3111 esse
1985 3062 2145 3110 solum
2165 3097 2181 3123 ,
2226 3063 2312 3111 sed
2346 3067 2489 3114 etiam

1470 3140 1855 3202 cujusdammodi
1872 3158 1972 3188 esse
1990 3140 2134 3189 debet
2153 3163 2196 3189 ι.
2215 3141 2382 3191 Divin.
2407 3146 2458 3192 11
2475 3181 2491 3203 ,

1474 3220 1559 3278 15,
1606 3221 1695 3275 ³4.
1722 3220 1867 3268 Conf.
1904 3219 1958 3267 iu
1982 3221 2051 3268 rei
2086 3220 2239 3284 ipsius
2274 3221 2488 3286 explica-

1468 3298 1649 3346 tionem
1668 3297 1858 3347 Acadd.
1884 3300 1925 3357 1,
1953 3315 2002 3360 7,
2033 3299 2095 3346 25
2122 3315 2257 3364 seqq.
2283 3301 2344 3348 G.

1540 3391 1564 3425 1
1578 3394 1599 3424 1
1613 3413 1626 3426 .
1651 3379 1802 3440 Quem
1817 3412 1834 3436 ,
1854 3376 1901 3425 si
1911 3376 2073 3441 pn'ma
2090 3394 2214 3426 vera
2230 3378 2340 3426 sint.
2357 3381 2485 3445 Spir.

1465 3455 1568 3505 Eri.
1593 3457 1796 3505 Monac.
1823 3465 1967 3514 sunu
1985 3468 2041 3505 ut
2063 3466 2178 3504 ante
2205 3457 2348 3506 Grut.
2376 3459 2481 3507 edi-

1466 3545 1568 3583 tum
1608 3546 1683 3583 est
1721 3550 1736 3584 ε
1767 3535 1921 3603 idque
1958 3535 2312 3600 preferendum
2349 3537 2482 3585 vide-

1464 3625 1564 3673 tur,
1584 3630 1736 3677 quum
1750 3626 1922 3663 auctor
1945 3614 1997 3663 h.
2021 3615 2058 3664 l.
2082 3629 2183 3662 non
2200 3614 2484 3676 dubitantis,

1463 3693 1549 3742 sed
1573 3693 1912 3743 concludentis
1937 3709 2196 3758 personam
2234 3707 2359 3758 agat.
2388 3698 2484 3745 Sed

1462 3772 1513 3819 in
1533 3774 1759 3837 proximo
1784 3775 1883 3820 sint
1898 3808 1914 3834 ‚
1942 3770 2079 3836 qnod
2105 3772 2273 3821 Davis.
2297 3775 2485 3838 primus

1461 3852 1705 3916 reposuit,
1747 3851 1916 3916 scripti
1958 3866 2127 3898 omnes
2167 3854 2321 3900 nostri
2364 3870 2484 3902 con·

1462 3931 1711 3979 sentiunt:
1741 3930 1885 3979 editis
1915 3939 2032 3978 vett.
2069 3932 2169 3979 sere
2196 3941 2312 3978 sunt
2344 3932 2486 3980 exbi-

1464 4009 1708 4058 bentibus.
1736 4009 1889 4057 Iidem
1904 4009 1956 4057 hi
1983 4026 2179 4074 quoque
2196 4024 2374 4074 magno
2398 4027 2487 4059 nu-

1464 4106 1599 4140 mero
1650 4100 1761 4138 ante
1804 4105 1971 4137 earum
1986 4124 2002 4150 ,
2042 4088 2224 4137 scilicet
2268 4088 2486 4146 adduut;

1465 4168 1628 4234 quod,
1656 4180 1817 4219 ortum
1844 4166 1976 4217 haud
2000 4158 2152 4215 dubie
2174 4182 2236 4214 ex
2262 4169 2490 4231 proximo

2184 4249 2274 4320 30
