3217 4784
615 518 681 582 76

721 373 863 456 642
1401 376 1494 441 M.
1546 375 1623 441 T.
1680 375 2175 444 CICERONIS

816 499 1066 566 XXVI.
1114 498 1293 564 Tum
1329 495 1629 581 Lucius,
1678 494 1855 565 Mihi
1896 520 2068 566 vero
2116 498 2245 565 ista
2285 495 2490 566 valde
2542 496 2859 593 probata

717 620 926 675 sunt:
976 602 1176 701 quod
1220 605 1389 674 item
1428 601 1628 674 fratri
1660 617 1677 648 ¹
1732 619 1929 702 puto.
1974 611 2153 677 Tum
2197 606 2374 676 mihi
2411 611 2611 694 Piso,
2651 607 2855 698 Quid

716 717 932 810 ergo?
997 713 1271 809 inquit,
1325 711 1548 783 dasne
1607 713 2047 786 adolescenti
2108 718 2476 787 veniam2?
2525 741 2617 787 an
2678 741 2851 787 eum

715 824 985 895 discere
1009 847 1092 893 ea
1120 825 1345 893 mavis
1364 877 1383 910 ‚
1414 848 1574 920 quae
1612 848 1841 920 quum
1869 825 2204 923 praeclare
2231 825 2561 897 didicerit
2575 824 2631 914 ³,
2663 826 2852 896 nihil

715 935 931 1005 sciat?
975 938 1125 1030 Ego
1176 957 1349 1004 vero
1405 934 1555 1022 isti,
1596 935 1895 1031 inquam
1919 988 1938 1020 ‚
1979 937 2343 1033 permitto.
2407 935 2549 1007 Sed
2599 962 2852 1008 noune

713 1043 1102 1113 meministi
1120 1047 1152 1122 ‚'
1173 1041 1350 1111 mihi
1391 1042 1605 1113 licere
1646 1043 2001 1140 probares*
2046 1048 2221 1132 ista,
2267 1071 2428 1142 quae
2473 1062 2645 1118 sunt
2690 1071 2730 1117 a
2772 1062 2849 1118 te

710 1143 944 1223 dicta⁵
964 1153 1189 1242 ?Quis
1212 1157 1406 1224 enim
1444 1168 1687 1250 potest
1704 1179 1815 1240 ea,
1844 1180 2002 1251 quae
2038 1154 2441 1252 probabilia
2463 1155 2852 1228 videantur

709 1265 814 1351 ei,
843 1287 992 1334 non
1029 1261 1438 1360 probaress?
1473 1273 1583 1333 An
1623 1288 1836 1353 vero,
1875 1266 2147 1361 inquit,
2186 1265 2571 1362 quisquam
2609 1281 2852 1365 potest

709 1372 1044 1471 probare,
1063 1371 1266 1470 quod
1290 1387 1714 1470 perceptum
1736 1429 1755 1462 ‚
1773 1374 1971 1470 quod
1989 1374 2591 1471 comprehensum
2609 1431 2628 1462 ‚
2645 1376 2846 1474 quod

708 1484 1082 1580 cognitum
1099 1507 1252 1552 non
1278 1481 1537 1553 habet?
1563 1487 1732 1554 Non
1755 1488 2031 1570 estista‚
2048 1487 2366 1582 inquam,
2385 1488 2843 1582 Piso‚magua

706 1595 1070 1667 dissensio,
1136 1593 1330 1672 Nihil
1391 1608 1498 1664 est
1561 1599 1757 1665 enim
1809 1595 2042 1684 aliud,
2095 1595 2616 1693 quamobrem
2664 1597 2840 1667 nihil

773 1826 967 1875 xxvl.
996 1840 1042 1871 ι.
1065 1822 1243 1870 Fratri.
1262 1822 1340 1870 Cf.
1363 1838 1506 1885 supra
1526 1838 1638 1887 oep.
1671 1839 1690 1868 1
1713 1858 1728 1881 ,

702 1907 735 1971 S
761 1921 812 1963 ι,
839 1904 926 1951 ubi
951 1903 1057 1952 Cic.
1086 1902 1146 1950 de
1171 1901 1323 1949 Lucio
1352 1900 1503 1951 dicit:
1529 1901 1731 1950 «Fi-ster

705 1994 868 2032 noster
909 1982 1199 2047 cognatione
1249 1980 1479 2045 patruelis
1495 2014 1513 2040 ‚
1558 1997 1723 2029 amore

704 2078 958 2127 germanus
979 2083 1024 2110 ιι.

773 2160 826 2192 a.
856 2146 1025 2191 Darne
1043 2141 1341 2189 adolescenti
1359 2140 1559 2189 veniam
1572 2148 1600 2190 ι’
1623 2142 1729 2189 Sci·

701 2223 845 2282 lieet,
869 2218 1105 2285 sequendi
1133 2219 1409 2268 doctrinam
1438 2236 1539 2268 non
1573 2231 1725 2269 tuam.

776 2303 824 2351 3.
867 2303 988 2365 Quoe
1021 2315 1168 2365 quum
1201 2298 1443 2363 pra-clare
1486 2299 1730 2349 didicerit.

702 2382 830 2446 Spir.
848 2380 1006 2446 plane
1025 2377 1302 2444 perdidicit.
1329 2377 1428 2428 Eri.
1441 2378 1599 2443 plane
1612 2394 1733 2444 per·

704 2460 898 2526 diderit.
926 2457 1045 2506 Inde
1065 2456 1300 2521 suspicari
1320 2456 1435 2505 licet
1449 2490 1464 2513 ‚
1485 2458 1732 2521 scripsisse

705 2539 814 2587 Cic.
855 2538 1010 2600 plane
1044 2534 1359 2600 perdidicerit
1393 2553 1412 2581 .-
1450 2536 1733 2600 simpliciter

706 2616 835 2665 enim
854 2616 1009 2679 phane
1015 2612 1291 2677 perspicere
1313 2610 1507 2684 dicitur.
1526 2613 1625 2662 Sed
1648 2615 1733 2661 vix

700 2693 944 2761 praedare
969 2706 995 2737 a
1037 2689 1209 2738 scribis
1250 2701 1352 2748 est;
1379 2707 1530 2754 quum
1562 2704 1729 2741 contra

707 2790 770 2821 ex
797 2773 903 2832 eius
926 2783 1093 2833 comp.
1117 2754 1257 2831 ᾖτε
1284 2768 1424 2816 facile
1443 2772 1596 2834 plane
1616 2787 1731 2819 cor-

709 2852 873 2916 rumpi
891 2848 1124 2915 potuerit.
1152 2846 1443 2896 Dubitamus
1467 2859 1653 2906 sutem,
1669 2865 1733 2897 en

701 2929 948 2996 proeclare
963 2925 1276 2993 perdidicerit
1294 2925 1390 2974 dici
1412 2936 1542 2974 recte
1561 2930 1732 2991 possit.

714 3013 897 3074 Quum,
940 3007 1053 3055 lieet
1086 3015 1255 3062 notat,
1304 3004 1478 3053 omissa
1517 3005 1568 3053 in
1595 3023 1731 3072 seqq.

712 3103 891 3139 tamen.
912 3090 977 3137 G.
995 3112 1066 3122 —
1086 3087 1248 3149 Quum
1273 3084 1422 3133 didic.
1446 3084 1549 3134 nili.
1568 3086 1694 3133 sciat
1707 3093 1735 3135 ἓ

710 3169 805 3220 liic
832 3168 944 3216 Piso
967 3166 1022 3213 iu
1044 3165 1328 3215 Ciceronem
1349 3164 1621 3224 cavillatur,
1647 3167 1732 3229 qui

711 3264 890 3298 novam
919 3244 1227 3297 Academiam
1258 3243 1570 3307 sequebatur,
1592 3246 1733 3305 cujus

712 3340 814 3377 erat
832 3328 1036 3391 dogma,
1065 3324 1188 3372 nihil
1207 3323 1393 3387 percipi
1416 3338 1587 3388 posse,
1609 3323 1732 3372 nibil

714 3423 817 3456 esse
840 3403 1102 3470 perspicui.

786 3491 837 3537 4.
867 3481 996 3531 mhi
1033 3479 1177 3529 licere
1203 3479 1427 3542 probam.
1453 3480 1581 3544 Quis
1605 3496 1733 3529 nova

712 3561 973 3611 Academia
999 3574 1054 3608 ea
1072 3594 1088 3616 ,
1129 3573 1239 3622 quoe
1265 3559 1452 3623 percipi
1475 3575 1618 3623 poue
1642 3577 1735 3609 m-

713 3651 845 3707 garet
859 3674 874 3696 ,
901 3637 1099 3703 probari
1123 3652 1271 3701 posse
1295 3637 1614 3688 concedebat.

784 3721 835 3767 5.
865 3720 990 3781 Quae
1029 3726 1146 3764 sune
1176 3733 1210 3763 a
1250 3728 1298 3763 ee
1323 3715 1497 3764 dicta?
1520 3720 1731 3767 Goerenz

708 3799 878 3850 scribit
900 3804 1037 3858 apte,
1058 3805 1314 3858 notatque:
1335 3799 1392 3843 ln
1416 3796 1602 3860 vulgata
1626 3813 1660 3844 a
1683 3810 1731 3846 ce

711 3891 843 3928 totus
858 3877 938 3925 bic
956 3874 1095 3922 locus
1108 3872 1365 3937 displicere
1384 3874 1558 3924 debet:
1581 3892 1728 3939 prava

707 3960 834 4006 euim
859 3957 963 4004 hoec
988 3952 1129 4001 fuerit
1149 3952 1407 4000 verborum
1435 3955 1608 4016 series,
1632 3973 1727 4019 qus

704 4040 822 4102 ipsoe
844 4048 983 4083 sums
1001 4030 1275 4079 offendent.
1291 4032 1554 4081 Probamus
1572 4035 1721 4097 igitur

705 4116 960 4165 lectionem
988 4121 1137 4176 apte,
1165 4125 1308 4173 quatu
1346 4114 1544 4160 Oxonu.
1585 4114 1642 4161 E.
1682 4110 1722 4169 ξ.

1816 1825 1959 1873 Vien.
1985 1827 2184 1874 Monac.
2212 1828 2403 1876 etVeu.
2434 1830 2570 1889 ¹494
2585 1828 2841 1877 exhibent.

1817 1903 2061 1967 Intelliges
2097 1903 2225 1951 enim
2250 1904 2324 1951 ad
2344 1920 2446 1951 rem
2466 1921 2486 1950 .·
2508 1906 2645 1969 quod
2676 1918 2840 1955 autem

1819 1980 1921 2028 «ad
1938 1999 2039 2030 rein
2056 1994 2170 2047 apte
2192 1983 2409 2036 dicitur·-
2421 2018 2435 2042 ‚
2454 1984 2508 2031 id
2525 1985 2845 2046 probabiliter

1816 2059 2026 2120 dicitur;
2053 2062 2120 2109 ita
2164 2063 2277 2110 voci
2319 2063 2435 2111 huic
2473 2064 2841 2114 accommodate

1815 2140 2033 2204 seqnitur
2057 2164 2083 2183 α
2099 2141 2394 2206 probabilis.
2416 2179 2429 2190 .
2453 2178 2465 2190 .
2512 2158 2616 2191 non
2651 2144 2838 2206 proba·
2912 2157 2919 2164 ·

1797 2234 1869 2288 're
1883 2220 1906 2265 ?
1921 2240 1943 2261 ι
1974 2221 2096 2268 Sunt
2109 2237 2221 2269 cum
2246 2222 2597 2270 asseveratione
2625 2224 2840 2286 prunis-

1816 2313 1924 2344 Sum
1948 2312 2041 2349 est.

1887 2377 1936 2426 6.
1966 2378 2083 2440 Quis
2107 2378 2290 2427 enim..
2307 2413 2319 2427 .
2353 2380 2429 2439 ei,
2464 2396 2563 2428 non
2584 2383 2837 2445 probare?

1815 2454 1881 2503 Εἰ
1900 2458 2072 2505 misere
2095 2457 2326 2525 παρᾶλκιι
2344 2493 2359 2516 ,
2388 2459 2527 2518 cujus
2549 2459 2663 2508 loco
2702 2461 2835 2509 Gud-

1819 2550 1848 2582 α
1887 2546 1938 2582 et
1964 2537 2076 2583 Bas.
2106 2551 2169 2583 ea
2196 2546 2442 2602 repetunt.
2486 2539 2597 2585 Hoc
2636 2539 2765 2586 enim
2790 2541 2833 2586 si

1814 2612 1930 2661 inde
1954 2613 2224 2663 defendetis
2242 2650 2258 2676 ‚
2294 2615 2433 2679 quod
2473 2626 2716 2664 auctorem
2756 2633 2841 2665 es-

1816 2707 1927 2740 vere
1952 2693 2073 2741 velle
2100 2693 2302 2752 dixeris,
2340 2710 2403 2742 ne
2440 2710 2521 2741 vv.
2550 2694 2834 2757 probabilia

1813 2770 2085 2819 videantur
2118 2774 2337 2821 universa
2382 2781 2540 2836 posse'
2567 2782 2837 2837 putentur-3

1814 2849 2123 2910 mirabimur,
2159 2868 2246 2900 eur
2270 2851 2400 2900 idem
2423 2866 2529 2899 uon
2554 2851 2677 2917 ipsi,
2702 2852 2838 2916 quod

1814 2928 1967 2987 solet,
2012 2930 2274 2995 scripserit.
2302 2929 2499 2990 Adeba,
2537 2931 2675 2995 quod
2709 2933 2838 2993 ejus-

1815 3008 1951 3057 modi
1975 3011 2224 3060 sententie
2244 3012 2631 3075 circumscriptio
2649 3010 2708 3058 ad
2730 3010 2835 3058 hnc

1815 3099 2041 3138 contexta
2067 3089 2188 3138 nihil
2215 3091 2346 3139 facit.
2363 3090 2602 3141 Attendas
2622 3089 2833 3153 denique

1814 3168 1878 3215 sd
1918 3166 2216 3235 κακοφωνὶοιν
2258 3170 2311 3218 in
2354 3187 2416 3219 ea
2453 3181 2503 3219 et
2542 3169 2619 3232 ei,
2656 3169 2837 3217 vicinas

1816 3247 2171 3296 enuntiationes
2218 3248 2555 3300 claudentibus
2580 3263 2594 3296 t
2631 3248 2697 3296 ita
2729 3249 2837 3309 jure

1813 3338 2091 3391 suspectum
2107 3328 2161 3377 b.
2189 3327 2223 3377 l.
2244 3345 2393 3394 pron.
2411 3328 2671 3392 judicabis.
2686 3319 2833 3378 G.—

1815 3404 2059 3454 Malumus
2094 3407 2166 3455 sic
2202 3408 2292 3457 ista
2330 3409 2503 3469 scribi,
2530 3408 2677 3473 «quia
2701 3405 2830 3453 enlm

1816 3494 2008 3547 potest,
2036 3501 2149 3549 quse
2176 3487 2449 3551 prob-bili·
2476 3487 2750 3542 videantur,
2774 3499 2833 3532 ea

1814 3577 1919 3610 nou
1954 3562 2198 3627 ‘probat-e?
2219 3587 2241 3607 ι
2274 3568 2347 3614 Ita
2371 3583 2485 3614 cum
2509 3567 2585 3623 vi,
2612 3564 2727 3613 loco
2751 3579 2835 3611 au-

1815 3642 2059 3706 ctorisque
2070 3645 2199 3692 mori
2211 3645 2576 3695 accommodata
2586 3661 2671 3702 ,ea
2684 3655 2839 3692 trans-

1814 3731 2038 3784 ponetur.
2063 3723 2113 3770 Si
2136 3740 2198 3771 ea
2236 3723 2290 3771 iu
2326 3725 2536 3788 vulgatae
2569 3724 2683 3772 loco
2705 3734 2836 3770 recte

1812 3802 2025 3863 podium
2058 3801 2263 3862 dixeris,
2296 3804 2551 3868 transponi
2569 3804 2714 3868 -quis
2738 3816 2835 3864 po-

1814 3889 1908 3927 test
1928 3881 2055 3927 enim
2079 3897 2171 3928 ea-
2195 3882 2361 3931 voles:
2379 3880 2517 3944 quod
2536 3891 2639 3928 tum
2658 3914 2676 3940 ‚
2695 3880 2735 3927 si
2757 3879 2834 3926 vel

1812 3958 2046 4006 rationem
2072 3974 2171 4007 uon
2192 3959 2370 4008 videris
2384 3995 2399 4018 ,
2426 3959 2546 4023 ipsae
2568 3975 2707 4007 auoes
2728 3975 2836 4006 sun·

1812 4036 2013 4086 debunt.
2037 4039 2102 4086 G.
2123 4037 2176 4086 in
2193 4038 2444 4087 Additum.

1887 4133 1936 4177 7.
1970 4117 2287 4180 Quamobrem
2332 4116 2464 4165 nibil
2495 4113 2683 4180 percipi
2715 4112 2839 4161 milui
