3217 4784
872 401 996 472 DE
1045 402 1221 471 FIN.
1269 403 1477 471 BoN.
1533 405 1648 471 ET
1699 406 1915 472 MAL.
1964 406 2067 489 11,
2115 428 2226 472 αι.
2494 407 2631 491 243

502 546 754 618 quam,
804 522 992 594 illius
1047 522 1343 610 tabulae,
1405 548 1623 620 quam
1677 525 2166 614 Cleanthesm,
2226 549 2396 597 sane
2445 552 2634 598 com-

500 632 746 719 mode,
795 632 1035 705 verbis
1071 625 1544 732 depingere¹⁵
1598 634 1896 707 solebat.
1947 634 2259 707 Jubebat
2298 660 2462 725 θος,
2506 641 2632 735 qui

500 743 920 831 audiebant,
969 766 1213 816 secum
1240 744 1437 840 ipsos
1470 746 1788 842 cogitare
1820 747 2081 844 pictam
2110 747 2186 816 in
2219 744 2462 817 tabula
2495 752 2636 818 Vo-

499 848 957 951 luptatem¹⁶‚
1001 852 1491 951 pulcherrimo
1530 856 1828 942 vestitu,
1864 871 1938 927 et
1973 872 2236 929 ornatu
2269 858 2521 954 regali,
2557 861 2635 929 in

499 966 685 1035 solio
734 962 1145 1051 sedentem3
1205 978 1467 1060 praesto
1515 988 1673 1036 esse
1715 966 2067 1054 Virtutes,
2108 982 2190 1038 ut
2238 967 2633 1055 ancillulas,

501 1099 660 1171 quae
695 1072 873 1144 nihil
907 1072 1104 1144 aliud
1139 1089 1467 1172 agerent,
1498 1074 1781 1146 nullum
1813 1099 2026 1147 suum
2063 1075 2389 1149 officium
2430 1078 2635 1151 duee-

496 1199 695 1269 rent,
738 1184 875 1255 nisi
924 1198 1008 1255 ut
1048 1184 1418 1283 Voluptati
1470 1186 1980 1271 ministrarent,
2023 1201 2097 1257 et
2135 1211 2291 1258 eam
2333 1203 2631 1271 ,tantum

500 1293 588 1364 ad
634 1318 883 1365 aurem
907 1306 966 1351 ¹⁷
1007 1294 1483 1367 admonerent
1525 1296 1630 1391 (si
1660 1294 1883 1366 modo
1920 1294 1992 1365 id
2026 1295 2305 1391 pictura
2332 1299 2629 1399 intelligi

500 1400 880 1502 possetffi),
910 1418 993 1477 ut
1028 1421 1335 1495 caveret,
1355 1429 1449 1476 ne
1484 1405 1662 1502 quid
1701 1403 2147 1502 perficerem>
2176 1408 2632 1503 imprudenS,

497 1515 700 1613 quod
741 1512 1146 1589 offenderet
1188 1517 1469 1586 animos
1506 1515 1923 1598 hominum,
1958 1527 2081 1583 aut
2123 1514 2559 1611 quidquam,
2591 1546 2633 1591 e

498 1651 649 1723 quo
695 1629 1008 1699 oriretur
1055 1626 1314 1723 aliquis
1362 1622 1595 1694 dolor.
1643 1624 1795 1692 Nos
1840 1620 2136 1719 quidem
2173 1625 2493 1698 Virtutes
2530 1632 2633 1700 sic

497 1753 682 1809 natae
732 1761 1015 1822 sumus,
1059 1748 1142 1805 ut
1197 1731 1335 1803 tibi
1385 1733 1844 1819 serviremu53
1896 1730 2091 1802 aliud
2140 1735 2410 1830 negotii
2445 1736 2633 1810 nihil

499 1844 852 1919 habemus
873 1855 961 1913 ²0.

498 2001 655 2050 solum
678 2014 809 2051 tuem
831 2001 1107 2066 cogitandi,
1142 2001 1229 2051 sed
1252 2000 1519 2068 sppetendi

497 2094 694 2142 quoque
722 2082 960 2129 rationem
985 2098 1148 2146 persp.
1170 2103 1195 2123 ι·
1226 2083 1290 2131 G.

574 2165 656 2212 14.
704 2158 975 2208 Cleanthes.
1021 2160 1115 2209 Hic
1171 2162 1382 2211 Zenonis
1428 2163 1521 2211 fuit

497 2236 767 2303 discipulus
785 2274 801 2299 ,
832 2238 1018 2303 illoque
1042 2240 1314 2299 exstincto,
1337 2242 1523 2290 stoico-

497 2332 604 2365 rum
621 2319 870 2383 princeps.

574 2398 656 2447 15.
686 2398 855 2445 Verbis
879 2398 1162 2465 depingere.
1188 2399 1397 2464 Recepit
1420 2400 1521 2447 De·

495 2476 589 2526 vis.
619 2493 646 2523 e
670 2476 900 2541 pluribus
926 2479 1028 2526 suis
1045 2478 1283 2544 pingere,
1305 2479 1521 2543 sequuti-

493 2571 589 2619 que
613 2565 727 2604 sunt
751 2557 869 2606 Em.
896 2568 944 2606 et
967 2560 1127 2606 Brem.
1163 2560 1233 2606 At
1257 2558 1299 2605 si
1326 2559 1523 2608 Cicero-

493 2652 604 2683 nem
625 2646 754 2684 recte
780 2636 1006 2686 novimus
1022 2672 1038 2696 ,
1062 2637 1330 2687 addidisset
1352 2637 1434 2686 hie
1457 2638 1520 2687 ad

495 2730 540 2761 v.
568 2715 776 2780 simplex
802 2716 926 2764 illud
956 2733 1099 2765 suum
1139 2718 1299 2783 quasi.
1327 2717 1518 2767 Deinde

492 2811 683 2859 semper
708 2794 836 2843 idem
881 2796 1148 2863 depingere
1181 2798 1483 2865 cogitatione
1497 2833 1513 2857 ,

492 2891 731 2938 nusquam
763 2872 972 2939 pingere
997 2876 1144 2941 cogit.
1192 2880 1330 2928 dicit.
1376 2880 1515 2927 Unus

493 2965 726 3018 preterea
805 2966 1083 3003 nostrorum
1156 2959 1514 3007 recentissimus

491 3032 622 3082 Gud.
662 3048 684 3082 1
705 3066 720 3090 ,
744 3030 952 3098 pingere
971 3035 1114 3082 refert
1131 3071 1147 3097 ,
1170 3052 1319 3099 quum
1337 3037 1515 3101 reliqui

492 3126 662 3160 omnes
680 3112 817 3176 prius
836 3111 1081 3176 vulgatum
1101 3125 1313 3164 servent.
1334 3116 1513 3173 Firmst

490 3189 705 3238 eamdem
730 3191 874 3238 etiam
917 3191 1073 3240 Plaut.
1108 3191 1298 3242 Poenul.
1323 3195 1372 3239 V
1393 3227 1410 3252 ,
1454 3210 1507 3252 2,

500 3271 596 3326 154
637 3285 650 3318 τ
688 3292 712 3311 ιι
745 3275 963 3318 Formsm
1015 3267 1268 3335 (puella)
1314 3271 1511 3334 quidem

490 3348 653 3398 hercle
680 3349 839 3396 verbis
866 3344 1085 3412 depinxti
1111 3348 1229 3395 mihi
1253 3368 1300 3397 a.
1346 3349 1511 3412 Atque

490 3428 703 3491 denique
718 3462 733 3487 ‚
761 3429 800 3475 si
816 3428 1062 3491 quaesieris
1077 3461 1091 3485 ,
1112 3438 1217 3474 utra
1231 3427 1380 3474 lectio
1393 3444 1512 3491 pro-

489 3507 702 3557 babilius
727 3524 755 3554 a
782 3506 953 3554 scribis
982 3504 1245 3553 derivanda
1273 3505 1514 3566 videatur,

488 3588 574 3634 vix
599 3586 812 3651 poteris,
859 3585 979 3649 quin
1019 3597 1233 3634 nostram
1272 3585 1512 3635 rationem

489 3666 683 3730 probes.
705 3667 768 3712 G.
1244 3685 1250 3691 ·

566 3746 646 3793 16.
677 3742 903 3807 Cogitate
922 3740 1105 3805 pictam
1133 3742 1184 3789 in
1215 3743 1382 3791 tabula
1415 3746 1512 3791 Vo-

488 3825 737 3888 luptatem.
765 3825 895 3886 Apte
922 3821 1088 3870 laudat
1114 3822 1176 3870 sd
1202 3822 1307 3870 haec
1340 3823 1507 3871 Davis.

489 3903 747 3966 Angustia.
769 3902 875 3950 Civ.
897 3902 1010 3961 Dei,
1037 3901 1101 3960 V,
1124 3917 1187 3947 πο
1202 3935 1217 3961 ,
1239 3903 1323 3965 qui
1348 3902 1475 3949 idem
1491 3934 1507 3958 ‚

490 3980 644 4029 modo
672 3981 923 4030 Cleanthis
960 3981 1157 4029 nomine
1185 3996 1286 4027 non
1311 3980 1513 4038 addito,

494 4061 664 4120 refert,
689 4071 736 4108 et
760 4062 929 4110 Senec.
956 4061 1018 4109 de
1051 4062 1162 4108 Vit.
1194 4062 1325 4108 Best.
1365 4077 1410 4109 c.
1451 4076 1507 4108 ιι

496 4149 543 4185 et
574 4154 590 4184 ι
603 4147 650 4195 l..
670 4141 893 4190 Ceterum
912 4150 1043 4205 patet
1058 4140 1337 4190 Cleanthem
1356 4173 1370 4198 ,
1396 4141 1511 4188 stoi-

1607 2025 1719 2058 cum
1735 2046 1751 2072 ,
1771 2009 1864 2058 hse
1882 2025 1933 2057 re
1953 2007 2076 2056 nihil
2100 2004 2234 2056 aliud
2252 2009 2433 2073 petisse
2447 2043 2463 2068 ‚
2483 2027 2630 2075 qusm

1608 2099 1664 2138 ut
1708 2088 2105 2136 inconvenientis
2155 2086 2240 2134 ills
2313 2089 2453 2151 qussi
2517 2102 2632 2140 snte

1606 2168 1781 2216 oeulos
1796 2177 2086 2232 poneretur,
2105 2182 2201 2230 qus
2219 2167 2458 2231 Epicurus
2476 2169 2632 2234 ipsein

1607 2246 1838 2293 virtutem
1856 2245 1921 2293 ad
1933 2245 2234 2310 voluptatem
2244 2244 2439 2294 relatam
2457 2249 2601 2298 vellet
2614 2267 2629 2309 ς

1607 2339 1713 2372 non
1736 2323 1863 2370 hanc
1886 2323 2018 2370 illius
2042 2323 2248 2388 imperio
2267 2337 2534 2389 parentem.
2565 2331 2629 2378 G.

1686 2417 1768 2462 ¹7·
1798 2399 1888 2451 Ad
1909 2415 2079 2448 aurem
2106 2411 2181 2450 est
2213 2402 2372 2457 clam,
2413 2421 2514 2453 non
2534 2422 2630 2470 pa-

1608 2481 1743 2534 lam‚·
1790 2478 1976 2543 quippe
2023 2479 2161 2542 quod
2206 2481 2458 2532 ancillulas
2506 2486 2629 2535 male

1611 2558 1820 2607 deceret.
1845 2559 1908 2604 G.

1685 2656 1704 2687 ι
1719 2639 1766 2688 8.
1805 2640 1861 2687 Si
1897 2637 2041 2686 modo
2096 2639 2153 2687 id
2185 2638 2385 2704 pictura
2429 2642 2632 2709 intelligi

1597 2730 1778 2783 posset.
1807 2721 1986 2767 Sensus
2011 2727 2109 2779 est,
2131 2719 2172 2766 si
2200 2720 2398 2783 quidem
2428 2721 2523 2770 hoe
2545 2723 2626 2787 pi-

1604 2809 1741 2847 ctura
1771 2799 1837 2846 its
1864 2797 2075 2862 exprimi
2097 2810 2296 2863 posset,
2327 2811 2384 2848 ut
2421 2801 2628 2864 quisque

1601 2878 1762 2927 statim
1780 2877 2094 2941 intelligeret,
2104 2877 2226 2940 qnid
2236 2878 2455 2926 Virtutes
2472 2879 2629 2927 Volu-

1599 2958 1725 3023 ptati
1751 2958 2123 3006 insusurrarent.
2163 2957 2418 3019 Vituperst
2450 2974 2626 3022 nempe

1600 3048 1772 3086 suetor
1795 3036 2076 3086 Cleanthem
2089 3068 2104 3092 ,
2136 3049 2284 3096 quum
2303 3033 2443 3096 pingi
2465 3034 2519 3081 id
2537 3052 2626 3084 vo.

1597 3117 1745 3165 luerit
1758 3151 1772 3174 ,
1800 3114 1936 3178 quod
1952 3114 2142 3177 pictura
2156 3112 2431 3173 presentari
2452 3112 2627 3162 distin·

1599 3205 1679 3243 cte
1691 3201 1917 3256 nequeat.
1935 3189 2128 3239 Min-eris
2144 3188 2311 3251 igitur,
2329 3190 2370 3237 si
2391 3190 2622 3240 Rathium

1599 3272 1661 3319 sd
1677 3272 1780 3317 hac
1805 3269 1894 3316 ists
1921 3279 2114 3316 notasse
2128 3266 2318 3315 videas:
2338 3291 2363 3310 α
2381 3271 2504 3331 Quis
2521 3283 2590 3318 eet
2605 3308 2619 3329 ,

1598 3349 1684 3412 qui
1711 3347 1808 3394 boc
1837 3347 1890 3394 in
1926 3346 2133 3394 dubium
2174 3358 2318 3396 vocet
2337 3348 2361 3394 Ρ
2395 3349 2568 3398 Cicero
2599 3355 2622 3399 ἓ

1597 3425 1731 3474 haud
1760 3426 1827 3474 ita
1850 3425 2044 3474 videtur
2064 3447 2105 3473 ιο.
2128 3426 2189 3473 G.

1675 3520 1756 3567 ¹9·
1777 3504 2044 3573 Peficeree.
2075 3506 2210 3554 Goer.
2232 3506 2401 3554 scribit
2404 3507 2619 3572 faceret.

1598 3588 1749 3634 Recte
1763 3620 1779 3645 ,
1799 3584 1962 3647 inquit
1976 3618 1991 3643 ‚
2014 3585 2181 3632 stis.
2200 3584 2408 3649 simplex
2420 3591 2619 3653 exopti·

1599 3663 1691 3711 mis
1725 3662 2000 3727 quibusque
2025 3663 2242 3727 scriptis,
2268 3665 2447 3727 quibus
2477 3668 2621 3714 etiarn

1600 3742 1727 3807 Spir.
1761 3752 1811 3789 et
1837 3740 1936 3790 Erl.
1967 3743 2237 3800 consentit,
2277 3745 2516 3803 restituit,
2546 3762 2620 3793 se-

1600 3831 1879 3886 quutusque
1903 3832 1973 3869 est
2009 3822 2166 3869 Bremi
2192 3837 2205 3869 :
2232 3838 2341 3869 nam
2367 3824 2623 3891 perficeret

1599 3899 1677 3948 his
1701 3901 1751 3947 in
1777 3900 2022 3949 contextis
2040 3902 2120 3949 vix
2140 3912 2212 3950 est
2229 3902 2495 3964 Ciceronis.

1676 3995 1761 4028 ao.
1795 3978 1948 4026 Aliud
1968 3980 2157 4045 negotii
2198 3980 2323 4029 nihil
2367 3981 2619 4031 habemns.

1602 4061 1732 4123 Spir.
1768 4069 1817 4107 et
1837 4059 1935 4108 Eri.
1956 4059 2103 4107 alind
2121 4060 2363 4123 negotium
2389 4076 2486 4107 non
2507 4060 2620 4109 hab.

1598 4140 1699 4188 Pal.
1736 4153 1757 4186 1
1788 4149 1835 4185 et
1853 4148 1879 4195 4
1908 4172 1922 4198 ,
1941 4138 2082 4187 aliud
2105 4139 2344 4203 negotium
2372 4137 2494 4185 nihil
2507 4137 2622 4188 hab.

2183 4232 2284 4300 16.
