3217 4784
631 478 653 524 ι
674 452 765 525 36
1295 455 1393 521 M.
1446 454 1523 520 T.
1579 452 2076 521 CICERONIS

615 582 779 675 jure
824 577 964 649 dici
1023 588 1299 673 potest,
1354 574 1753 671 quidquam
1798 572 1983 646 tale⁵
2030 573 2241 645 fecit?
2283 578 2555 646 Eorum
2600 593 2750 649 erat

617 693 752 761 iste
796 684 1020 771 mos⁶‚
1059 685 1189 781 qui
1222 700 1380 757 tum
1409 684 1745 783 sophistae
1778 683 2391 756 nominabantur:
2433 710 2749 782 quorum

620 823 661 869 e
716 819 1021 867 numero
1074 795 1350 892 primus
1406 808 1514 865 est
1564 820 1780 866 ausus
1817 797 2221 893 ⁸Leontinus
2273 799 2616 892 Gorgias⁷
2674 800 2749 867 in

621 919 986 978 conventu
1032 928 1329 1001 poscere
1367 907 1871 1001 quaestionem,
1909 903 1980 975 id
2017 919 2159 990 est,
2187 904 2445 999 jubere
2481 904 2752 991 dicere,

622 1041 767 1113 qua
809 1014 896 1085 de
926 1038 1002 1084 re
1035 1016 1198 1111 quis
1224 1013 1443 1085 vellet
1478 1006 1799 1085 audiress.
1838 1012 2092 1084 Audax
2119 1016 2524 1110 negotium3
2560 1015 2751 1087 dice-

619 1148 776 1195 rem
827 1123 1213 1221 impudens
1232 1135 1290 1209 9,
1331 1126 1468 1194 nisi
1506 1123 1649 1195 hoc
1691 1124 2103 1199 institutum
2141 1139 2393 1222 postea
2452 1126 2750 1196 transla-

623 1249 779 1304 tum
830 1232 922 1303 ad
973 1231 1447 1331 philosophos
1500 1241 1873 1305 nostros¹⁰
1922 1248 2127 1305 esset.
2188 1234 2328 1306 Sed
2387 1249 2461 1306 et
2510 1235 2755 1321 illum,

621 1368 846 1441 quem
889 1347 1290 1430 nominavi,
1346 1357 1420 1415 et
1466 1358 1746 1415 ceteros
1789 1343 2185 1442 sophista,
2235 1359 2317 1415 ut
2367 1370 2406 1416 e
2456 1345 2753 1417 Platone

622 1454 922 1554 intelligi
950 1468 1191 1552 potest
1210 1508 1229 1541 ,
1267 1455 1462 1525 lusos
1491 1453 1821 1557 videmus
1851 1480 1891 1525 a
1917 1459 2208 1526 Socrate
2242 1481 2258 1523 t
2292 1456 2351 1525 is
2376 1457 2567 1525 enirn
2592 1480 2753 1552 per-

623 1563 1034 1637 cunctando
1075 1578 1294 1661 atque
1331 1563 1848 1662 interrogando
1892 1563 2150 1636 elicere
2186 1562 2463 1635 solebat
2502 1589 2755 1635 eorum

696 1730 746 1777 5.
786 1728 1063 1794 Quidquam
1108 1728 1221 1776 tale.
1262 1729 1369 1778 Bas.
1413 1739 1463 1776 et
1495 1730 1647 1779 Mars.

624 1811 722 1858 eale
741 1807 1027 1873 quidquam.
1056 1807 1210 1869 Quod
1231 1822 1296 1854 ue
1322 1808 1502 1855 rectius
1514 1808 1649 1868 judi-

626 1906 738 1948 ces,
768 1886 1043 1934 'discrimen
1096 1894 1351 1933 structura
1395 1887 1649 1949 utriusque

627 1968 890 2020 tenendum
908 1980 981 2016 est
995 2002 1009 2025 ‚
1032 1968 1176 2031 plane
1194 1966 1311 2014 huic
1330 1978 1508 2014 nostrae
1526 1966 1654 2029 utri-¹

627 2066 723 2115 que
744 2048 954 2109 rationi,
972 2058 1121 2094 etwas
1138 2046 1229 2094 der
1248 2050 1363 2103 Are,
1387 2057 1435 2093 et
1451 2046 1543 2094 der
1556 2048 1655 2093 Are

628 2141 779 2177 etwas
791 2164 807 2189 ‚
830 2125 1145 2190 respondem.
1167 2127 1241 2174 Ita
1258 2124 1479 2175 similiter
1496 2127 1649 2189 Legg.

630 2211 681 2256 11
701 2240 717 2266 ‚
744 2206 795 2266 5,
818 2221 838 2253 1
857 2222 874 2252 ι
898 2220 912 2254 :
942 2226 965 2247 ο
991 2205 1281 2269 quibusdam
1309 2203 1486 2253 talibus
1505 2220 1651 2269 argu-

630 2284 806 2333 mentis
824 2300 881 2342 »3
909 2284 1011 2332 Att.
1039 2286 1164 2331 XVI
1182 2317 1198 2343 ‚
1226 2301 1306 2348 ep.
1346 2285 1375 2332 8
1393 2318 1407 2341 ‚
1434 2284 1533 2331 tale
1559 2284 1654 2331 ali-

632 2363 768 2429 quid.
788 2363 900 2413 Hoc
915 2361 1028 2410 loco
1041 2373 1281 2411 structura
1301 2375 1396 2423 est,
1415 2386 1441 2405 «ι
1453 2363 1654 2428 quando

633 2444 854 2490 Socrates
881 2441 1148 2506 quidquam
1167 2477 1182 2502 ‚
1212 2443 1348 2507 quod
1376 2443 1472 2491 tale
1499 2455 1653 2505 esset,

636 2522 750 2570 fecit
769 2544 813 2569 ιο.
846 2522 910 2570 G·

707 2601 752 2647 6.
783 2601 966 2647 Eorum
988 2611 1096 2648 eme
1111 2599 1198 2648 iste
1215 2617 1333 2649 mos.
1362 2603 1439 2651 Sc.
1466 2612 1521 2650 nt
1541 2616 1655 2665 per·

633 2691 781 2745 petua
822 2679 1045 2725 oratione
1069 2712 1086 2737 ,
1131 2680 1447 2742 quaestionem
1478 2689 1658 2727 tracta·

635 2769 743 2809 rent
783 2755 845 2804 de
872 2771 969 2819 qna
993 2756 1275 2819 interrogati
1302 2756 1517 2814 Fuerant,
1553 2770 1654 2803 non

636 2848 689 2886 ut
707 2871 722 2895 ,
744 2835 954 2887 Socratis
971 2849 1130 2893 more,
1162 2830 1364 2898 dialogis
1386 2845 1651 2885 uterentur.

709 2933 756 2977 7.
783 2913 1044 2963 Leontinus
1073 2913 1299 2976 Gorgias.
1327 2913 1531 2974 Gorgias
1553 2925 1658 2977 erat

635 2994 852 3051 Siculus3
892 2992 1162 3058 discipulus
1196 2992 1287 3039 fuit
1317 2991 1652 3054 Empedoclis3

635 3087 803 3139 postea
860 3074 1120 3123 oratoriam
1165 3084 1317 3121 artem
1369 3072 1618 3136 professus
1638 3108 1654 3131 ,

639 3164 795 3201 tantas
845 3154 896 3200 iu
948 3153 1046 3201 hoc
1090 3167 1261 3216 genere
1310 3152 1656 3217 preceptionis

636 3248 847 3279 summas
881 3231 1212 3296 comparavit,
1250 3243 1308 3278 ut
1339 3247 1529 3279 auream
1556 3242 1655 3279 sta·

639 3320 771 3358 tuaru
799 3309 1040 3372 Delphico
1069 3309 1248 3372 templo
1274 3309 1520 3359 dicaverit.
1550 3312 1654 3360 Cic.

638 3386 700 3434 de
727 3388 839 3435 Seu.
877 3402 926 3434 c.
969 3386 1026 3446 5,
1055 3402 1163 3433 eum
1190 3403 1341 3450 usque
1367 3389 1432 3436 ad
1460 3401 1656 3439 centum

638 3478 686 3512 et
710 3475 927 3529 septem;
954 3463 1128 3526 Quint.
1155 3467 1277 3514 Inst.
1305 3468 1404 3525 111,
1434 3484 1479 3525 ι,
1505 3484 1657 3532 usque

635 3544 700 3591 ad
721 3554 916 3591 centnm
941 3554 991 3590 et
1014 3557 1192 3589 novem
1217 3556 1374 3591 annos
1399 3545 1520 3593 dicit
1546 3563 1656 3594 eum

634 3624 783 3670 vitam
807 3620 1117 3685 produxisse.

707 3697 758 3750 8.
798 3702 857 3748 In
891 3711 1122 3748 conventu
1141 3715 1368 3763 poscere.
1390 3735 1404 3749 .
1426 3737 1440 3750 .
1467 3701 1655 3750 audire.

634 3778 714 3827 cf.
743 3780 878 3827 Orat.
899 3780 999 3836 ΙΙΙ,
1020 3780 1108 3835 32,
1132 3793 1257 3839 ¹²92
1290 3799 1311 3819 ι
1338 3780 1510 3827 Leont.
1537 3781 1659 3827 Gor·

632 3858 756 3921 gias.
780 3890 794 3904 .
815 3892 829 3906 .
860 3857 1087 3922 princeps
1132 3872 1195 3903 ex
1240 3857 1468 3905 omuibus
1511 3873 1655 3905 ansus

631 3946 703 3984 eat
734 3937 787 3983 in
826 3947 1074 3984 conventu
1109 3951 1342 3999 poscere,
1373 3952 1468 3999 qua
1509 3935 1570 3983 de
1601 3953 1655 3984 re

631 4014 841 4079 (piique
868 4015 1010 4063 vellet
1035 4014 1205 4063 audire
1226 4035 1267 4061 ι.
1297 4017 1485 4063 Horum
1510 4014 1653 4062 loco·

630 4110 739 4155 rum
767 4105 862 4142 tam
897 4092 991 4141 sibi
1018 4093 1247 4140 similium
1284 4095 1421 4150 fons,
1449 4104 1505 4140 ut
1536 4094 1650 4145 iutt.

633 4172 883 4229 viderunt,
906 4172 1194 4237 repetendus
1213 4189 1273 4220 ex
1293 4172 1504 4224 Platonis
1526 4175 1655 4221 Gor-

1736 1730 1839 1793 gia,
1864 1746 1905 1777 c.
1935 1746 1964 1776 a
1983 1767 1998 1792 ,
2020 1729 2203 1779 Heind.
2232 1718 2430 1778 Eamus
2452 1733 2563 1798 γοῦν
2587 1731 2664 1779 νῦν
2690 1723 2756 1782 δὴ

1737 1808 2004 1879 (Γοργίας)
2024 1809 2205 1879 ἐρωτᾷν
2230 1807 2254 1857 ὅ
2278 1806 2322 1857 τί
2347 1825 2416 1862 τις
2433 1806 2644 1868 βῡύλοιτο
2663 1812 2756 1858 τῶν

1737 1882 1868 1938 ἔνδον
1886 1888 2028 1936 ὄντων
2041 1922 2056 1946 ,
2073 1884 2156 1937 καὶ
2175 1886 2291 1956 πρὸς
2315 1886 2506 1938 ἅπαντα.
2525 1888 2610 1955 ἔφη
2635 1887 2756 1939 ἀπο-

1735 1966 2002 2034 κρινεῖσθαι.
2031 1969 2100 2014 At
2123 1977 2348 2032 quaerunt
2364 1967 2414 2015 b.
2436 1966 2470 2016 l.
2494 1968 2603 2017 init.
2631 1979 2679 2016 et
2704 1969 2755 2015 in

1736 2045 1813 2092 bis
1843 2046 2033 2104 Brcmi,
2064 2045 2128 2094 ad
2156 2046 2301 2094 verba
2339 2069 2364 2088 e·
2389 2063 2584 2110 poscere
2618 2064 2756 2112 quae·

1738 2124 1973 2185 ationem,
2001 2124 2054 2173 id
2083 2134 2177 2184 est,
2200 2125 2372 2187 jubere
2406 2125 2588 2185 dicere,
2617 2138 2710 2176 etc.
2731 2148 2754 2170 ι

1740 2205 1931 2252 cuinam
1955 2204 2061 2252 baec
2086 2217 2259 2254 auctor
2282 2207 2641 2270 interpretetur,
2666 2207 2759 2254 nisi

1739 2283 1974 2332 lectorum
2002 2284 2353 2347 imperitiorum
2381 2301 2522 2333 causa
2545 2287 2612 2333 ita
2638 2286 2758 2333 scri·

1740 2362 1928 2428 pserit?
1969 2364 2032 2413 Et
2073 2379 2189 2411 sane
2227 2364 2289 2411 ad
2333 2365 2425 2412 hos
2463 2364 2591 2411 idem
2630 2380 2760 2428 σερε·

1742 2441 2006 2507 respexisse
2039 2441 2276 2489 dicendus
2317 2454 2433 2491 est:
2470 2442 2556 2489 scd
2591 2443 2643 2488 in
2682 2442 2759 2490 his

1743 2519 1885 2567 verba
1909 2535 2044 2583 ροσε.
2074 2530 2243 2582 quoese.
2273 2519 2491 2569 nondum
2517 2523 2631 2567 satis
2655 2523 2759 2581 ejus

1741 2607 1951 2645 mentem
1973 2596 2261 2657 ostendunt,
2286 2598 2423 2661 quod
2442 2614 2590 2662 quum
2610 2602 2760 2646 seuti-

1741 2688 1843 2735 ret,
1863 2677 1965 2741 ipsa
1989 2676 2209 2724 Platonis
2226 2677 2372 2727 verba
2394 2680 2447 2726 in
2473 2679 2761 2744 explicatio·

1742 2773 1853 2804 nem
1870 2753 2060 2802 addidit
2075 2770 2088 2804 :
2103 2766 2248 2819 atque
2265 2757 2329 2804 ita
2345 2773 2480 2821 aeque
2499 2774 2758 2821 gramarum

1742 2837 1987 2885 literarum
2014 2836 2205 2899 gnaris,
2233 2853 2290 2885 ac
2317 2836 2546 2898 rudibus,
2575 2839 2761 2886 satisfe-

1743 2916 1865 2965 cisse
1883 2914 2126 2978 putaudus
2143 2926 2233 2964 est.
2256 2917 2317 2965 G.

1815 3010 1864 3059 9.
1898 2996 2087 3042 Audax
2115 2994 2359 3060 negotium
2377 3013 2397 3052 ,-
2424 2995 2632 3044 dicerem
2668 2997 2760 3045 Im·

1732 3073 1946 3138 pudens.
1970 3076 2026 3123 13.
2045 3084 2092 3122 ct
2112 3068 2152 3130 ξ.
2175 3072 2386 3121 dicerem
2403 3085 2453 3121 ee
2467 3073 2584 3139 imp.
2611 3086 2762 3140 atque

1740 3154 1808 3202 ita
1836 3152 1974 3200 dedit
1999 3152 2216 3201 Lambin.
2242 3154 2333 3201 Per
2360 3169 2411 3200 se
2435 3154 2632 3216 quidem
2659 3171 2759 3202 non

1743 3233 1868 3281 male
1894 3246 1907 3283 ε
1937 3248 2048 3279 nam
2088 3242 2139 3279 ee
2169 3243 2270 3279 tum
2309 3232 2434 3279 adeo
2476 3233 2618 3282 valet.
2667 3234 2761 3282 Sed

1744 3328 1869 3377 opus
1897 3311 2020 3359 nihil
2050 3322 2152 3369 cst,
2181 3312 2223 3359 si
2251 3313 2662 3375 pronuntiationis
2686 3313 2761 3360 vis

1743 3390 1805 3440 ad
1831 3390 2083 3455 impudens
2106 3389 2393 3455 applicatur.
2423 3391 2502 3438 Sic
2529 3391 2579 3437 in
2601 3390 2761 3453 quali-

1743 3470 1828 3519 bet
1851 3470 2014 3533 lingua
2037 3468 2275 3529 ejusmodi
2295 3467 2547 3533 particula
2571 3469 2648 3516 vel
2667 3485 2764 3516 uua·

1742 3549 1840 3608 iori
1877 3549 1924 3596 vi
1957 3550 2268 3598 omittuntur.
2310 3549 2372 3596 G.
2394 3574 2464 3585 —
2491 3550 2629 3597 Goer.
2651 3558 2765 3612 post

1746 3626 1992 3692 negotium
2017 3639 2184 3676 uotam
2209 3626 2544 3675 admirationis
2568 3629 2727 3691 ponit.

1823 3720 1899 3753 xo.
1924 3706 2010 3754 Ad
2017 3705 2331 3771 philosophos
2351 3718 2558 3755 nostros.
2576 3705 2764 3753 Acade-

1746 3784 1854 3839 mioe
1895 3802 2066 3849 nempe
2105 3786 2387 3835 recentioris
2403 3821 2417 3842 ‚
2459 3803 2486 3832 a
2521 3801 2618 3847 qua
2658 3786 2763 3848 ipse

1743 3862 1916 3911 stabat.
1955 3868 2062 3912 Huc
2091 3865 2220 3913 euim
2248 3865 2457 3929 pertinet
2485 3863 2633 3920 illud,
2665 3885 2691 3905 ι-
2712 3865 2762 3911 iu

1742 3950 1993 4003 utramque
2033 3953 2218 4005 partem
2261 3940 2506 4005 disputare
2531 3961 2552 3982 ι
2569 3974 2584 3997 ,
2626 3941 2761 4004 quod

1743 4018 1917 4068 Cicero
1946 4020 2005 4068 de
2031 4037 2130 4068 suae
2160 4020 2429 4084 disciplinae
2457 4019 2762 4085 philosophis

1741 4097 1887 4145 toties
1929 4109 2117 4157 narrat,
2163 4099 2418 4147 inductum
2454 4100 2661 4164 primum
2697 4101 2758 4148 ab

1745 4176 2028 4237 Aristotele3
2058 4178 2169 4225 vide
2191 4178 2313 4226 iufra
2335 4179 2397 4237 V,
2419 4184 2468 4237 4,
2497 4194 2572 4225 ιο.
2592 4181 2653 4227 G.
