3217 4784
674 474 815 549 518

1361 478 1460 547 M.
1512 479 1591 546 T.
1645 473 2128 546 clcssnoms
2197 424 2204 433 ’

668 623 907 700 operae
947 599 1263 697 pretium
1298 610 1409 670 est
1451 595 1929 670 considerare.
1972 595 2334 685 Quarum,
2377 588 2652 687 inquit,
2691 610 2808 659 ar-

668 709 855 781 tium
893 731 1171 781 summa
1204 730 1523 780 crescere
1559 720 1839 807 potest,
1871 728 2120 777 earum
2154 702 2370 775 ctiam
2407 701 2806 773 contraria-

666 842 830 890 rum
865 839 1145 889 summa
1168 826 1226 861 ¹¹
1266 818 1534 914 poterit
1567 817 1836 916 augeri.
1873 812 1986 888 Ad
2013 814 2297 885 virtutis
2322 825 2564 884 autem
2600 833 2807 882 sum-

670 950 860 1001 mam
916 925 1254 1000 accedere
1314 925 1496 999 nihii
1557 940 1815 1025 potest.
1870 929 1980 998 Ne
2027 923 2199 995 vitia
2244 919 2540 1019 quidem
2583 919 2810 1016 igitur

667 1059 988 1109 cresccre
1014 1050 1362 1133 poterunt
1378 1090 1399 1126 ‚
1417 1062 1580 1134 quae
1592 1051 1764 1109 sunt
1778 1035 2128 1107 virtutum
2141 1033 2520 1107 contraria.
2539 1032 2806 1101 Utrum
2917 1041 2926 1049 '

666 1144 887 1243 igitur
945 1145 1240 1219 tandem
1296 1147 1793 1246 perspicuisne
1843 1142 2070 1216 dubia
2116 1143 2621 1241 aperiuntur-¹²
2640 1191 2661 1225 ‚
2706 1162 2806 1210 an

662 1250 906 1325 dubiis
922 1257 1303 1355 perspicua
1317 1255 1716 1331 tolluntur?
1746 1254 1966 1353 Atqui
1994 1253 2138 1326 hoc
2165 1252 2629 1351 perspicuum
2658 1263 2798 1337 est,

663 1363 836 1436 vitia
881 1363 1019 1450 alia
1067 1367 1147 1437 in
1185 1365 1339 1438 aliis
1383 1390 1539 1441 esse
1586 1366 1903 1463 majora:
1941 1363 2121 1437 illud
2165 1361 2510 1449 dubium,
2554 1358 2644 1431 ad
2687 1357 2805 1446 id,

666 1473 868 1571 quod
885 1499 1248 1548 summum
1273 1475 1559 1549 bonum
1576 1475 1844 1567 dicitis,
1877 1498 2296 1573 ecquaenam
2312 1464 2373 1519 ¹3
2393 1470 2552 1543 fieri
2567 1472 2806 1568 possit

665 1588 999 1660 accessio.
1037 1590 1186 1659 Vos
1227 1601 1468 1661 autem
1505 1612 1736 1685 quum
1780 1586 2180 1687 perspicuis
2216 1582 2442 1655 dubia
2481 1579 2808 1654 debeatis

563 1708 632 1762 68
667 1693 1050 1785 illustrare,
1087 1696 1330 1770 dubiis
1375 1701 1757 1798 perspicua
1796 1698 2162 1771 conamini
2208 1694 2484 1767 tollere.
2543 1696 2805 1789 Itaque

667 1925 770 1964 erst
787 1930 933 1980 supra
957 1914 1040 1977 11,
1061 1914 1110 1975 5,
1135 1914 1236 1967 15:
1262 1936 1287 1959 ι
1306 1914 1429 1980 quid
1449 1915 1690 1980 Epicurus

665 1993 884 2059 loquitur
919 2015 966 2042 n.
1004 1996 1164 2042 Locus
1204 2004 1375 2042 nostro
1419 1994 1693 2043 simillimus

667 2082 741 2121 est
764 2072 907 2122 Vei-r.
931 2074 1007 2133 11,
1035 2072 1134 2132 5³,
1168 2073 1300 2122 131:
1328 2094 1356 2115 ι
1374 2072 1696 2137 quemadmo-

669 2151 787 2199 dum
833 2151 887 2198 in
938 2150 1100 2200 Sicilia
1142 2152 1239 2200 isto
1289 2161 1498 2216 pretore
1545 2152 1694 2200 creati

668 2236 803 2288 sunt,
820 2242 985 2292 opere
1011 2230 1224 2292 pretium
1240 2239 1313 2278 est
1331 2243 1623 2294 cognoscere
1636 2247 1693 2291 ,ς

668 2304 755 2354 nbi
793 2307 911 2354 Ern-
949 2321 1036 2355 sns
1080 2308 1233 2360 solius
1271 2308 1561 2359 anctoritate
1597 2307 1697 2357 sine

669 2384 844 2434 edidit.

744 2479 824 2514 ιι.
884 2467 1068 2515 Earum
1126 2463 1276 2515 eciam
1333 2467 1695 2516 contrariarum

670 2560 874 2593 summa.
893 2548 1103 2595 Goereuz
1118 2545 1293 2594 scribit
1314 2548 1691 2599 contrariorum.

670 2623 752 2672 Sic
769 2658 787 2684 ,
812 2623 1006 2688 inquit,
1023 2623 1190 2673 lamb.
1214 2625 1315 2686 ism
1341 2641 1434 2690 pro
1456 2626 1659 2692 vulgato
1675 2663 1691 2689 ,

668 2703 1028 2752 contrariarum
1055 2713 1293 2763 suaset-st,
1327 2704 1550 2754 Victor-io
1575 2723 1694 2755 con-

668 2779 872 2829 emrae‘dns
918 2780 1184 2845 prebente.
1232 2782 1396 2830 stis.
1442 2785 1694 2835 coner-asia

671 2860 885 2921 mavult,
926 2861 1128 2909 relatum
1171 2859 1236 2909 sd
1272 2877 1482 2912 summa.
1521 2863 1691 2912 Alter·

672 2951 837 2990 utrum
877 2939 1153 3005 eligendum
1187 2951 1263 2990 est
1294 2954 1311 2991 ε
1337 2940 1528 3005 vulgata
1558 2944 1690 2992 enim

667 3031 791 3069 stare
826 3020 1022 3084 nequit,
1062 3034 1153 3066 nec
1192 3028 1320 3067 emat
1357 3029 1529 3068 auctor
1559 3021 1690 3071 hanc

667 3097 877 3163 genitivi
901 3098 1299 3148 contractionem.
1324 3100 1395 3147 At
1415 3098 1468 3146 in
1493 3112 1689 3150 eones-a-

666 3178 746 3226 ria
770 3178 858 3227 vix
892 3178 1066 3228 scriba
1105 3194 1275 3227 omnes
1304 3191 1623 3244 peccassent:
1643 3182 1688 3231 si

665 3257 1024 3307 contrariorum
1046 3258 1293 3324 assequuti
1313 3274 1416 3308 non
1434 3271 1573 3320 sunt,
1595 3263 1688 3310 mi-

665 3354 774 3386 rum
806 3338 1069 3390 nihilest:
1103 3340 1516 3389 nsmsivelvim
1548 3344 1689 3394 vocis

663 3418 934 3481 cepissent,
959 3431 1118 3468 tsmen
1142 3419 1197 3467 in
1220 3420 1327 3481 ejus
1349 3422 1512 3485 positu
1533 3423 1688 3473 haere-

666 3505 773 3543 rent
790 3529 806 3555 ,
839 3494 957 3544 licet
978 3496 1061 3545 hie
1095 3496 1239 3545 unice
1272 3514 1414 3547 venis
1438 3499 1517 3550 sit.
1542 3503 1686 3551 Certa

664 3572 794 3621 enim
824 3574 988 3637 reguis
1012 3584 1086 3621 est
1112 3574 1435 3638 genitivorum
1458 3595 1485 3626 a
1520 3595 1572 3627 se
1605 3582 1687 3629 in-

663 3651 820 3700 vicem
840 3653 1158 3717 pendentium
1175 3666 1359 3704 rectum
1388 3659 1687 3722 praecedere,

662 3730 802 3794 sequi
812 3734 1232 3796 regentem-Cujus
1248 3736 1425 3799 oeguloe
1445 3753 1687 3803 nuquam

662 3809 796 3874 apud
830 3810 1115 3861 Ciceronem
1150 3816 1377 3879 exceptio
1416 3829 1487 3866 est
1515 3818 1687 3883 :apud

661 3888 811 3948 elios,
843 3890 1053 3939 maxime
1084 3892 1238 3943 Corn.
1269 3895 1541 3960 Nepotem,
1581 3907 1687 3946 tum

661 3967 806 4016 etism
838 3984 1007 4033 regens
1044 3971 1304 4036 precedit,
1347 3974 1389 4021 si
1426 3991 1578 4023 unum
1604 3977 1685 4024 vel

661 4049 799 4112 plura
838 4049 983 4098 verbs
1026 4050 1426 4116 interponuntur.
1461 4055 1543 4105 Cf.
1586 4057 1684 4103 Eu-

660 4142 789 4177 men.
823 4146 873 4190 7,
908 4145 929 4176 s
969 4144 982 4178 :
1025 4152 1048 4173 ι
1071 4133 1293 4197 corporis
1326 4117 1491 4181 custos
1525 4133 1681 4183 fuerat

662 4206 924 4256 Alexandri
944 4224 996 4271 »3
1021 4208 1196 4273 ibid.s
1226 4226 1255 4257 2
1289 4225 1302 4257 :
1332 4232 1356 4251 ι·
1383 4213 1592 4259 nominis
1612 4214 1679 4260 si·

1777 1914 2043 1963 mulatione
2064 1911 2348 1963 Alexandri.
2365 1934 2391 1954 ι
2408 1913 2479 1961 At
2499 1911 2605 1960 Cic.
2632 1932 2657 1953 ιι
2669 1909 2808 1960 illius

1778 1991 1999 2059 (Verris)
2025 1991 2275 2054 adjutores
2293 1989 2621 2056 improbitatis
2644 2004 2659 2040 :
2677 1989 2811 2039 stoi·

1778 2089 1949 2122 corum
1987 2071 2244 2120 conclusio
2279 2070 2514 2119 rationis:
2534 2068 2693 2117 finti-is
2720 2085 2804 2118 re·

1778 2151 1964 2218 pulsam
2004 2151 2318 2210 consulatus,
2352 2160 2448 2199 etc.
2462 2172 2488 2192 ι·
2525 2149 2577 2197 Si
2624 2147 2807 2197 editori

1777 2235 1940 2281 Oxou.
1956 2229 2080 2280 fides
2105 2241 2194 2289 est,
2217 2231 2273 2279 E.
2291 2231 2356 2278 V.
2376 2247 2426 2292 χ.
2448 2228 2805 2277 eone-ariorum

1777 2312 2029 2361 referunt:
2058 2309 2195 2375 quod
2217 2325 2307 2376 per
2326 2325 2377 2358 se
2398 2310 2499 2371 jam
2518 2309 2663 2357 toties
2683 2322 2806 2357 con·

1778 2390 1927 2439 textis
1951 2388 2254 2455 aptissimum
2284 2398 2384 2447 est,
2415 2386 2507 2435 hsc
2537 2396 2803 2435 contexto·

1778 2486 1886 2518 rum
1903 2470 1956 2517 vi
1970 2483 1984 2518 ε
1997 2492 2025 2514 ιι
2039 2470 2373 2532 Quaecumqne
2396 2477 2521 2515 artes
2542 2465 2806 2530 complexu

1779 2563 1870 2597 suo
1890 2547 2201 2613 perfectiores
2219 2545 2358 2594 reddi
2374 2555 2599 2611 possunt,
2620 2543 2803 2592 eedem

1779 2642 1976 2693 quoque
1991 2626 2255 2690 complexu
2271 2641 2362 2674 suo
2377 2623 2640 2674 deteriores
2658 2621 2801 2671 reddi

1778 2716 2036 2771 poterunt,
2056 2715 2150 2753 etc.
2177 2724 2201 2747 s

1788 2786 1798 2793 “
1856 2799 1939 2832 ra.
1967 2785 2137 2831 Uerum
2154 2781 2511 2849 igimreandem
2522 2779 2802 2847 perspicuis-

1779 2880 1843 2913 ne
1873 2862 2024 2911 dubia
2045 2862 2350 2928 aperiuntur,
2372 2878 2459 2910 aa.
2484 2863 2590 2910 Bas.
2615 2871 2665 2908 et
2701 2869 2802 2908 tres

1778 2946 1977 2993 Oxonu.
2012 2942 2212 2991 eandem
2236 2942 2463 3006 ignorant
2477 2975 2493 3000 ‚
2513 2952 2565 2989 et
2585 2942 2700 2989 Em.
2729 2951 2799 2988 ts-

1776 3025 1873 3073 cite
1894 3039 1957 3071 ne
1973 3020 2166 3084 abjecit.
2187 3020 2284 3069 Sed
2299 3030 2358 3068 ut
2381 3020 2585 3068 candem
2599 3017 2798 3084 proprie

1775 3101 2035 3152 oefunndo
2057 3100 2274 3166 urgentis
2304 3109 2410 3161 est,
2444 3101 2513 3147 its
2532 3098 2613 3147 hic
2644 3101 2706 3146 V.
2733 3097 2798 3147 D.

1775 3183 1958 3248 ubique
1979 3182 2033 3229 in
2061 3196 2124 3228 ne
2147 3181 2288 3229 istam
2307 3214 2322 3239 ,
2344 3179 2386 3227 si
2409 3179 2535 3228 iuter
2556 3188 2718 3225 nonas
2750 3189 2799 3226 et

1774 3280 1844 3311 an
1871 3260 2092 3328 ponitur,
2117 3270 2388 3325 ⁴grassatur.
2428 3256 2503 3306 Cf.
2531 3272 2680 3321 supra
2720 3259 2801 3317 11,

1782 3359 1866 3408 19,
1905 3344 2015 3391 60:
2050 3360 2074 3383 ιι
2103 3343 2280 3390 Utrum
2323 3335 2517 3387 taudem
2542 3352 2788 3385 censes..

1775 3434 1970 3470 tuamne
1997 3417 2059 3468 de
2082 3434 2134 3466 se
2156 3418 2422 3465 orationem
2447 3413 2680 3463 libentius
2709 3429 2797 3462 su·

1776 3500 1992 3549 diturum
2014 3497 2190 3557 fuisse,
2223 3512 2287 3545 sn
2317 3493 2584 3543 meam...?
2603 3512 2626 3534 s
2647 3491 2799 3541 Plene

1773 3579 1901 3629 hanc
1940 3593 2004 3626 ne
2045 3575 2350 3625 defendimus
2387 3573 2449 3622 sd
2487 3571 2677 3621 Acsdd.
2713 3573 2764 3619 11
2778 3606 2794 3628 ,

1775 3658 1862 3716 23,
1894 3672 1919 3717 7
1933 3671 1977 3704 ι.
1999 3657 2068 3703 G.

1849 3737 1933 3785 13.
1962 3736 2276 3799 Ecqua-nam.
2311 3728 2463 3795 Quod
2496 3728 2796 3777 verissimum

1774 3826 1873 3877 est,
1888 3813 2060 3863 scribe
2079 3828 2174 3878 pro
2200 3827 2338 3859 more
2360 3825 2452 3857 suo
2482 3809 2659 3857 misere
2691 3818 2797 3856 tur-

1771 3893 1921 3953 bant,
1944 3913 1968 3936 ιι
2000 3892 2094 3940 hac
2116 3907 2226 3956 qne
2245 3891 2376 3952 iam,
2407 3898 2456 3937 et
2476 3889 2517 3937 si
2542 3902 2765 3952 qnaensm
2785 3923 2801 3947 ,

1771 3974 1878 4024 haee
1900 3990 2011 4040 que
2023 3974 2124 4034 ism
2142 3996 2184 4020 n.
2202 3971 2431 4020 Proxime
2455 3968 2646 4017 accedit
2664 3966 2800 4016 Gud.

1775 4071 1804 4102 n
1821 4090 1837 4115 ,
1856 4054 2187 4120 heequaenam.
2219 4052 2366 4098 Partt.
2386 4036 2548 4097 Oratt.
2585 4054 2674 4106 14,
2697 4048 2791 4104 48:

1769 4156 1795 4175 o·
1824 4147 2093 4198 ecquonam
2135 4128 2285 4177 modo
2299 4164 2315 4191 ‚
2358 4142 2633 4191 ecquonam
2680 4125 2797 4173 loco

1769 4213 1882 4259 ⁸113·
1909 4208 2163 4272 indigent?
2186 4229 2210 4248 ι·
2235 4208 2302 4253 G.
