3217 4784
763 407 888 474 DE
938 406 1113 473 FlN.
1163 406 1369 473 BoN.
1426 406 1552 471 ET.
1589 407 1801 472 MAL.
1852 406 1934 490 v,
1990 429 2091 498 17.
2353 405 2496 476 605

370 543 537 597 sunt
568 529 797 626 prima
818 544 1123 611 naturae,
1151 527 1235 597 ad
1272 552 1352 597 ea
1383 529 1438 595 si
1474 527 1801 623 voluptas
1838 531 2239 615 accesserit,
2269 553 2495 599 unum

370 637 664 734 aliquod
713 641 1090 709 accesserit
1136 634 1601 708 commodum
1656 640 2013 735 corporiS‚
2057 663 2296 736 neque
2339 666 2494 712 eam

369 750 952 820 constitutionem
996 749 1256 818 summi
1296 746 1509 832 boni,
1552 770 1713 842 quae
1751 763 1859 819 est
1895 756 2306 847 proposita,
2347 776 2501 822 mu-

371 874 642 930 tavent.

465 972 684 1039 XVII.
751 972 838 1037 Et
879 965 1116 1037 adhuc
1151 966 1447 1062 quidem
1499 967 1595 1036 ita
1644 965 1856 1039 nobis
1900 991 2272 1065 progressa
2316 973 2498 1043 ratio
2540 991 2604 1049 46

370 1094 506 1165 est,
549 1094 628 1148 ut
664 1104 746 1149 ea
785 1078 1173 1149 duceretur
1216 1078 1451 1148 omnis
1508 1101 1548 1145 a
1593 1079 1824 1174 prima
1873 1081 2499 1153 commendatione

372 1198 713 1260 naturae1.
753 1193 964 1260 Nunc
998 1203 1239 1258 autem
1280 1185 1471 1257 aliud
1503 1188 1651 1280 jam
1681 1190 2228 1283 argumentandi
2256 1216 2501 1289 sequa-

371 1323 536 1370 mur
577 1323 840 1396 geum,
898 1313 979 1369 ut
1023 1322 1174 1368 non
1226 1296 1464 1368 solum
1506 1300 1675 1393 quia
1719 1322 1854 1368 nos
1899 1297 2318 1395 diligamus»,
2374 1302 2501 1373 sed

372 1413 539 1505 quia
571 1410 921 1507 cujusque
943 1409 1162 1505 partis
1186 1421 1456 1477 naturae
1491 1421 1561 1476 et
1595 1410 1667 1475 in
1708 1430 2048 1504 corpore,
2071 1424 2143 1479 et
2165 1410 2502 1481 inanimo

373 1543 496 1590 sua
527 1544 834 1616 quaeque
861 1522 966 1588 vis
994 1521 1082 1588 sit
1101 1528 1154 1603 ²,
1174 1516 1441 1587 idcirco
1470 1518 1543 1584 in
1570 1515 1679 1585 his
1710 1514 1928 1586 rebus
1954 1541 2233 1588 summa
2260 1535 2505 1590 nostra

373 1628 679 1725 sponte³
730 1652 1169 1700 moveamur.
1232 1631 1462 1721 Atque
1505 1640 1587 1696 ut
1637 1650 1677 1696 a
1722 1650 2029 1725 corpore
2080 1628 2349 1715 ordiar,
2396 1634 2502 1699 vi-

372 1808 557 1855 compr.
581 1792 707 1856 Spir-
738 1803 958 1839 vestram
994 1791 1124 1838 hanc
1159 1801 1390 1837 nostram.

373 1873 471 1921 Erl.
499 1882 716 1919 nostram
747 1870 876 1919 hanc
904 1882 1137 1918 nostram.
1175 1868 1308 1917 Gud.
1344 1885 1392 1929 1,

372 1962 583 1998 vestram
633 1949 762 1997 hanc
807 1961 948 1998 esset.
996 1951 1058 1998 E.
1095 1945 1136 2005 ξ.
1181 1960 1230 1997 et
1275 1951 1394 1996 Ven.

380 2037 508 2091 ¹494
524 2065 539 2086 ‚
563 2041 791 2076 naturam
812 2027 962 2076 Itane.
991 2027 1111 2076 Inde
1130 2028 1257 2076 hanc
1276 2042 1397 2074 con-

368 2113 605 2170 jecturam
659 2108 881 2156 elicueris
899 2145 914 2170 ,
966 2130 991 2150 ιι
1016 2108 1137 2155 nihil
1193 2106 1397 2171 impedit

375 2204 538 2235 veram
574 2188 699 2234 hanc
729 2204 830 2234 esse
862 2197 1076 2234 nostram
1103 2186 1352 2249 compreh.
1372 2207 1396 2226 a·

375 2284 484 2313 nam
508 2271 601 2313 ιβ’*
625 2266 797 2313 scribis
823 2275 872 2312 et
907 2281 1078 2312 veram
1103 2275 1152 2311 et
1183 2275 1397 2312 vestram

375 2347 518 2393 valet.
559 2344 656 2394 Sed
701 2345 856 2409 possis
893 2345 943 2392 in
973 2344 1168 2407 vulgata
1199 2344 1397 2407 acquie-

375 2442 524 2472 scere.
579 2423 716 2471 Nihil
753 2422 953 2487 impedit
1009 2422 1138 2469 idem
1189 2422 1398 2479 valebit,

379 2505 544 2567 qnod,
594 2503 863 2566 «expedita
902 2513 976 2550 est
1011 2514 1211 2561 nostra,
1253 2512 1350 2549 ete.
1371 2524 1396 2543 a

375 2582 582 2631 Accedit
598 2618 613 2643 ‚
642 2582 776 2645 quod
804 2592 973 2629 auctor
990 2615 1005 2638 ‚
1030 2594 1264 2644 quantum
1292 2582 1400 2645 qui·

376 2663 486 2708 dem
515 2661 741 2709 novimus
759 2695 773 2720 ,
800 2678 989 2725 semper
1016 2659 1139 2708 nihil
1162 2660 1364 2724 impedit
1381 2696 1397 2722 ‚

377 2758 477 2789 non
507 2757 619 2789 cum
653 2757 815 2788 accus.
844 2751 892 2788 et
915 2741 1004 2787 inf.
1025 2740 1111 2788 sed
1133 2756 1243 2788 cum
1276 2756 1399 2803 quo·

377 2822 561 2879 minus,
591 2819 666 2866 vel
694 2821 913 2882 negativa
947 2820 1038 2867 alia
1072 2819 1262 2878 addim
1286 2818 1400 2867 licet

376 2901 480 2948 sine
522 2897 670 2954 nihil,
723 2920 748 2938 α
778 2897 942 2961 pudor
984 2899 1191 2962 impedit
1230 2900 1401 2962 exqui—

378 2996 480 3026 rere
495 3013 509 3035 ,
533 2989 665 3025 etc.»
683 2977 876 3024 scribat.
905 2979 1088 3025 Tamen
1113 2979 1164 3025 in
1193 2979 1399 3041 vulgatae

380 3059 544 3122 positu
574 3056 899 3105 offendimur:
927 3057 1237 3104 scribendum
1269 3058 1400 3105 enim

377 3149 478 3184 erat
505 3159 530 3179 ιι
548 3135 881 3184 nihil...b0ni
907 3135 1117 3201 impedit
1136 3157 1179 3185 ο.
1209 3137 1278 3184 Ut
1303 3136 1398 3200 igi-

379 3227 457 3262 tur
498 3228 660 3278 aperte
707 3216 992 3263 sententiam
1029 3225 1244 3263 nostram
1284 3231 1400 3280 pro·

379 3296 685 3343 nuntiemus:
714 3294 874 3343 deleto
915 3306 1126 3359 utroque
1157 3295 1273 3343 loco
1310 3311 1398 3343 no·

378 3387 558 3436 stram,
608 3372 915 3422 scribendum
943 3409 957 3433 ,
1013 3396 1034 3418 ι
1058 3389 1216 3422 veram
1272 3375 1399 3422 hanc

378 3472 478 3503 esse
521 3471 684 3519 comp.
709 3475 731 3495 ι
774 3454 979 3502 videtur.
1017 3456 1095 3503 Sic
1130 3471 1231 3503 esse
1273 3455 1400 3502 inter

379 3534 621 3599 duplicem
647 3549 704 3594 c,
728 3550 879 3596 quum
895 3521 963 3582 ἴθ’
992 3535 1236 3599 pingatur,
1264 3534 1397 3582 exci-

381 3613 494 3660 dere
539 3614 677 3660 sacile
725 3613 892 3677 potuit
915 3629 930 3670 3
979 3625 1193 3661 nostram
1237 3623 1400 3661 autem

379 3708 505 3756 saepe
531 3692 595 3739 ad
634 3707 776 3756 pron.
810 3691 904 3739 boc
938 3691 1201 3741 demonstr.
1229 3692 1401 3740 scriba

379 3772 625 3836 supplent.
654 3776 881 3820 Accusat.
918 3781 1078 3818 nutem
1106 3787 1216 3819 cum
1245 3772 1332 3819 inf.
1359 3772 1402 3819 si

382 3850 599 3914 exempla
612 3851 824 3897 auctoris
844 3851 1145 3913 ignorantur,
1159 3868 1222 3898 ex
1233 3867 1400 3916 groecae

382 3930 615 3976 orationis
639 3929 907 3977 imitatione
930 3929 1264 3992 derivavimus,
1286 3947 1400 3980 cum

383 4021 481 4066 quo
510 4003 645 4054 οὐδὲν
672 4008 842 4056 κωλύει
869 4009 1142 4072 frequenter
1158 4010 1398 4075 iungitur.

383 4088 446 4129 (ἱ.
493 4112 558 4120 -
594 4087 1062 4149 comprehensionem
1108 4089 1231 4136 valet
1270 4106 1401 4137 com-

377 4163 713 4227 prehendendi
729 4166 984 4216 rationem.

1553 1789 1720 1838 xvn.
1764 1805 1806 1835 1.
1829 1791 1895 1837 Ec
1925 1789 2502 1842 admec...nacuroe.1nt.

1483 1869 1607 1929 Quae
1657 1881 1941 1932 argumenta
1987 1870 2221 1920 hactenus
2268 1873 2505 1936 explicui-

1482 1963 1589 1994 mus
1615 1981 1630 2006 ,
1675 1958 1730 1995 ut
1765 1948 2125 1996 ostenderemus
2165 1950 2217 1996 in
2251 1968 2352 2014 quo
2378 1968 2508 1998 sum-

1483 2042 1617 2074 mum
1640 2025 1825 2075 bonum
1854 2027 1999 2075 situm
2027 2040 2174 2081 esset,
2202 2046 2258 2077 en
2278 2030 2505 2078 duximus

1483 2121 1510 2152 e
1537 2107 1690 2169 prins
1719 2106 2141 2155 commendatione
2167 2118 2368 2158 naturae.

1553 2201 1602 2232 α.
1627 2185 1865 2251 Cujusque
1873 2186 2037 2249 partis
2047 2221 2172 2235 .....
2182 2204 2271 2234 sua
2298 2205 2506 2256 quceque

1482 2263 1564 2311 vis
1587 2264 1664 2311 sit.
1692 2266 1809 2313 Em.
1838 2265 1889 2312 in
1917 2282 2126 2330 qteaeque
2160 2267 2340 2327 haeret,
2367 2285 2506 2332 quae-

1485 2343 1602 2391 dam
1654 2345 2017 2394 commendans.
2064 2347 2336 2410 Perpetem.
2386 2348 2507 2396 Vult
2600 2360 2604 2366 ’

1482 2433 1671 2480 auctor,
1709 2439 1987 2486 aquamque
2010 2424 2107 2470 vim
2130 2426 2364 2488 cujusque
2393 2443 2503 2488 pnr-

1483 2501 1544 2549 tis
1563 2538 1579 2563 ‚
1608 2512 1703 2550 etc.
1722 2517 1856 2549 suam
1874 2523 1896 2543 ι
1923 2519 2050 2561 esse,
2076 2504 2109 2551 i.
2141 2521 2182 2551 e.
2225 2525 2247 2547 ιι
2273 2505 2506 2568 cujusque

1481 2581 1633 2645 partis
1659 2582 1959 2645 propriam».
1980 2580 2377 2631 G.--Breminm
2405 2600 2506 2630 non

1481 2660 1746 2725 probamus
1766 2694 1782 2719 ,
1823 2676 1978 2724 quum
2024 2661 2142 2709 dicit
2189 2663 2368 2710 rectius
2411 2663 2505 2727 legi

1485 2760 1510 2780 ιι
1528 2756 1616 2787 suu
1634 2741 1872 2804 cujusque
1895 2741 1967 2787 vis
1985 2743 2048 2788 sit
2065 2755 2110 2801 »ς
2136 2752 2191 2789 ut
2209 2741 2382 2791 Cicero
2404 2745 2508 2790 sine

1484 2819 1534 2865 vi
1550 2835 1719 2867 vocem
1734 2820 1966 2884 cujusque
1983 2836 2094 2883 quae
2113 2832 2187 2869 est
2214 2822 2316 2882 jam
2346 2823 2507 2870 statim

1483 2911 1595 2946 ante
1622 2909 1825 2963 repetat.
1845 2899 2111 2963 vulgatum
2144 2899 2273 2948 enim
2301 2917 2509 2964 quaeqtee

1482 2993 1577 3040 pro
1619 2993 1934 3040 qua-cumque
1978 2978 2191 3036 dictum,
2240 2979 2506 3042 elegantius

1484 3066 1581 3114 est,
1604 3073 1755 3119 quum
1777 3056 2036 3119 multiplex
2064 3058 2136 3102 vis
2161 3067 2210 3103 et
2235 3059 2430 3120 corpori
2457 3071 2507 3105 et

1483 3135 1649 3182 animo
1684 3135 1816 3181 insit.
1852 3134 2025 3181 Parum
2063 3134 2207 3181 etiam
2237 3134 2287 3182 h.
2314 3134 2349 3183 l.
2374 3137 2504 3195 ejus-

1485 3212 1596 3261 dem
1628 3229 1766 3260 casus
1800 3212 2135 3276 repetitionem
2166 3228 2305 3260 aures
2332 3215 2507 3263 admit-

1486 3300 1617 3339 tunt.
1643 3293 1706 3339 G.
1740 3292 1794 3338 in
1831 3291 2081 3340 Additum.
2109 3316 2175 3325 —
2202 3291 2283 3340 Vis
2319 3293 2399 3341 bic
2428 3311 2507 3341 va-

1485 3370 1577 3428 let,
1619 3370 1773 3418 virtus
1810 3387 1898 3435 per
1934 3387 1985 3418 se
2024 3370 2298 3432 laudanda,
2331 3390 2421 3437 per
2456 3391 2507 3421 sc

1484 3450 1774 3514 expete-nde.

1555 3533 1606 3579 3.
1626 3531 1826 3577 Summa
1849 3540 2019 3577 nostra
2046 3541 2231 3594 sponte.
2261 3533 2375 3580 Em.
2396 3546 2511 3597 post

1486 3626 1679 3658 summa
1707 3607 1892 3671 virgula
1920 3610 2254 3673 interpunxit3
2281 3611 2411 3660 idem
2430 3630 2510 3661 ve-

1486 3706 1572 3748 ro,
1598 3688 1820 3737 Lambini
1849 3688 2100 3752 exemplu,
2127 3705 2317 3737 summa
2350 3691 2512 3740 delen-

1488 3769 1604 3817 dum
1647 3778 1844 3828 censet,
1878 3784 2079 3832 prorsus
2113 3780 2359 3833 tamquam
2394 3771 2510 3819 alie·

1488 3866 1605 3896 num
1653 3857 1702 3895 et
1753 3847 1859 3894 siue
1905 3863 2050 3895 seusu
2092 3847 2156 3895 ad
2194 3849 2246 3897 h.
2292 3850 2327 3897 l.
2369 3864 2509 3917 apto.

1489 3930 1667 3975 Brutus
1684 3941 1895 3984 suttune,
1924 3926 2092 3977 Davis.
2119 3930 2511 3976 consummandis

1489 4008 1709 4056 suadent.
1743 4004 1950 4078 'Davisii
2004 4006 2201 4054 verbum
2263 4009 2513 4056 Ciceronis

1497 4102 1595 4135 nou
1623 4097 1723 4144 est,
1760 4085 1978 4149 salsoque
2003 4086 2118 4132 huic
2147 4085 2197 4132 id
2236 4086 2474 4136 Nouanus
2493 4117 2513 4145 ,

1497 4166 1787 4225 Schellerus,
1817 4164 1899 4214 alii
1927 4163 2162 4213 tribuunt.
2182 4164 2416 4230 Reliquos
2434 4167 2510 4214 nie-
