<?xml version="1.0" encoding="UTF-8"?>
<!DOCTYPE html PUBLIC "-//W3C//DTD XHTML 1.0 Transitional//EN"
    "http://www.w3.org/TR/xhtml1/DTD/xhtml1-transitional.dtd">
<html xmlns="http://www.w3.org/1999/xhtml" xml:lang="en" lang="en">
 <head>
  <title>
</title>
<meta http-equiv="Content-Type" content="text/html;charset=utf-8" />
  <meta name='ocr-system' content='tesseract 3.04.00' />
  <meta name='ocr-capabilities' content='ocr_page ocr_carea ocr_par ocr_line ocrx_word'/>
</head>
<body>
  <div class='ocr_page' id='page_1' title='image "./mtciceronisquae00clergoog/mtciceronisquae00clergoog_0459.png"; bbox 0 0 3217 4784; ppageno 0'>
   <div class='ocr_carea' id='block_1_1' title="bbox 778 442 2124 523">
    <p class='ocr_par' dir='ltr' id='par_1_1' title="bbox 778 442 2124 523">
     <span class='ocr_line' id='line_1_1' title="bbox 778 442 2124 523; baseline -0.001 -14"><span class='ocrx_word' id='word_1_1' title='bbox 778 444 901 509; x_wconf 90' lang='lat' dir='ltr'>DE</span> <span class='ocrx_word' id='word_1_2' title='bbox 951 442 1122 508; x_wconf 89' lang='lat' dir='ltr'><strong>FIN.</strong></span> <span class='ocrx_word' id='word_1_3' title='bbox 1176 444 1382 511; x_wconf 89' lang='lat' dir='ltr'><strong>BON.</strong></span> <span class='ocrx_word' id='word_1_4' title='bbox 1440 445 1553 510; x_wconf 85' lang='grc' dir='ltr'>ΕΤ</span> <span class='ocrx_word' id='word_1_5' title='bbox 1600 444 1812 510; x_wconf 83' lang='lat' dir='ltr'><strong>MAL.</strong></span> <span class='ocrx_word' id='word_1_6' title='bbox 1869 445 2002 523; x_wconf 83' lang='lat' dir='ltr'>IV,</span> <span class='ocrx_word' id='word_1_7' title='bbox 2059 442 2124 510; x_wconf 87' lang='lat'>3.</span> 
     </span>
    </p>
   </div>
   <div class='ocr_carea' id='block_1_2' title="bbox 2381 442 2523 536">
    <p class='ocr_par' dir='ltr' id='par_1_2' title="bbox 2381 442 2523 536">
     <span class='ocr_line' id='line_1_2' title="bbox 2381 442 2523 536; baseline 0 -11"><span class='ocrx_word' id='word_1_8' title='bbox 2381 442 2523 536; x_wconf 73' lang='grc'>439</span> 
     </span>
    </p>
   </div>
   <div class='ocr_carea' id='block_1_3' title="bbox 390 562 2530 872">
    <p class='ocr_par' dir='ltr' id='par_1_3' title="bbox 390 562 2530 872">
     <span class='ocr_line' id='line_1_3' title="bbox 392 562 2524 653; baseline -0 -19"><span class='ocrx_word' id='word_1_9' title='bbox 392 567 961 649; x_wconf 85' lang='lat' dir='ltr'>consentientes,</span> <span class='ocrx_word' id='word_1_10' title='bbox 1005 562 1373 634; x_wconf 85' lang='lat' dir='ltr'>vocabulis</span> <span class='ocrx_word' id='word_1_11' title='bbox 1424 562 1895 650; x_wconf 80' lang='lat' dir='ltr'>differebant,</span> <span class='ocrx_word' id='word_1_12' title='bbox 1937 589 2102 634; x_wconf 87' lang='lat' dir='ltr'>eum</span> <span class='ocrx_word' id='word_1_13' title='bbox 2132 576 2187 606; x_wconf 84' lang='lat'>¹²</span> <span class='ocrx_word' id='word_1_14' title='bbox 2237 564 2473 635; x_wconf 80' lang='lat' dir='ltr'>locutu</span> <span class='ocrx_word' id='word_1_15' title='bbox 2506 622 2524 653; x_wconf 87' lang='lat'><strong>‚</strong></span> 
     </span>
     <span class='ocr_line' id='line_1_4' title="bbox 392 669 2530 767; baseline 0.001 -28"><span class='ocrx_word' id='word_1_16' title='bbox 392 696 609 767; x_wconf 87' lang='lat' dir='ltr'>quem</span> <span class='ocrx_word' id='word_1_17' title='bbox 647 670 925 741; x_wconf 87' lang='lat' dir='ltr'>civilem</span> <span class='ocrx_word' id='word_1_18' title='bbox 953 684 1148 740; x_wconf 88' lang='lat' dir='ltr'>recte</span> <span class='ocrx_word' id='word_1_19' title='bbox 1177 669 1605 766; x_wconf 83' lang='lat' dir='ltr'>appellaturi</span> <span class='ocrx_word' id='word_1_20' title='bbox 1644 670 2005 755; x_wconf 87' lang='lat' dir='ltr'>videmur,</span> <span class='ocrx_word' id='word_1_21' title='bbox 2041 672 2268 741; x_wconf 86' lang='lat' dir='ltr'>Graeci</span> <span class='ocrx_word' id='word_1_22' title='bbox 2293 682 2530 742; x_wconf 81' lang='grc' dir='ltr'>πολιτι-</span> 
     </span>
     <span class='ocr_line' id='line_1_5' title="bbox 390 776 2012 872; baseline -0.001 -26"><span class='ocrx_word' id='word_1_23' title='bbox 390 782 488 847; x_wconf 84' lang='grc' dir='ltr'>κὸν</span> <span class='ocrx_word' id='word_1_24' title='bbox 511 776 598 861; x_wconf 57' lang='grc'>13,</span> <span class='ocrx_word' id='word_1_25' title='bbox 632 777 940 872; x_wconf 86' lang='lat' dir='ltr'>graviter</span> <span class='ocrx_word' id='word_1_26' title='bbox 981 789 1053 845; x_wconf 89' lang='lat' dir='ltr'>et</span> <span class='ocrx_word' id='word_1_27' title='bbox 1086 778 1378 871; x_wconf 87' lang='lat' dir='ltr'>copiose</span> <span class='ocrx_word' id='word_1_28' title='bbox 1418 799 1570 846; x_wconf 87' lang='lat' dir='ltr'>esse</span> <span class='ocrx_word' id='word_1_29' title='bbox 1611 790 2012 846; x_wconf 85' lang='lat' dir='ltr'>tractatum.</span> 
     </span>
    </p>
   </div>
   <div class='ocr_carea' id='block_1_4' title="bbox 389 883 2597 1643">
    <p class='ocr_par' dir='ltr' id='par_1_4' title="bbox 389 883 2597 1643">
     <span class='ocr_line' id='line_1_6' title="bbox 485 883 2531 983; baseline 0 -26"><span class='ocrx_word' id='word_1_30' title='bbox 485 893 610 957; x_wconf 87' lang='lat'>111.</span> <span class='ocrx_word' id='word_1_31' title='bbox 635 889 871 975; x_wconf 89' lang='lat' dir='ltr'>Quam</span> <span class='ocrx_word' id='word_1_32' title='bbox 902 885 1129 955; x_wconf 88' lang='lat' dir='ltr'>multa</span> <span class='ocrx_word' id='word_1_33' title='bbox 1151 884 1254 954; x_wconf 94' lang='lat' dir='ltr'>illi</span> <span class='ocrx_word' id='word_1_34' title='bbox 1281 883 1371 955; x_wconf 89' lang='lat' dir='ltr'>de</span> <span class='ocrx_word' id='word_1_35' title='bbox 1399 883 1773 982; x_wconf 82' lang='lat' dir='ltr'>republica</span> <span class='ocrx_word' id='word_1_36' title='bbox 1804 886 2290 982; x_wconf 81' lang='lat' dir='ltr'>scripserunt?</span> <span class='ocrx_word' id='word_1_37' title='bbox 2313 911 2531 983; x_wconf 89' lang='lat' dir='ltr'>quam</span> 
     </span>
     <span class='ocr_line' id='line_1_7' title="bbox 394 994 2539 1094; baseline 0 -28"><span class='ocrx_word' id='word_1_38' title='bbox 394 999 617 1068; x_wconf 84' lang='lat' dir='ltr'>multa</span> <span class='ocrx_word' id='word_1_39' title='bbox 657 994 749 1067; x_wconf 89' lang='lat' dir='ltr'>de</span> <span class='ocrx_word' id='word_1_40' title='bbox 795 994 1129 1092; x_wconf 85' lang='lat' dir='ltr'>legibus?</span> <span class='ocrx_word' id='word_1_41' title='bbox 1174 1019 1394 1092; x_wconf 91' lang='lat' dir='ltr'>quam</span> <span class='ocrx_word' id='word_1_42' title='bbox 1434 995 1668 1065; x_wconf 89' lang='lat' dir='ltr'>multa</span> <span class='ocrx_word' id='word_1_43' title='bbox 1708 1019 1859 1064; x_wconf 90' lang='lat' dir='ltr'>uon</span> <span class='ocrx_word' id='word_1_44' title='bbox 1904 995 2143 1065; x_wconf 87' lang='lat' dir='ltr'>solum</span> <span class='ocrx_word' id='word_1_45' title='bbox 2180 1011 2539 1094; x_wconf 83' lang='lat' dir='ltr'>praecepta</span> 
     </span>
     <span class='ocr_line' id='line_1_8' title="bbox 392 1103 2540 1202; baseline 0 -26"><span class='ocrx_word' id='word_1_46' title='bbox 392 1112 467 1177; x_wconf 91' lang='lat' dir='ltr'>in</span> <span class='ocrx_word' id='word_1_47' title='bbox 500 1105 811 1189; x_wconf 64' lang='lat' dir='ltr'>artibus»,</span> <span class='ocrx_word' id='word_1_48' title='bbox 848 1103 976 1176; x_wconf 88' lang='lat' dir='ltr'>sed</span> <span class='ocrx_word' id='word_1_49' title='bbox 1011 1106 1224 1176; x_wconf 87' lang='lat' dir='ltr'>etiam</span> <span class='ocrx_word' id='word_1_50' title='bbox 1257 1106 1589 1202; x_wconf 85' lang='lat' dir='ltr'>exempla</span> <span class='ocrx_word' id='word_1_51' title='bbox 1624 1108 1697 1176; x_wconf 91' lang='lat' dir='ltr'>in</span> <span class='ocrx_word' id='word_1_52' title='bbox 1732 1104 2185 1176; x_wconf 90' lang='lat' dir='ltr'>orationibus</span> <span class='ocrx_word' id='word_1_53' title='bbox 2217 1105 2407 1177; x_wconf 88' lang='lat' dir='ltr'>bene</span> <span class='ocrx_word' id='word_1_54' title='bbox 2437 1106 2540 1176; x_wconf 90' lang='lat' dir='ltr'>di·</span> 
     </span>
     <span class='ocr_line' id='line_1_9' title="bbox 390 1213 2531 1313; baseline -0 -27"><span class='ocrx_word' id='word_1_55' title='bbox 390 1217 629 1286; x_wconf 87' lang='lat' dir='ltr'>cendi¹</span> <span class='ocrx_word' id='word_1_56' title='bbox 650 1216 1148 1311; x_wconf 82' lang='lat' dir='ltr'>reliquerunt?</span> <span class='ocrx_word' id='word_1_57' title='bbox 1176 1219 1495 1285; x_wconf 88' lang='lat' dir='ltr'>Primum</span> <span class='ocrx_word' id='word_1_58' title='bbox 1519 1218 1709 1286; x_wconf 86' lang='lat' dir='ltr'>enim</span> <span class='ocrx_word' id='word_1_59' title='bbox 1735 1220 1884 1313; x_wconf 90' lang='lat' dir='ltr'>ipsa</span> <span class='ocrx_word' id='word_1_60' title='bbox 1903 1213 2049 1299; x_wconf 90' lang='lat' dir='ltr'>illa,</span> <span class='ocrx_word' id='word_1_61' title='bbox 2071 1239 2232 1311; x_wconf 82' lang='lat' dir='ltr'>quae</span> <span class='ocrx_word' id='word_1_62' title='bbox 2257 1214 2531 1287; x_wconf 90' lang='lat' dir='ltr'>subtili-</span> 
     </span>
     <span class='ocr_line' id='line_1_10' title="bbox 394 1323 2528 1423; baseline -0 -26"><span class='ocrx_word' id='word_1_63' title='bbox 394 1344 501 1397; x_wconf 85' lang='lat' dir='ltr'>ter</span> <span class='ocrx_word' id='word_1_64' title='bbox 517 1325 936 1398; x_wconf 88' lang='lat' dir='ltr'>disserenda</span> <span class='ocrx_word' id='word_1_65' title='bbox 957 1341 1186 1413; x_wconf 88' lang='lat' dir='ltr'>erant,</span> <span class='ocrx_word' id='word_1_66' title='bbox 1216 1326 1442 1423; x_wconf 86' lang='lat' dir='ltr'>polite</span> <span class='ocrx_word' id='word_1_67' title='bbox 1462 1340 1774 1422; x_wconf 84' lang='lat' dir='ltr'>apteque</span> <span class='ocrx_word' id='word_1_68' title='bbox 1789 1323 2150 1411; x_wconf 83' lang='lat' dir='ltr'>dixerunt,</span> <span class='ocrx_word' id='word_1_69' title='bbox 2167 1350 2393 1420; x_wconf 87' lang='lat' dir='ltr'>quum</span> <span class='ocrx_word' id='word_1_70' title='bbox 2413 1326 2528 1397; x_wconf 87' lang='lat' dir='ltr'>de·</span> 
     </span>
     <span class='ocr_line' id='line_1_11' title="bbox 390 1431 2530 1534; baseline -0 -27"><span class='ocrx_word' id='word_1_71' title='bbox 390 1437 762 1525; x_wconf 82' lang='lat' dir='ltr'>finienteS,</span> <span class='ocrx_word' id='word_1_72' title='bbox 800 1448 998 1508; x_wconf 78' lang='lat' dir='ltr'>tum²</span> <span class='ocrx_word' id='word_1_73' title='bbox 1033 1440 1466 1534; x_wconf 87' lang='lat' dir='ltr'>partientes:</span> <span class='ocrx_word' id='word_1_74' title='bbox 1508 1451 1589 1507; x_wconf 89' lang='lat' dir='ltr'>ut</span> <span class='ocrx_word' id='word_1_75' title='bbox 1614 1431 1880 1505; x_wconf 81' lang='lat' dir='ltr'>vestri³</span> <span class='ocrx_word' id='word_1_76' title='bbox 1927 1436 2185 1504; x_wconf 88' lang='lat' dir='ltr'>etiam:</span> <span class='ocrx_word' id='word_1_77' title='bbox 2233 1434 2359 1504; x_wconf 81' lang='lat' dir='ltr'>sed</span> <span class='ocrx_word' id='word_1_78' title='bbox 2401 1461 2530 1506; x_wconf 85' lang='lat' dir='ltr'>vos</span> 
     </span>
     <span class='ocr_line' id='line_1_12' title="bbox 389 1544 2597 1643; baseline 0 -26"><span class='ocrx_word' id='word_1_79' title='bbox 389 1546 812 1643; x_wconf 87' lang='lat' dir='ltr'>squalidius;</span> <span class='ocrx_word' id='word_1_80' title='bbox 841 1545 1168 1632; x_wconf 88' lang='lat' dir='ltr'>illorum,</span> <span class='ocrx_word' id='word_1_81' title='bbox 1203 1544 1399 1616; x_wconf 81' lang='lat' dir='ltr'>vides</span> <span class='ocrx_word' id='word_1_82' title='bbox 1421 1570 1680 1641; x_wconf 88' lang='lat' dir='ltr'>‚quam</span> <span class='ocrx_word' id='word_1_83' title='bbox 1712 1545 1933 1615; x_wconf 88' lang='lat' dir='ltr'>niteat</span> <span class='ocrx_word' id='word_1_84' title='bbox 1965 1548 2215 1615; x_wconf 84' lang='lat' dir='ltr'>orati0.</span> <span class='ocrx_word' id='word_1_85' title='bbox 2248 1546 2528 1617; x_wconf 88' lang='lat' dir='ltr'>Deinde</span> <span class='ocrx_word' id='word_1_86' title='bbox 2565 1572 2597 1617; x_wconf 79' lang='lat'><strong>6</strong></span> 
     </span>
    </p>
   </div>
   <div class='ocr_carea' id='block_1_5' title="bbox 278 1653 2528 1753">
    <p class='ocr_par' dir='ltr' id='par_1_5' title="bbox 278 1653 2528 1753">
     <span class='ocr_line' id='line_1_13' title="bbox 278 1653 2528 1753; baseline -0.001 -27"><span class='ocrx_word' id='word_1_87' title='bbox 278 1658 287 1667; x_wconf 87' lang='lat'>&#39;</span> <span class='ocrx_word' id='word_1_88' title='bbox 388 1681 505 1743; x_wconf 87' lang='lat' dir='ltr'>ea,</span> <span class='ocrx_word' id='word_1_89' title='bbox 552 1681 713 1753; x_wconf 82' lang='lat' dir='ltr'>quae</span> <span class='ocrx_word' id='word_1_90' title='bbox 762 1653 1224 1752; x_wconf 86' lang='lat' dir='ltr'>requirebant</span> <span class='ocrx_word' id='word_1_91' title='bbox 1264 1656 1666 1726; x_wconf 85' lang='lat' dir='ltr'>orationem</span> <span class='ocrx_word' id='word_1_92' title='bbox 1710 1670 2038 1725; x_wconf 88' lang='lat' dir='ltr'>ornatam</span> <span class='ocrx_word' id='word_1_93' title='bbox 2089 1669 2159 1725; x_wconf 87' lang='lat' dir='ltr'>et</span> <span class='ocrx_word' id='word_1_94' title='bbox 2200 1680 2528 1751; x_wconf 86' lang='lat' dir='ltr'>gravem,</span> 
     </span>
    </p>
   </div>
   <div class='ocr_carea' id='block_1_6' title="bbox 387 1763 2531 1969">
    <p class='ocr_par' dir='ltr' id='par_1_6' title="bbox 387 1763 2531 1969">
     <span class='ocr_line' id='line_1_14' title="bbox 387 1763 2530 1862; baseline 0 -27"><span class='ocrx_word' id='word_1_95' title='bbox 387 1791 604 1861; x_wconf 90' lang='lat' dir='ltr'>quam</span> <span class='ocrx_word' id='word_1_96' title='bbox 652 1763 1031 1862; x_wconf 87' lang='lat' dir='ltr'>magnifice</span> <span class='ocrx_word' id='word_1_97' title='bbox 1062 1778 1231 1834; x_wconf 89' lang='lat' dir='ltr'>sunt</span> <span class='ocrx_word' id='word_1_98' title='bbox 1268 1763 1458 1834; x_wconf 89' lang='lat' dir='ltr'>dicta</span> <span class='ocrx_word' id='word_1_99' title='bbox 1496 1763 1589 1833; x_wconf 91' lang='lat' dir='ltr'>ab</span> <span class='ocrx_word' id='word_1_100' title='bbox 1629 1764 1811 1833; x_wconf 81' lang='lat' dir='ltr'>illis?</span> <span class='ocrx_word' id='word_1_101' title='bbox 1853 1789 2073 1861; x_wconf 90' lang='lat' dir='ltr'>quam</span> <span class='ocrx_word' id='word_1_102' title='bbox 2109 1764 2530 1862; x_wconf 75' lang='lat' dir='ltr'>splendide?</span> 
     </span>
     <span class='ocr_line' id='line_1_15' title="bbox 388 1871 2531 1969; baseline 0.001 -26"><span class='ocrx_word' id='word_1_103' title='bbox 388 1875 479 1944; x_wconf 77' lang='lat' dir='ltr'>cle</span> <span class='ocrx_word' id='word_1_104' title='bbox 514 1876 788 1969; x_wconf 86' lang='lat' dir='ltr'>justitia</span> <span class='ocrx_word' id='word_1_105' title='bbox 818 1929 836 1961; x_wconf 92' lang='lat'>,</span> <span class='ocrx_word' id='word_1_106' title='bbox 873 1874 963 1944; x_wconf 87' lang='lat' dir='ltr'>de</span> <span class='ocrx_word' id='word_1_107' title='bbox 996 1871 1456 1957; x_wconf 78' lang='lat' dir='ltr'>fortitudine,</span> <span class='ocrx_word' id='word_1_108' title='bbox 1499 1873 1590 1944; x_wconf 89' lang='lat' dir='ltr'>de</span> <span class='ocrx_word' id='word_1_109' title='bbox 1633 1877 1943 1946; x_wconf 87' lang='lat' dir='ltr'>amicitia</span> <span class='ocrx_word' id='word_1_110' title='bbox 1969 1930 1988 1963; x_wconf 92' lang='lat'>,</span> <span class='ocrx_word' id='word_1_111' title='bbox 2029 1874 2120 1947; x_wconf 91' lang='lat' dir='ltr'>de</span> <span class='ocrx_word' id='word_1_112' title='bbox 2164 1889 2370 1968; x_wconf 79' lang='lat' dir='ltr'>aetate</span> <span class='ocrx_word' id='word_1_113' title='bbox 2408 1875 2531 1946; x_wconf 82' lang='lat' dir='ltr'>de-</span> 
     </span>
    </p>
   </div>
   <div class='ocr_carea' id='block_1_7' title="bbox 382 2052 1417 4249">
    <p class='ocr_par' dir='ltr' id='par_1_7' title="bbox 387 2052 1414 2496">
     <span class='ocr_line' id='line_1_16' title="bbox 466 2052 1405 2116; baseline 0 -17"><span class='ocrx_word' id='word_1_114' title='bbox 466 2067 547 2101; x_wconf 74' lang='lat' dir='ltr'>ta.</span> <span class='ocrx_word' id='word_1_115' title='bbox 570 2055 694 2100; x_wconf 83' lang='lat' dir='ltr'>Eum</span> <span class='ocrx_word' id='word_1_116' title='bbox 715 2053 888 2101; x_wconf 81' lang='lat' dir='ltr'>Iocum.</span> <span class='ocrx_word' id='word_1_117' title='bbox 909 2053 1036 2116; x_wconf 88' lang='lat' dir='ltr'>Spir.</span> <span class='ocrx_word' id='word_1_118' title='bbox 1054 2064 1103 2101; x_wconf 85' lang='lat' dir='ltr'>et</span> <span class='ocrx_word' id='word_1_119' title='bbox 1124 2052 1224 2102; x_wconf 82' lang='lat' dir='ltr'>Erl.</span> <span class='ocrx_word' id='word_1_120' title='bbox 1245 2052 1405 2108; x_wconf 76' lang='lat' dir='ltr'>illum,-</span> 
     </span>
     <span class='ocr_line' id='line_1_17' title="bbox 387 2131 1412 2194; baseline 0.003 -17"><span class='ocrx_word' id='word_1_121' title='bbox 387 2131 520 2194; x_wconf 85' lang='lat' dir='ltr'>quod</span> <span class='ocrx_word' id='word_1_122' title='bbox 535 2167 550 2191; x_wconf 90' lang='lat'>,</span> <span class='ocrx_word' id='word_1_123' title='bbox 569 2143 626 2181; x_wconf 90' lang='lat' dir='ltr'>ut</span> <span class='ocrx_word' id='word_1_124' title='bbox 650 2132 711 2181; x_wconf 86' lang='lat' dir='ltr'>de</span> <span class='ocrx_word' id='word_1_125' title='bbox 732 2148 783 2180; x_wconf 90' lang='lat' dir='ltr'>re</span> <span class='ocrx_word' id='word_1_126' title='bbox 804 2132 1062 2180; x_wconf 80' lang='lat' dir='ltr'>remotiore</span> <span class='ocrx_word' id='word_1_127' title='bbox 1077 2166 1092 2191; x_wconf 91' lang='lat'>,</span> <span class='ocrx_word' id='word_1_128' title='bbox 1114 2142 1164 2180; x_wconf 89' lang='lat' dir='ltr'>et</span> <span class='ocrx_word' id='word_1_129' title='bbox 1188 2132 1341 2180; x_wconf 86' lang='lat' dir='ltr'>modo</span> <span class='ocrx_word' id='word_1_130' title='bbox 1362 2133 1412 2181; x_wconf 89' lang='lat' dir='ltr'>iu</span> 
     </span>
     <span class='ocr_line' id='line_1_18' title="bbox 389 2210 1414 2268; baseline 0.003 -12"><span class='ocrx_word' id='word_1_131' title='bbox 389 2211 592 2259; x_wconf 88' lang='lat' dir='ltr'>transitu</span> <span class='ocrx_word' id='word_1_132' title='bbox 652 2211 922 2268; x_wconf 88' lang='lat' dir='ltr'>monenda,</span> <span class='ocrx_word' id='word_1_133' title='bbox 986 2210 1160 2259; x_wconf 87' lang='lat' dir='ltr'>rectius</span> <span class='ocrx_word' id='word_1_134' title='bbox 1203 2223 1292 2259; x_wconf 84' lang='lat' dir='ltr'>est.</span> <span class='ocrx_word' id='word_1_135' title='bbox 1354 2214 1414 2259; x_wconf 91' lang='lat' dir='ltr'>In</span> 
     </span>
     <span class='ocr_line' id='line_1_19' title="bbox 389 2290 1413 2354; baseline 0.003 -19"><span class='ocrx_word' id='word_1_136' title='bbox 389 2291 623 2352; x_wconf 80' lang='lat' dir='ltr'>proximis</span> <span class='ocrx_word' id='word_1_137' title='bbox 644 2301 742 2338; x_wconf 87' lang='lat' dir='ltr'>tres</span> <span class='ocrx_word' id='word_1_138' title='bbox 762 2290 936 2354; x_wconf 86' lang='lat' dir='ltr'>optimi</span> <span class='ocrx_word' id='word_1_139' title='bbox 959 2292 1115 2337; x_wconf 86' lang='lat' dir='ltr'>nostri</span> <span class='ocrx_word' id='word_1_140' title='bbox 1144 2291 1308 2339; x_wconf 81' lang='lat' dir='ltr'>Graeci</span> <span class='ocrx_word' id='word_1_141' title='bbox 1332 2290 1413 2338; x_wconf 85' lang='lat' dir='ltr'>fir-</span> 
     </span>
     <span class='ocr_line' id='line_1_20' title="bbox 389 2371 1414 2434; baseline 0.003 -20"><span class='ocrx_word' id='word_1_142' title='bbox 389 2380 548 2428; x_wconf 85' lang='lat' dir='ltr'>mant,</span> <span class='ocrx_word' id='word_1_143' title='bbox 600 2386 753 2433; x_wconf 84' lang='lat' dir='ltr'>quum</span> <span class='ocrx_word' id='word_1_144' title='bbox 797 2381 909 2418; x_wconf 82' lang='lat' dir='ltr'>aute</span> <span class='ocrx_word' id='word_1_145' title='bbox 956 2371 1206 2417; x_wconf 83' lang='lat' dir='ltr'>Davisium</span> <span class='ocrx_word' id='word_1_146' title='bbox 1252 2386 1414 2434; x_wconf 55' lang='grc' dir='ltr'>ἕνεκα</span> 
     </span>
     <span class='ocr_line' id='line_1_21' title="bbox 388 2446 724 2496; baseline 0.006 -3"><span class='ocrx_word' id='word_1_147' title='bbox 388 2446 630 2496; x_wconf 80' lang='lat' dir='ltr'>ederetur.</span> <span class='ocrx_word' id='word_1_148' title='bbox 662 2448 724 2495; x_wconf 90' lang='lat' dir='ltr'>G.</span> 
     </span>
    </p>

    <p class='ocr_par' dir='ltr' id='par_1_8' title="bbox 388 2525 1414 2732">
     <span class='ocr_line' id='line_1_22' title="bbox 466 2525 1413 2577; baseline 0.001 -4"><span class='ocrx_word' id='word_1_149' title='bbox 466 2529 549 2576; x_wconf 84' lang='lat'>13.</span> <span class='ocrx_word' id='word_1_150' title='bbox 588 2527 752 2574; x_wconf 63' lang='grc' dir='ltr'>(ἱνα-σι’</span> <span class='ocrx_word' id='word_1_151' title='bbox 771 2525 1023 2576; x_wconf 74' lang='grc' dir='ltr'><strong>πολιτικόν.</strong></span> <span class='ocrx_word' id='word_1_152' title='bbox 1053 2529 1173 2576; x_wconf 76' lang='lat' dir='ltr'>Hoec</span> <span class='ocrx_word' id='word_1_153' title='bbox 1204 2529 1413 2577; x_wconf 78' lang='lat' dir='ltr'>Goerenz</span> 
     </span>
     <span class='ocr_line' id='line_1_23' title="bbox 388 2604 1414 2669; baseline 0.001 -17"><span class='ocrx_word' id='word_1_154' title='bbox 388 2607 665 2669; x_wconf 75' lang='lat' dir='ltr'>parenthesi</span> <span class='ocrx_word' id='word_1_155' title='bbox 707 2604 918 2654; x_wconf 84' lang='lat' dir='ltr'>includit</span> <span class='ocrx_word' id='word_1_156' title='bbox 936 2640 951 2666; x_wconf 86' lang='lat'>,</span> <span class='ocrx_word' id='word_1_157' title='bbox 988 2606 1119 2655; x_wconf 85' lang='lat' dir='ltr'>nulla</span> <span class='ocrx_word' id='word_1_158' title='bbox 1161 2607 1305 2655; x_wconf 84' lang='lat' dir='ltr'>allata</span> <span class='ocrx_word' id='word_1_159' title='bbox 1343 2623 1414 2653; x_wconf 87' lang='lat' dir='ltr'>ra-</span> 
     </span>
     <span class='ocr_line' id='line_1_24' title="bbox 388 2685 537 2732; baseline 0 -1"><span class='ocrx_word' id='word_1_160' title='bbox 388 2685 537 2732; x_wconf 86' lang='lat' dir='ltr'>tione.</span> 
     </span>
    </p>

    <p class='ocr_par' dir='ltr' id='par_1_9' title="bbox 382 2765 1417 4249">
     <span class='ocr_line' id='line_1_25' title="bbox 456 2765 1413 2825; baseline 0.003 -14"><span class='ocrx_word' id='word_1_161' title='bbox 456 2766 551 2811; x_wconf 91' lang='lat'>111.</span> <span class='ocrx_word' id='word_1_162' title='bbox 606 2780 650 2812; x_wconf 78' lang='grc' dir='ltr'>ι.</span> <span class='ocrx_word' id='word_1_163' title='bbox 698 2765 855 2825; x_wconf 83' lang='lat' dir='ltr'>Quam</span> <span class='ocrx_word' id='word_1_164' title='bbox 911 2765 1065 2813; x_wconf 76' lang='lat' dir='ltr'>multa</span> <span class='ocrx_word' id='word_1_165' title='bbox 1109 2782 1208 2813; x_wconf 81' lang='lat' dir='ltr'>non</span> <span class='ocrx_word' id='word_1_166' title='bbox 1255 2766 1413 2814; x_wconf 80' lang='lat' dir='ltr'>solum</span> 
     </span>
     <span class='ocr_line' id='line_1_26' title="bbox 382 2841 1414 2907; baseline 0.005 -19"><span class='ocrx_word' id='word_1_167' title='bbox 382 2854 632 2906; x_wconf 74' lang='lat' dir='ltr'>pra-cepta</span> <span class='ocrx_word' id='word_1_168' title='bbox 644 2841 694 2889; x_wconf 78' lang='lat' dir='ltr'>in</span> <span class='ocrx_word' id='word_1_169' title='bbox 707 2845 910 2903; x_wconf 77' lang='lat' dir='ltr'>arcibus,</span> <span class='ocrx_word' id='word_1_170' title='bbox 926 2844 1167 2892; x_wconf 77' lang='lat' dir='ltr'>sedetiam</span> <span class='ocrx_word' id='word_1_171' title='bbox 1185 2846 1414 2907; x_wconf 71' lang='lat' dir='ltr'>exempla</span> 
     </span>
     <span class='ocr_line' id='line_1_27' title="bbox 386 2919 1414 2973; baseline 0.008 -8"><span class='ocrx_word' id='word_1_172' title='bbox 386 2920 435 2967; x_wconf 78' lang='lat' dir='ltr'>in</span> <span class='ocrx_word' id='word_1_173' title='bbox 454 2919 770 2973; x_wconf 68' lang='lat' dir='ltr'>,orationibus</span> <span class='ocrx_word' id='word_1_174' title='bbox 802 2921 922 2969; x_wconf 80' lang='lat' dir='ltr'>bene</span> <span class='ocrx_word' id='word_1_175' title='bbox 957 2921 1171 2972; x_wconf 78' lang='lat' dir='ltr'>dicendi.</span> <span class='ocrx_word' id='word_1_176' title='bbox 1205 2926 1414 2972; x_wconf 81' lang='lat' dir='ltr'>Goereuz</span> 
     </span>
     <span class='ocr_line' id='line_1_28' title="bbox 388 2998 1412 3062; baseline 0.003 -15"><span class='ocrx_word' id='word_1_177' title='bbox 388 3000 554 3048; x_wconf 86' lang='lat' dir='ltr'>scribit</span> <span class='ocrx_word' id='word_1_178' title='bbox 569 2998 851 3057; x_wconf 75' lang='lat' dir='ltr'>rationibus,</span> <span class='ocrx_word' id='word_1_179' title='bbox 871 3015 973 3046; x_wconf 90' lang='lat' dir='ltr'>non</span> <span class='ocrx_word' id='word_1_180' title='bbox 996 3011 1122 3049; x_wconf 80' lang='lat' dir='ltr'>orat.</span> <span class='ocrx_word' id='word_1_181' title='bbox 1149 3002 1412 3062; x_wconf 72' lang='lat' dir='ltr'>Quaenam,</span> 
     </span>
     <span class='ocr_line' id='line_1_29' title="bbox 390 3079 1413 3145; baseline 0.004 -19"><span class='ocrx_word' id='word_1_182' title='bbox 390 3080 549 3143; x_wconf 86' lang='lat' dir='ltr'>inquit</span> <span class='ocrx_word' id='word_1_183' title='bbox 566 3116 581 3140; x_wconf 90' lang='lat'>,</span> <span class='ocrx_word' id='word_1_184' title='bbox 616 3094 804 3142; x_wconf 81' lang='lat' dir='ltr'>quaeso,</span> <span class='ocrx_word' id='word_1_185' title='bbox 848 3079 1094 3126; x_wconf 79' lang='lat' dir='ltr'>orationes</span> <span class='ocrx_word' id='word_1_186' title='bbox 1117 3091 1233 3127; x_wconf 88' lang='lat' dir='ltr'>sunt</span> <span class='ocrx_word' id='word_1_187' title='bbox 1252 3114 1267 3138; x_wconf 91' lang='lat'>,</span> <span class='ocrx_word' id='word_1_188' title='bbox 1294 3098 1413 3145; x_wconf 83' lang='lat' dir='ltr'>quas</span> 
     </span>
     <span class='ocr_line' id='line_1_30' title="bbox 389 3158 1416 3224; baseline 0.003 -19"><span class='ocrx_word' id='word_1_189' title='bbox 389 3159 670 3206; x_wconf 78' lang='lat' dir='ltr'>Academici</span> <span class='ocrx_word' id='word_1_190' title='bbox 696 3169 744 3205; x_wconf 86' lang='lat' dir='ltr'>et</span> <span class='ocrx_word' id='word_1_191' title='bbox 785 3158 1093 3221; x_wconf 79' lang='lat' dir='ltr'>Peripatetici</span> <span class='ocrx_word' id='word_1_192' title='bbox 1128 3159 1416 3224; x_wconf 79' lang='lat' dir='ltr'>philosophi</span> 
     </span>
     <span class='ocr_line' id='line_1_31' title="bbox 388 3235 1413 3301; baseline 0.001 -17"><span class='ocrx_word' id='word_1_193' title='bbox 388 3236 638 3300; x_wconf 79' lang='lat' dir='ltr'>reliquisse</span> <span class='ocrx_word' id='word_1_194' title='bbox 682 3235 949 3284; x_wconf 83' lang='lat' dir='ltr'>dicantur?</span> <span class='ocrx_word' id='word_1_195' title='bbox 993 3237 1244 3301; x_wconf 80' lang='lat' dir='ltr'>Nusquam</span> <span class='ocrx_word' id='word_1_196' title='bbox 1282 3239 1413 3285; x_wconf 87' lang='lat' dir='ltr'>enim</span> 
     </span>
     <span class='ocr_line' id='line_1_32' title="bbox 389 3315 1416 3380; baseline -0.001 -16"><span class='ocrx_word' id='word_1_197' title='bbox 389 3329 486 3365; x_wconf 80' lang='lat' dir='ltr'>tam</span> <span class='ocrx_word' id='word_1_198' title='bbox 511 3332 629 3380; x_wconf 80' lang='lat' dir='ltr'>vage</span> <span class='ocrx_word' id='word_1_199' title='bbox 648 3315 890 3364; x_wconf 77' lang='lat' dir='ltr'>oraciones</span> <span class='ocrx_word' id='word_1_200' title='bbox 910 3316 971 3364; x_wconf 87' lang='lat' dir='ltr'>de</span> <span class='ocrx_word' id='word_1_201' title='bbox 994 3316 1270 3379; x_wconf 74' lang='lat' dir='ltr'>quibusque</span> <span class='ocrx_word' id='word_1_202' title='bbox 1290 3318 1416 3364; x_wconf 82' lang='lat' dir='ltr'>scri-</span> 
     </span>
     <span class='ocr_line' id='line_1_33' title="bbox 389 3395 1414 3462; baseline -0.001 -18"><span class='ocrx_word' id='word_1_203' title='bbox 389 3397 487 3460; x_wconf 87' lang='lat' dir='ltr'>ptis</span> <span class='ocrx_word' id='word_1_204' title='bbox 522 3397 721 3446; x_wconf 88' lang='lat' dir='ltr'>:minus</span> <span class='ocrx_word' id='word_1_205' title='bbox 763 3399 908 3445; x_wconf 83' lang='lat' dir='ltr'>etiam</span> <span class='ocrx_word' id='word_1_206' title='bbox 946 3395 1007 3443; x_wconf 88' lang='lat' dir='ltr'>de</span> <span class='ocrx_word' id='word_1_207' title='bbox 1055 3396 1414 3462; x_wconf 70' lang='lat' dir='ltr'>philosophicis</span> 
     </span>
     <span class='ocr_line' id='line_1_34' title="bbox 388 3474 1416 3524; baseline 0.001 -2"><span class='ocrx_word' id='word_1_208' title='bbox 388 3475 633 3524; x_wconf 86' lang='lat' dir='ltr'>dicuntur.</span> <span class='ocrx_word' id='word_1_209' title='bbox 651 3475 869 3524; x_wconf 87' lang='lat' dir='ltr'>Turbato</span> <span class='ocrx_word' id='word_1_210' title='bbox 889 3474 1030 3521; x_wconf 87' lang='lat' dir='ltr'>etiam</span> <span class='ocrx_word' id='word_1_211' title='bbox 1050 3474 1221 3523; x_wconf 80' lang='lat' dir='ltr'>ordine</span> <span class='ocrx_word' id='word_1_212' title='bbox 1242 3487 1416 3524; x_wconf 83' lang='lat' dir='ltr'>auctor</span> 
     </span>
     <span class='ocr_line' id='line_1_35' title="bbox 388 3553 1415 3619; baseline 0.001 -18"><span class='ocrx_word' id='word_1_213' title='bbox 388 3557 456 3602; x_wconf 85' lang='lat' dir='ltr'>sic</span> <span class='ocrx_word' id='word_1_214' title='bbox 496 3556 792 3619; x_wconf 81' lang='lat' dir='ltr'>scripsisset,</span> <span class='ocrx_word' id='word_1_215' title='bbox 832 3570 984 3618; x_wconf 87' lang='lat' dir='ltr'>quum</span> <span class='ocrx_word' id='word_1_216' title='bbox 1021 3554 1267 3602; x_wconf 78' lang='lat' dir='ltr'>orationes</span> <span class='ocrx_word' id='word_1_217' title='bbox 1293 3553 1415 3603; x_wconf 83' lang='lat' dir='ltr'>bene</span> 
     </span>
     <span class='ocr_line' id='line_1_36' title="bbox 387 3632 1415 3697; baseline 0.001 -16"><span class='ocrx_word' id='word_1_218' title='bbox 387 3632 585 3682; x_wconf 73' lang='lat' dir='ltr'>dicendi</span> <span class='ocrx_word' id='word_1_219' title='bbox 612 3634 755 3697; x_wconf 82' lang='lat' dir='ltr'>jungi</span> <span class='ocrx_word' id='word_1_220' title='bbox 781 3645 1004 3696; x_wconf 78' lang='lat' dir='ltr'>nequeat.</span> <span class='ocrx_word' id='word_1_221' title='bbox 1035 3634 1155 3681; x_wconf 90' lang='lat' dir='ltr'>Inde</span> <span class='ocrx_word' id='word_1_222' title='bbox 1190 3650 1278 3682; x_wconf 91' lang='lat' dir='ltr'>nos</span> <span class='ocrx_word' id='word_1_223' title='bbox 1305 3636 1415 3697; x_wconf 89' lang='lat' dir='ltr'>qui·</span> 
     </span>
     <span class='ocr_line' id='line_1_37' title="bbox 390 3713 1415 3771; baseline 0.001 -10"><span class='ocrx_word' id='word_1_224' title='bbox 390 3713 499 3761; x_wconf 83' lang='lat' dir='ltr'>dem</span> <span class='ocrx_word' id='word_1_225' title='bbox 553 3715 806 3762; x_wconf 83' lang='lat' dir='ltr'>certissimi</span> <span class='ocrx_word' id='word_1_226' title='bbox 858 3730 1049 3771; x_wconf 87' lang='lat' dir='ltr'>sumus,</span> <span class='ocrx_word' id='word_1_227' title='bbox 1102 3714 1415 3762; x_wconf 84' lang='lat' dir='ltr'>scribendum</span> 
     </span>
     <span class='ocr_line' id='line_1_38' title="bbox 390 3792 1417 3855; baseline 0 -15"><span class='ocrx_word' id='word_1_228' title='bbox 390 3810 490 3840; x_wconf 82' lang='lat' dir='ltr'>esse</span> <span class='ocrx_word' id='word_1_229' title='bbox 517 3792 800 3841; x_wconf 76' lang='lat' dir='ltr'>rationibus.</span> <span class='ocrx_word' id='word_1_230' title='bbox 820 3792 972 3854; x_wconf 88' lang='lat' dir='ltr'>Quod</span> <span class='ocrx_word' id='word_1_231' title='bbox 998 3808 1112 3839; x_wconf 84' lang='lat' dir='ltr'>sane</span> <span class='ocrx_word' id='word_1_232' title='bbox 1131 3793 1281 3855; x_wconf 78' lang='lat' dir='ltr'>magis</span> <span class='ocrx_word' id='word_1_233' title='bbox 1298 3794 1417 3840; x_wconf 78' lang='lat' dir='ltr'>arri·</span> 
     </span>
     <span class='ocr_line' id='line_1_39' title="bbox 392 3872 1414 3935; baseline 0.002 -18"><span class='ocrx_word' id='word_1_234' title='bbox 392 3872 553 3930; x_wconf 87' lang='lat' dir='ltr'>debit,</span> <span class='ocrx_word' id='word_1_235' title='bbox 583 3872 665 3920; x_wconf 90' lang='lat' dir='ltr'>ubi</span> <span class='ocrx_word' id='word_1_236' title='bbox 697 3873 1002 3935; x_wconf 65' lang='lat' dir='ltr'>quasit-eris,</span> <span class='ocrx_word' id='word_1_237' title='bbox 1033 3888 1254 3935; x_wconf 79' lang='lat' dir='ltr'>quaenam</span> <span class='ocrx_word' id='word_1_238' title='bbox 1292 3873 1341 3919; x_wconf 90' lang='lat' dir='ltr'>b.</span> <span class='ocrx_word' id='word_1_239' title='bbox 1380 3872 1414 3919; x_wconf 88' lang='lat' dir='ltr'>l.</span> 
     </span>
     <span class='ocr_line' id='line_1_40' title="bbox 393 3952 1412 4010; baseline 0.006 -17"><span class='ocrx_word' id='word_1_240' title='bbox 393 3962 522 3998; x_wconf 79' lang='lat' dir='ltr'>artes</span> <span class='ocrx_word' id='word_1_241' title='bbox 556 3952 798 3999; x_wconf 87' lang='lat' dir='ltr'>dicantur.</span> <span class='ocrx_word' id='word_1_242' title='bbox 840 3953 890 3999; x_wconf 87' lang='lat' dir='ltr'>Si</span> <span class='ocrx_word' id='word_1_243' title='bbox 925 3952 1054 3999; x_wconf 87' lang='lat' dir='ltr'>enim</span> <span class='ocrx_word' id='word_1_244' title='bbox 1092 3952 1412 4010; x_wconf 75' lang='lat' dir='ltr'>intellexeris,</span> 
     </span>
     <span class='ocr_line' id='line_1_41' title="bbox 392 4028 1413 4095; baseline 0.006 -22"><span class='ocrx_word' id='word_1_245' title='bbox 392 4039 521 4075; x_wconf 72' lang='lat' dir='ltr'>certes</span> <span class='ocrx_word' id='word_1_246' title='bbox 556 4028 631 4077; x_wconf 84' lang='lat' dir='ltr'>vel</span> <span class='ocrx_word' id='word_1_247' title='bbox 659 4029 943 4094; x_wconf 85' lang='lat' dir='ltr'>simpliciter</span> <span class='ocrx_word' id='word_1_248' title='bbox 969 4032 1193 4080; x_wconf 78' lang='lat' dir='ltr'>Ciceroni</span> <span class='ocrx_word' id='word_1_249' title='bbox 1236 4033 1413 4095; x_wconf 80' lang='lat' dir='ltr'>scripta</span> 
     </span>
     <span class='ocr_line' id='line_1_42' title="bbox 394 4106 1410 4171; baseline 0.009 -21"><span class='ocrx_word' id='word_1_250' title='bbox 394 4106 634 4156; x_wconf 76' lang='lat' dir='ltr'>rhetorica</span> <span class='ocrx_word' id='word_1_251' title='bbox 670 4109 796 4167; x_wconf 89' lang='lat' dir='ltr'>dici,</span> <span class='ocrx_word' id='word_1_252' title='bbox 834 4113 900 4159; x_wconf 81' lang='lat' dir='ltr'>cs.</span> <span class='ocrx_word' id='word_1_253' title='bbox 942 4116 1080 4160; x_wconf 81' lang='lat' dir='ltr'>Orat.</span> <span class='ocrx_word' id='word_1_254' title='bbox 1114 4113 1189 4169; x_wconf 90' lang='lat'>11,</span> <span class='ocrx_word' id='word_1_255' title='bbox 1226 4109 1317 4171; x_wconf 80' lang='lat'>15,</span> <span class='ocrx_word' id='word_1_256' title='bbox 1346 4112 1410 4167; x_wconf 74' lang='lat'>64</span> 
     </span>
     <span class='ocr_line' id='line_1_43' title="bbox 391 4186 1411 4249; baseline 0.008 -17"><span class='ocrx_word' id='word_1_257' title='bbox 391 4198 434 4232; x_wconf 76' lang='lat' dir='ltr'>rt</span> <span class='ocrx_word' id='word_1_258' title='bbox 455 4188 542 4246; x_wconf 78' lang='lat'>65,</span> <span class='ocrx_word' id='word_1_259' title='bbox 564 4186 657 4234; x_wconf 81' lang='lat' dir='ltr'>hoc</span> <span class='ocrx_word' id='word_1_260' title='bbox 677 4188 786 4236; x_wconf 92' lang='lat' dir='ltr'>loco</span> <span class='ocrx_word' id='word_1_261' title='bbox 809 4193 965 4239; x_wconf 85' lang='lat' dir='ltr'>minus</span> <span class='ocrx_word' id='word_1_262' title='bbox 985 4193 1126 4239; x_wconf 82' lang='lat' dir='ltr'>ctiam</span> <span class='ocrx_word' id='word_1_263' title='bbox 1148 4192 1411 4249; x_wconf 78' lang='lat' dir='ltr'>miraberis,</span> 
     </span>
    </p>
   </div>
   <div class='ocr_carea' id='block_1_8' title="bbox 1499 2053 2536 4241">
    <p class='ocr_par' dir='ltr' id='par_1_10' title="bbox 1499 2053 2536 3463">
     <span class='ocr_line' id='line_1_44' title="bbox 1507 2053 2530 2105; baseline 0.006 -6"><span class='ocrx_word' id='word_1_264' title='bbox 1507 2053 1547 2099; x_wconf 81' lang='lat' dir='ltr'>si</span> <span class='ocrx_word' id='word_1_265' title='bbox 1585 2064 1715 2101; x_wconf 77' lang='lat' dir='ltr'>artes</span> <span class='ocrx_word' id='word_1_266' title='bbox 1740 2055 1858 2102; x_wconf 80' lang='lat' dir='ltr'>bene</span> <span class='ocrx_word' id='word_1_267' title='bbox 1895 2053 2092 2101; x_wconf 76' lang='lat' dir='ltr'>dicendi</span> <span class='ocrx_word' id='word_1_268' title='bbox 2124 2055 2255 2102; x_wconf 86' lang='lat' dir='ltr'>idem</span> <span class='ocrx_word' id='word_1_269' title='bbox 2280 2054 2530 2105; x_wconf 85' lang='lat' dir='ltr'>dicuutur.</span> 
     </span>
     <span class='ocr_line' id='line_1_45' title="bbox 1507 2134 2533 2199; baseline 0.004 -20"><span class='ocrx_word' id='word_1_270' title='bbox 1507 2134 1582 2179; x_wconf 85' lang='lat' dir='ltr'>Ita</span> <span class='ocrx_word' id='word_1_271' title='bbox 1614 2149 1730 2181; x_wconf 87' lang='lat' dir='ltr'>vero</span> <span class='ocrx_word' id='word_1_272' title='bbox 1763 2134 1956 2182; x_wconf 76' lang='lat' dir='ltr'>facilius</span> <span class='ocrx_word' id='word_1_273' title='bbox 1979 2135 2121 2182; x_wconf 85' lang='lat' dir='ltr'>etiam</span> <span class='ocrx_word' id='word_1_274' title='bbox 2155 2135 2424 2199; x_wconf 80' lang='lat' dir='ltr'>intelliges,</span> <span class='ocrx_word' id='word_1_275' title='bbox 2451 2152 2533 2183; x_wconf 86' lang='lat' dir='ltr'>ra-</span> 
     </span>
     <span class='ocr_line' id='line_1_46' title="bbox 1500 2211 2535 2278; baseline 0.004 -21"><span class='ocrx_word' id='word_1_276' title='bbox 1500 2211 1654 2259; x_wconf 77' lang='lat' dir='ltr'>tiones</span> <span class='ocrx_word' id='word_1_277' title='bbox 1691 2211 1808 2259; x_wconf 81' lang='lat' dir='ltr'>bene</span> <span class='ocrx_word' id='word_1_278' title='bbox 1847 2212 2048 2260; x_wconf 79' lang='lat' dir='ltr'>dicendi</span> <span class='ocrx_word' id='word_1_279' title='bbox 2087 2213 2335 2261; x_wconf 87' lang='lat' dir='ltr'>scribendi</span> <span class='ocrx_word' id='word_1_280' title='bbox 2384 2229 2535 2278; x_wconf 78' lang='lat' dir='ltr'>genus</span> 
     </span>
     <span class='ocr_line' id='line_1_47' title="bbox 1500 2293 2536 2357; baseline 0.003 -20"><span class='ocrx_word' id='word_1_281' title='bbox 1500 2301 1717 2354; x_wconf 86' lang='lat' dir='ltr'>spectare</span> <span class='ocrx_word' id='word_1_282' title='bbox 1742 2293 1793 2338; x_wconf 90' lang='lat' dir='ltr'>in</span> <span class='ocrx_word' id='word_1_283' title='bbox 1817 2293 1961 2339; x_wconf 84' lang='lat' dir='ltr'>variis</span> <span class='ocrx_word' id='word_1_284' title='bbox 1987 2293 2400 2357; x_wconf 85' lang='lat' dir='ltr'>philosophorum</span> <span class='ocrx_word' id='word_1_285' title='bbox 2420 2293 2536 2340; x_wconf 83' lang='lat' dir='ltr'>scri-</span> 
     </span>
     <span class='ocr_line' id='line_1_48' title="bbox 1500 2370 2531 2436; baseline 0.003 -20"><span class='ocrx_word' id='word_1_286' title='bbox 1500 2370 1803 2434; x_wconf 82' lang='lat' dir='ltr'>ptis‚vatium</span> <span class='ocrx_word' id='word_1_287' title='bbox 1816 2370 2125 2433; x_wconf 84' lang='lat' dir='ltr'>quidem,sed</span> <span class='ocrx_word' id='word_1_288' title='bbox 2144 2372 2269 2420; x_wconf 87' lang='lat' dir='ltr'>adeo</span> <span class='ocrx_word' id='word_1_289' title='bbox 2284 2383 2531 2436; x_wconf 89' lang='lat' dir='ltr'>comptum</span> 
     </span>
     <span class='ocr_line' id='line_1_49' title="bbox 1500 2449 2535 2515; baseline -0.002 -17"><span class='ocrx_word' id='word_1_290' title='bbox 1500 2461 1547 2498; x_wconf 88' lang='lat' dir='ltr'>et</span> <span class='ocrx_word' id='word_1_291' title='bbox 1567 2449 1760 2515; x_wconf 78' lang='lat' dir='ltr'>elegans</span> <span class='ocrx_word' id='word_1_292' title='bbox 1776 2484 1790 2508; x_wconf 90' lang='lat'>,</span> <span class='ocrx_word' id='word_1_293' title='bbox 1809 2461 1866 2497; x_wconf 90' lang='lat' dir='ltr'>ut</span> <span class='ocrx_word' id='word_1_294' title='bbox 1891 2451 2104 2515; x_wconf 80' lang='lat' dir='ltr'>exempli</span> <span class='ocrx_word' id='word_1_295' title='bbox 2128 2450 2241 2499; x_wconf 92' lang='lat' dir='ltr'>loco</span> <span class='ocrx_word' id='word_1_296' title='bbox 2270 2451 2354 2500; x_wconf 86' lang='lat' dir='ltr'>sit.</span> <span class='ocrx_word' id='word_1_297' title='bbox 2380 2451 2535 2499; x_wconf 81' lang='lat' dir='ltr'>Aliter</span> 
     </span>
     <span class='ocr_line' id='line_1_50' title="bbox 1499 2527 2532 2589; baseline 0.002 -14"><span class='ocrx_word' id='word_1_298' title='bbox 1499 2529 1629 2576; x_wconf 90' lang='lat' dir='ltr'>enim</span> <span class='ocrx_word' id='word_1_299' title='bbox 1667 2527 1948 2577; x_wconf 79' lang='lat' dir='ltr'>scribebant</span> <span class='ocrx_word' id='word_1_300' title='bbox 1987 2530 2126 2577; x_wconf 83' lang='lat' dir='ltr'>Plato</span> <span class='ocrx_word' id='word_1_301' title='bbox 2144 2562 2162 2589; x_wconf 88' lang='lat'>,</span> <span class='ocrx_word' id='word_1_302' title='bbox 2187 2531 2412 2586; x_wconf 81' lang='lat' dir='ltr'>Crantor,</span> <span class='ocrx_word' id='word_1_303' title='bbox 2434 2531 2532 2577; x_wconf 85' lang='lat' dir='ltr'>Po·</span> 
     </span>
     <span class='ocr_line' id='line_1_51' title="bbox 1499 2607 2533 2672; baseline 0.001 -16"><span class='ocrx_word' id='word_1_304' title='bbox 1499 2609 1658 2667; x_wconf 86' lang='lat' dir='ltr'>lemo;</span> <span class='ocrx_word' id='word_1_305' title='bbox 1708 2607 1850 2656; x_wconf 85' lang='lat' dir='ltr'>aliter</span> <span class='ocrx_word' id='word_1_306' title='bbox 1890 2608 2212 2671; x_wconf 80' lang='lat' dir='ltr'>Aristoteles,</span> <span class='ocrx_word' id='word_1_307' title='bbox 2251 2610 2533 2672; x_wconf 87' lang='lat' dir='ltr'>Theophra-</span> 
     </span>
     <span class='ocr_line' id='line_1_52' title="bbox 1499 2688 2532 2752; baseline 0 -17"><span class='ocrx_word' id='word_1_308' title='bbox 1499 2700 1627 2744; x_wconf 85' lang='lat' dir='ltr'>stus,</span> <span class='ocrx_word' id='word_1_309' title='bbox 1655 2688 1951 2752; x_wconf 80' lang='lat' dir='ltr'>Cratippus:</span> <span class='ocrx_word' id='word_1_310' title='bbox 1988 2688 2072 2736; x_wconf 85' lang='lat' dir='ltr'>sed</span> <span class='ocrx_word' id='word_1_311' title='bbox 2110 2689 2284 2736; x_wconf 88' lang='lat' dir='ltr'>horum</span> <span class='ocrx_word' id='word_1_312' title='bbox 2314 2690 2532 2736; x_wconf 86' lang='lat' dir='ltr'>omnium</span> 
     </span>
     <span class='ocr_line' id='line_1_53' title="bbox 1499 2766 2533 2831; baseline -0.001 -17"><span class='ocrx_word' id='word_1_313' title='bbox 1499 2766 1748 2815; x_wconf 86' lang='lat' dir='ltr'>scribendi</span> <span class='ocrx_word' id='word_1_314' title='bbox 1784 2782 1937 2831; x_wconf 78' lang='lat' dir='ltr'>genus</span> <span class='ocrx_word' id='word_1_315' title='bbox 1967 2767 2137 2829; x_wconf 82' lang='lat' dir='ltr'>laude,</span> <span class='ocrx_word' id='word_1_316' title='bbox 2161 2768 2533 2829; x_wconf 84' lang='lat' dir='ltr'>imitationeque</span> 
     </span>
     <span class='ocr_line' id='line_1_54' title="bbox 1500 2846 2533 2910; baseline -0.002 -17"><span class='ocrx_word' id='word_1_317' title='bbox 1500 2846 1701 2910; x_wconf 80' lang='lat' dir='ltr'>dignum</span> <span class='ocrx_word' id='word_1_318' title='bbox 1731 2857 1849 2894; x_wconf 71' lang='lat' dir='ltr'>enat.</span> <span class='ocrx_word' id='word_1_319' title='bbox 1877 2848 2126 2895; x_wconf 77' lang='lat' dir='ltr'>Sententia</span> <span class='ocrx_word' id='word_1_320' title='bbox 2147 2847 2246 2906; x_wconf 82' lang='lat' dir='ltr'>jam</span> <span class='ocrx_word' id='word_1_321' title='bbox 2275 2846 2382 2893; x_wconf 77' lang='lat' dir='ltr'>haec</span> <span class='ocrx_word' id='word_1_322' title='bbox 2405 2846 2494 2892; x_wconf 86' lang='lat' dir='ltr'>erit</span> <span class='ocrx_word' id='word_1_323' title='bbox 2518 2880 2533 2901; x_wconf 92' lang='lat'>,</span> 
     </span>
     <span class='ocr_line' id='line_1_55' title="bbox 1500 2925 2526 2978; baseline -0.004 -5"><span class='ocrx_word' id='word_1_324' title='bbox 1500 2949 1519 2967; x_wconf 77' lang='grc' dir='ltr'>ι·</span> <span class='ocrx_word' id='word_1_325' title='bbox 1541 2928 1592 2975; x_wconf 90' lang='lat' dir='ltr'>in</span> <span class='ocrx_word' id='word_1_326' title='bbox 1641 2928 1767 2974; x_wconf 79' lang='lat' dir='ltr'>varia</span> <span class='ocrx_word' id='word_1_327' title='bbox 1813 2943 1980 2974; x_wconf 87' lang='lat' dir='ltr'>eorum</span> <span class='ocrx_word' id='word_1_328' title='bbox 2019 2925 2261 2974; x_wconf 86' lang='lat' dir='ltr'>scribend.</span> <span class='ocrx_word' id='word_1_329' title='bbox 2306 2926 2492 2971; x_wconf 84' lang='lat' dir='ltr'>ratione</span> <span class='ocrx_word' id='word_1_330' title='bbox 2511 2958 2526 2978; x_wconf 88' lang='lat'>,</span> 
     </span>
     <span class='ocr_line' id='line_1_56' title="bbox 1499 3003 2531 3070; baseline -0.006 -16"><span class='ocrx_word' id='word_1_331' title='bbox 1499 3022 1650 3070; x_wconf 84' lang='lat' dir='ltr'>eaque</span> <span class='ocrx_word' id='word_1_332' title='bbox 1679 3017 1900 3053; x_wconf 82' lang='lat' dir='ltr'>accurata</span> <span class='ocrx_word' id='word_1_333' title='bbox 1935 3017 1983 3052; x_wconf 87' lang='lat' dir='ltr'>et</span> <span class='ocrx_word' id='word_1_334' title='bbox 2026 3003 2268 3067; x_wconf 80' lang='lat' dir='ltr'>eleganti,</span> <span class='ocrx_word' id='word_1_335' title='bbox 2304 3003 2531 3065; x_wconf 86' lang='lat' dir='ltr'>exemplo</span> 
     </span>
     <span class='ocr_line' id='line_1_57' title="bbox 1500 3079 2530 3147; baseline -0.004 -15"><span class='ocrx_word' id='word_1_336' title='bbox 1500 3086 1622 3147; x_wconf 87' lang='lat' dir='ltr'>poni</span> <span class='ocrx_word' id='word_1_337' title='bbox 1652 3096 1895 3132; x_wconf 82' lang='lat' dir='ltr'>merentur</span> <span class='ocrx_word' id='word_1_338' title='bbox 1918 3107 1959 3131; x_wconf 67' lang='lat' dir='ltr'>a.</span> <span class='ocrx_word' id='word_1_339' title='bbox 1986 3086 2103 3130; x_wconf 82' lang='lat' dir='ltr'>Haec</span> <span class='ocrx_word' id='word_1_340' title='bbox 2130 3090 2294 3129; x_wconf 83' lang='lat' dir='ltr'>nostra</span> <span class='ocrx_word' id='word_1_341' title='bbox 2319 3079 2530 3142; x_wconf 76' lang='lat' dir='ltr'>vulgata:</span> 
     </span>
     <span class='ocr_line' id='line_1_58' title="bbox 1499 3158 2528 3216; baseline -0.007 -5"><span class='ocrx_word' id='word_1_342' title='bbox 1499 3165 1741 3211; x_wconf 87' lang='lat' dir='ltr'>correctio</span> <span class='ocrx_word' id='word_1_343' title='bbox 1761 3164 1828 3210; x_wconf 88' lang='lat' dir='ltr'>ita</span> <span class='ocrx_word' id='word_1_344' title='bbox 1852 3162 1995 3208; x_wconf 84' lang='lat' dir='ltr'>nobis</span> <span class='ocrx_word' id='word_1_345' title='bbox 2012 3158 2276 3208; x_wconf 84' lang='lat' dir='ltr'>necessaria</span> <span class='ocrx_word' id='word_1_346' title='bbox 2297 3159 2395 3205; x_wconf 82' lang='lat' dir='ltr'>visa</span> <span class='ocrx_word' id='word_1_347' title='bbox 2422 3170 2494 3205; x_wconf 88' lang='lat' dir='ltr'>est</span> <span class='ocrx_word' id='word_1_348' title='bbox 2513 3193 2528 3216; x_wconf 91' lang='lat'><strong>‚</strong></span> 
     </span>
     <span class='ocr_line' id='line_1_59' title="bbox 1500 3237 2529 3304; baseline -0.003 -16"><span class='ocrx_word' id='word_1_349' title='bbox 1500 3252 1553 3289; x_wconf 90' lang='lat' dir='ltr'>nt</span> <span class='ocrx_word' id='word_1_350' title='bbox 1591 3243 1646 3288; x_wconf 90' lang='lat' dir='ltr'>in</span> <span class='ocrx_word' id='word_1_351' title='bbox 1690 3251 1820 3288; x_wconf 85' lang='lat' dir='ltr'>texta</span> <span class='ocrx_word' id='word_1_352' title='bbox 1861 3240 2014 3304; x_wconf 87' lang='lat' dir='ltr'>recipi</span> <span class='ocrx_word' id='word_1_353' title='bbox 2047 3237 2352 3300; x_wconf 78' lang='lat' dir='ltr'>juberemus;</span> <span class='ocrx_word' id='word_1_354' title='bbox 2381 3237 2529 3300; x_wconf 84' lang='lat' dir='ltr'>idque</span> 
     </span>
     <span class='ocr_line' id='line_1_60' title="bbox 1500 3316 2530 3383; baseline -0.006 -14"><span class='ocrx_word' id='word_1_355' title='bbox 1500 3322 1667 3382; x_wconf 76' lang='lat' dir='ltr'>magis,</span> <span class='ocrx_word' id='word_1_356' title='bbox 1684 3335 1835 3383; x_wconf 87' lang='lat' dir='ltr'>quum</span> <span class='ocrx_word' id='word_1_357' title='bbox 1857 3318 1934 3366; x_wconf 74' lang='lat' dir='ltr'>hae</span> <span class='ocrx_word' id='word_1_358' title='bbox 1954 3334 2095 3366; x_wconf 83' lang='lat' dir='ltr'>voces</span> <span class='ocrx_word' id='word_1_359' title='bbox 2113 3334 2140 3365; x_wconf 89' lang='lat' dir='ltr'>a</span> <span class='ocrx_word' id='word_1_360' title='bbox 2160 3316 2331 3365; x_wconf 82' lang='lat' dir='ltr'>scribis</span> <span class='ocrx_word' id='word_1_361' title='bbox 2347 3316 2530 3380; x_wconf 86' lang='lat' dir='ltr'>ubique</span> 
     </span>
     <span class='ocr_line' id='line_1_61' title="bbox 1500 3398 1894 3463; baseline -0.003 -17"><span class='ocrx_word' id='word_1_362' title='bbox 1500 3398 1894 3463; x_wconf 79' lang='lat' dir='ltr'>permisceantur.</span> 
     </span>
    </p>

    <p class='ocr_par' dir='ltr' id='par_1_11' title="bbox 1500 3475 2529 4096">
     <span class='ocr_line' id='line_1_62' title="bbox 1573 3475 2528 3540; baseline -0.001 -16"><span class='ocrx_word' id='word_1_363' title='bbox 1573 3494 1623 3524; x_wconf 73' lang='lat' dir='ltr'>a.</span> <span class='ocrx_word' id='word_1_364' title='bbox 1642 3479 1798 3540; x_wconf 78' lang='lat' dir='ltr'>Quum</span> <span class='ocrx_word' id='word_1_365' title='bbox 1826 3510 1838 3523; x_wconf 86' lang='lat'><strong>.</strong></span> <span class='ocrx_word' id='word_1_366' title='bbox 1855 3513 1867 3524; x_wconf 90' lang='lat'>.</span> <span class='ocrx_word' id='word_1_367' title='bbox 1884 3513 1896 3525; x_wconf 92' lang='lat'><strong><em>.</em></strong></span> <span class='ocrx_word' id='word_1_368' title='bbox 1920 3488 2036 3524; x_wconf 75' lang='lat' dir='ltr'>tum.</span> <span class='ocrx_word' id='word_1_369' title='bbox 2057 3478 2195 3524; x_wconf 85' lang='lat' dir='ltr'>Goer.</span> <span class='ocrx_word' id='word_1_370' title='bbox 2215 3475 2528 3524; x_wconf 82' lang='lat' dir='ltr'>commendat</span> 
     </span>
     <span class='ocr_line' id='line_1_63' title="bbox 1500 3555 2528 3619; baseline -0.002 -16"><span class='ocrx_word' id='word_1_371' title='bbox 1500 3566 1815 3606; x_wconf 75' lang='lat' dir='ltr'>tuen...tum.</span> <span class='ocrx_word' id='word_1_372' title='bbox 1855 3558 1975 3604; x_wconf 88' lang='lat' dir='ltr'>Tres</span> <span class='ocrx_word' id='word_1_373' title='bbox 2013 3555 2188 3619; x_wconf 89' lang='lat' dir='ltr'>optimi</span> <span class='ocrx_word' id='word_1_374' title='bbox 2225 3555 2415 3611; x_wconf 82' lang='lat' dir='ltr'>nostri,</span> <span class='ocrx_word' id='word_1_375' title='bbox 2453 3555 2528 3601; x_wconf 87' lang='lat' dir='ltr'>in-</span> 
     </span>
     <span class='ocr_line' id='line_1_64' title="bbox 1502 3632 2527 3699; baseline -0.003 -17"><span class='ocrx_word' id='word_1_376' title='bbox 1502 3636 1642 3699; x_wconf 86' lang='lat' dir='ltr'>quit,</span> <span class='ocrx_word' id='word_1_377' title='bbox 1670 3635 1745 3682; x_wconf 86' lang='lat' dir='ltr'>bis</span> <span class='ocrx_word' id='word_1_378' title='bbox 1781 3645 1883 3682; x_wconf 79' lang='lat' dir='ltr'>tum</span> <span class='ocrx_word' id='word_1_379' title='bbox 1905 3652 1922 3681; x_wconf 90' lang='lat'>.·</span> <span class='ocrx_word' id='word_1_380' title='bbox 1963 3650 2212 3698; x_wconf 81' lang='lat' dir='ltr'>quumque</span> <span class='ocrx_word' id='word_1_381' title='bbox 2255 3635 2308 3682; x_wconf 87' lang='lat' dir='ltr'>in</span> <span class='ocrx_word' id='word_1_382' title='bbox 2350 3632 2527 3681; x_wconf 69' lang='lat' dir='ltr'>defini-v</span> 
     </span>
     <span class='ocr_line' id='line_1_65' title="bbox 1503 3713 2529 3778; baseline -0.003 -16"><span class='ocrx_word' id='word_1_383' title='bbox 1503 3713 1717 3762; x_wconf 87' lang='lat' dir='ltr'>tionibus</span> <span class='ocrx_word' id='word_1_384' title='bbox 1738 3716 2025 3778; x_wconf 86' lang='lat' dir='ltr'>partitiones</span> <span class='ocrx_word' id='word_1_385' title='bbox 2053 3715 2229 3776; x_wconf 84' lang='lat' dir='ltr'>insint,</span> <span class='ocrx_word' id='word_1_386' title='bbox 2270 3725 2319 3762; x_wconf 90' lang='lat' dir='ltr'>et</span> <span class='ocrx_word' id='word_1_387' title='bbox 2355 3725 2529 3762; x_wconf 88' lang='lat' dir='ltr'>auctor</span> 
     </span>
     <span class='ocr_line' id='line_1_66' title="bbox 1501 3793 2528 3857; baseline -0.004 -15"><span class='ocrx_word' id='word_1_388' title='bbox 1501 3794 1586 3842; x_wconf 85' lang='lat' dir='ltr'>has</span> <span class='ocrx_word' id='word_1_389' title='bbox 1628 3810 1770 3841; x_wconf 79' lang='lat' dir='ltr'>voces</span> <span class='ocrx_word' id='word_1_390' title='bbox 1803 3793 1984 3857; x_wconf 89' lang='lat' dir='ltr'>ubique</span> <span class='ocrx_word' id='word_1_391' title='bbox 2029 3811 2116 3857; x_wconf 81' lang='lat' dir='ltr'>per</span> <span class='ocrx_word' id='word_1_392' title='bbox 2149 3805 2197 3841; x_wconf 81' lang='lat' dir='ltr'>ee</span> <span class='ocrx_word' id='word_1_393' title='bbox 2219 3830 2235 3855; x_wconf 87' lang='lat'>,</span> <span class='ocrx_word' id='word_1_394' title='bbox 2264 3809 2326 3839; x_wconf 83' lang='lat' dir='ltr'>ac</span> <span class='ocrx_word' id='word_1_395' title='bbox 2354 3794 2528 3856; x_wconf 81' lang='lat' dir='ltr'>jungat</span> 
     </span>
     <span class='ocr_line' id='line_1_67' title="bbox 1503 3872 2526 3937; baseline -0.003 -16"><span class='ocrx_word' id='word_1_396' title='bbox 1503 3890 1770 3937; x_wconf 81' lang='lat' dir='ltr'>nusquam,</span> <span class='ocrx_word' id='word_1_397' title='bbox 1816 3872 1910 3921; x_wconf 86' lang='lat' dir='ltr'>nisi</span> <span class='ocrx_word' id='word_1_398' title='bbox 1954 3873 2182 3931; x_wconf 83' lang='lat' dir='ltr'>fallimur,</span> <span class='ocrx_word' id='word_1_399' title='bbox 2222 3872 2526 3920; x_wconf 84' lang='lat' dir='ltr'>discernendi</span> 
     </span>
     <span class='ocr_line' id='line_1_68' title="bbox 1501 3954 2528 4019; baseline -0.003 -19"><span class='ocrx_word' id='word_1_400' title='bbox 1501 3954 1735 4019; x_wconf 80' lang='lat' dir='ltr'>particula</span> <span class='ocrx_word' id='word_1_401' title='bbox 1764 3954 2048 4016; x_wconf 80' lang='lat' dir='ltr'>interposita</span> <span class='ocrx_word' id='word_1_402' title='bbox 2061 3990 2077 4015; x_wconf 88' lang='lat'>‚</span> <span class='ocrx_word' id='word_1_403' title='bbox 2095 3965 2194 4001; x_wconf 79' lang='lat' dir='ltr'>tum</span> <span class='ocrx_word' id='word_1_404' title='bbox 2208 3988 2219 4000; x_wconf 87' lang='lat'><strong>.</strong></span> <span class='ocrx_word' id='word_1_405' title='bbox 2236 3991 2247 4001; x_wconf 90' lang='lat'><em>.</em></span> <span class='ocrx_word' id='word_1_406' title='bbox 2263 3988 2276 3999; x_wconf 87' lang='lat'><strong>.</strong></span> <span class='ocrx_word' id='word_1_407' title='bbox 2291 3965 2389 4005; x_wconf 77' lang='lat' dir='ltr'>tum</span> <span class='ocrx_word' id='word_1_408' title='bbox 2419 3968 2528 3998; x_wconf 79' lang='lat' dir='ltr'>cor-</span> 
     </span>
     <span class='ocr_line' id='line_1_69' title="bbox 1501 4032 1887 4096; baseline 0 -17"><span class='ocrx_word' id='word_1_409' title='bbox 1501 4032 1752 4096; x_wconf 79' lang='lat' dir='ltr'>rigendum</span> <span class='ocrx_word' id='word_1_410' title='bbox 1781 4033 1887 4080; x_wconf 79' lang='lat' dir='ltr'>fuit.</span> 
     </span>
    </p>

    <p class='ocr_par' dir='ltr' id='par_1_12' title="bbox 1504 4110 2528 4241">
     <span class='ocr_line' id='line_1_70' title="bbox 1577 4110 2528 4161; baseline -0.007 0"><span class='ocrx_word' id='word_1_411' title='bbox 1577 4115 1623 4161; x_wconf 82' lang='lat'>3.</span> <span class='ocrx_word' id='word_1_412' title='bbox 1669 4115 1731 4158; x_wconf 77' lang='lat' dir='ltr'>Ue</span> <span class='ocrx_word' id='word_1_413' title='bbox 1767 4111 1932 4158; x_wconf 71' lang='lat' dir='ltr'>vestri.</span> <span class='ocrx_word' id='word_1_414' title='bbox 1990 4114 2078 4158; x_wconf 68' lang='lat' dir='ltr'>1⁴ae</span> <span class='ocrx_word' id='word_1_415' title='bbox 2127 4129 2270 4160; x_wconf 76' lang='lat' dir='ltr'>voces</span> <span class='ocrx_word' id='word_1_416' title='bbox 2312 4112 2431 4157; x_wconf 66' lang='lat' dir='ltr'>&#39;nale</span> <span class='ocrx_word' id='word_1_417' title='bbox 2478 4110 2528 4155; x_wconf 83' lang='lat' dir='ltr'>iu</span> 
     </span>
     <span class='ocr_line' id='line_1_71' title="bbox 1504 4192 2118 4241; baseline -0.005 0"><span class='ocrx_word' id='word_1_418' title='bbox 1504 4193 1633 4241; x_wconf 85' lang='lat' dir='ltr'>Gud.</span> <span class='ocrx_word' id='word_1_419' title='bbox 1666 4210 1692 4240; x_wconf 84' lang='lat'><strong>2</strong></span> <span class='ocrx_word' id='word_1_420' title='bbox 1725 4192 2027 4240; x_wconf 86' lang='lat' dir='ltr'>omittuntur.</span> <span class='ocrx_word' id='word_1_421' title='bbox 2058 4192 2118 4238; x_wconf 77' lang='lat' dir='ltr'>G.</span> 
     </span>
    </p>
   </div>
  </div>
 </body>
</html>
