3217 4784
789 411 912 478 DE
963 409 1134 479 FlN.
1186 413 1391 483 BON.
1442 415 1554 481 ET
1604 415 1818 483 MAL.
1874 415 1996 499 lv,
2034 410 2146 482 25.

2393 410 2520 482 521

404 532 746 628 angustiis
784 532 917 603 ista
952 548 1332 604 evaserunt
1360 534 1738 622 deteriora,
1759 559 1979 631 quam
2004 535 2373 605 Aristonis.
2402 534 2533 605 Illa

408 656 644 713 tamen
689 643 1119 741 simplicia73
1146 657 1379 714 vestra
1416 660 1725 715 versuta.
1778 649 2012 742 Roges
2048 644 2236 716 enim
2276 645 2534 715 Aristo-

408 778 614 839 nem,
697 752 983 824 bonane
1048 754 1116 824 ei
1166 751 1544 824 videantur
1604 752 1756 824 haec
1785 808 1806 840 ‚
1868 754 2181 826 vacuitas
2227 752 2532 840 doloriS,

410 860 709 948 divitiae,
758 862 1126 933 valitudo?
1183 876 1419 961 neget.
1476 862 1723 953 Quid?
1768 888 1930 960 quae
1966 869 2325 935 contraria
2365 878 2535 934 sunt

406 970 549 1058 his,
570 971 892 1042 malane?
912 970 1140 1041 nihilo
1165 975 1407 1070 magis.
1430 978 1796 1045 Zenonem
1815 997 2050 1071 roges.
2076 973 2536 1072 Respondeat

406 1081 705 1153 totidem
766 1081 1024 1154 verbis.
1081 1081 1532 1156 Admirantes
1587 1094 1994 1181 quaeramus
2043 1083 2135 1156 ab
2187 1101 2535 1182 utroque,

406 1214 727 1287 quonam
756 1191 974 1263 modo
1002 1196 1218 1263 vitam
1243 1218 1455 1291 agere
1484 1196 1839 1292 possimus
1856 1248 1876 1282 ‚
1900 1196 1958 1265 si
1985 1194 2164 1265 nihil
2193 1199 2535 1267 interesse

406 1314 649 1371 nostra
685 1316 1024 1398 putemus
1049 1356 1069 1383 ,
1109 1303 1502 1393 valeamus»,
1547 1306 1810 1402 aegrine
1849 1306 2113 1392 simus;
2162 1328 2536 1389 vacemuS‚

404 1435 497 1480 an
528 1404 982 1483 cruciemur8
1007 1412 1295 1502 dolore3
1319 1412 1577 1513 friguS,
1609 1414 1870 1485 famem
1910 1412 2333 1512 propulsare
2370 1439 2535 1511 pos-

401 1522 659 1608 simuS‚
678 1547 909 1594 necne
937 1525 1291 1621 possimus
1312 1529 1587 1611 :Vive5‚
1621 1528 1859 1620 inquit
1884 1527 2144 1613 Aristo,
2159 1523 2534 1622 magnifice

405 1646 623 1728 atque
649 1632 1014 1730 praeclare;
1045 1632 1247 1731 quod
1277 1635 1411 1706 erit
1431 1659 1749 1733 cumque
1775 1637 2003 1705 visum
2023 1647 2306 1732 agens9‚
2328 1659 2537 1704 num-

405 1766 625 1838 quam
673 1766 967 1838 angere,
1009 1769 1409 1841 numquam
1454 1749 1741 1842 cupies,
1787 1770 2186 1841 numquam
2222 1742 2530 1816 timebis.

406 1849 601 1939 Quid
644 1852 882 1922 Zeno?
915 1857 1255 1926 Portenta
1294 1854 1446 1926 haec
1473 1879 1630 1927 esse
1668 1855 1944 1943 dicitw,
1978 1880 2111 1926 nec
2139 1880 2220 1927 ea
2257 1856 2536 1926 ratione
2574 1894 2640 1945 70

399 2022 632 2082 jectivnm
669 2035 800 2072 certa
837 2041 901 2073 ex
941 2026 1099 2090 glossa
1139 2044 1167 2075 e
1207 2028 1427 2092 proxime

404 2102 798 2151 antecedentibus
815 2105 1034 2155 adhaesit.
1062 2107 1126 2154 G.

476 2199 503 2242 7
514 2215 526 2228 .
545 2182 639 2228 ma
657 2193 815 2229 tamen
832 2182 1071 2248 simplicia
1093 2201 1111 2231 .·
1130 2195 1294 2232 vestra
1308 2200 1430 2231 ver-

403 2270 530 2305 suta.
558 2261 668 2308 Bini
689 2276 717 2307 e
741 2262 922 2309 nostris
944 2273 1047 2310 tam
1069 2262 1304 2326 praebent.
1333 2261 1430 2312 Sed

403 2353 506 2386 non
546 2339 802 2403 capiebant
835 2341 1035 2400 scribe,
1085 2354 1246 2390 tamen
1294 2342 1344 2390 h.
1388 2342 1425 2390 l.

404 2433 526 2465 sane
546 2418 703 2466 valere
720 2454 736 2477 ,
755 2429 812 2466 ut
836 2436 981 2484 saepe.
1001 2420 1248 2485 Simplicia
1266 2431 1429 2468 antem

404 2497 649 2544 Aristonis
700 2508 843 2559 sunt,
894 2499 1180 2563 simpliciter
1232 2500 1396 2547 omnia
1416 2537 1431 2561 ‚

402 2591 512 2638 quae
535 2575 739 2624 honesta
779 2593 881 2625 non
906 2579 1005 2626 sint
1022 2615 1038 2640 ,
1064 2579 1116 2626 in
1144 2573 1429 2646 ἀδιαφόροις

401 2656 648 2717 ponentis.
699 2661 908 2706 Ver-suta
938 2669 1051 2706 suut
1076 2658 1275 2723 proprie
1302 2660 1427 2720 eJus,

401 2733 486 2795 qui
512 2733 580 2781 ita
609 2745 824 2783 versatus
842 2747 942 2795 est,
964 2747 1018 2784 ut
1044 2752 1107 2784 ex
1138 2754 1189 2784 re
1211 2747 1318 2784 nata
1335 2737 1429 2785 sibi

402 2812 543 2860 facile
572 2814 807 2861 consulat.
843 2818 953 2863 Hoc
988 2815 1101 2863 loco
1146 2827 1259 2863 sunt
1296 2817 1427 2877 ejus,

401 2890 487 2953 qui
518 2913 544 2933 ιι
588 2907 741 2954 quum
781 2907 974 2940 causam
1022 2909 1126 2941 non
1173 2895 1425 2953 obtineat,

376 2969 548 3017 ,verba
586 2980 775 3031 verset,
812 2981 865 3019 et
894 2971 946 3018 in
980 2987 1081 3018 rem
1112 2988 1247 3019 suam
1272 2975 1430 3039 appli-

402 3056 478 3094 cet
499 3068 543 3095 ι.
563 3047 641 3097 Cf.
665 3062 732 3094 ao
748 3082 763 3105 ‚
791 3048 874 3096 ⁵0.
903 3049 964 3096 G.

472 3128 524 3173 8.
559 3126 841 3185 Valeamus,
870 3125 1051 3191 oegn'ne
1075 3127 1222 3177 simus
1236 3146 1255 3185 ,·
1272 3130 1433 3179 vace.

400 3218 521 3260 mus,
546 3219 612 3250 an
633 3206 920 3254 cruciemur.
946 3207 1075 3255 Gud.
1102 3223 1130 3254 α
1155 3218 1203 3255 et
1221 3209 1328 3255 Bas.
1348 3225 1428 3259 ne.

402 3281 559 3331 Aliter
601 3283 812 3333 offendit
859 3285 1026 3334 Lamb.
1078 3288 1165 3350 qui
1217 3287 1422 3351 corrigit

401 3385 425 3404 a
448 3362 755 3411 valeamusne
797 3381 860 3412 an
887 3366 1001 3429 aegri
1035 3382 1075 3415 s.
1105 3389 1130 3408 n
1161 3359 1257 3415 Sed
1283 3366 1423 3414 facile

399 3442 567 3490 videre
611 3442 750 3500 licet,
788 3455 1035 3492 auctorem
1077 3446 1303 3494 consulto
1351 3448 1422 3494 sic

399 3521 669 3584 scripsisse,
698 3538 800 3585 quo
821 3523 982 3570 miuus
998 3523 1076 3572 bis
1096 3541 1181 3583 ne,
1199 3541 1267 3572 an
1288 3541 1420 3590 repe-

400 3598 600 3647 tendum
616 3612 753 3648 esset.
776 3601 910 3649 Alias
932 3619 1130 3667 quoque
1144 3605 1215 3652 sic
1228 3621 1289 3652 ne
1306 3604 1421 3652 sim·

400 3678 594 3741 pliciter
628 3696 776 3743 supra
812 3683 891 3740 11,
939 3698 1030 3744 ω,
1066 3685 1132 3732 38
1163 3699 1176 3731 t
1216 3700 1420 3732 «rerum

400 3758 528 3804 iuter
549 3774 634 3806 eos
654 3794 670 3817 ,
693 3760 1016 3808 verborumne
1046 3764 1108 3810 sit
1140 3773 1420 3811 controver-

401 3835 469 3882 δὴ
500 3857 539 3883 ι.
561 3836 625 3884 G.

470 3925 520 3974 9.
547 3916 696 3979 Quod
712 3917 801 3966 erit
826 3935 1033 3984 eumque
1058 3919 1216 3967 adsum
1243 3936 1415 3985 agens.

402 3992 615 4041 Goereuz
636 3995 775 4045 addit
798 4014 945 4062 quum
973 4010 1085 4047 ante
1117 4000 1266 4063 quod.
1296 4001 1418 4047 Ausi

404 4082 599 4130 sumus,
635 4074 822 4140 iuquit,
864 4096 925 4126 ex
969 4078 1166 4143 ingenio
1197 4078 1415 4127 addere:

398 4146 517 4196 alias
529 4151 655 4201 enim
676 4169 776 4203 uon
797 4157 897 4206 coit
912 4159 1090 4208 oratio.
1114 4158 1269 4207 Debet
1290 4158 1417 4206 enim

1510 2021 1781 2068 necessario
1805 2030 2066 2069 contextus
2083 2020 2154 2067 sic
2178 2035 2395 2085 pergere,
2418 2041 2440 2061 ι
2463 2019 2536 2066 vi·

1509 2114 1623 2157 ves,
1649 2100 1810 2163 inquit
1835 2101 2002 2147 Aristo
2032 2100 2169 2161 (tum
2200 2098 2397 2160 modo),
2437 2115 2539 2146 ma-

1511 2176 1714 2241 gnifice,
1756 2194 1922 2242 quum.
1948 2213 1962 2227 .
1996 2215 2008 2226 .
2032 2193 2295 2241 numquam
2330 2193 2536 2240 angere,

1512 2268 1603 2305 etc.
1640 2279 1666 2298 ν
1697 2259 1852 2320 Quum
1877 2269 2040 2306 autem
2078 2259 2321 2306 omittitur
2351 2262 2400 2304 et
2421 2267 2536 2320 post

1512 2335 1649 2399 quod
1661 2371 1675 2394 ,
1709 2347 1759 2384 et
1782 2346 1894 2383 ante
1919 2335 2060 2399 quod
2084 2335 2362 2399 compendii
2389 2336 2539 2391 vitio,

1512 2423 1567 2462 ut
1586 2414 1782 2463 codices
1807 2415 2016 2478 scriptos
2037 2414 2261 2463 tractanti
2281 2413 2536 2461 observare

1510 2509 1641 2556 saepe
1677 2494 1806 2543 licet.
1853 2496 2020 2558 Agens
2059 2505 2220 2542 antem
2267 2493 2536 2541 rectissime

1512 2572 1681 2619 Davis.
1704 2589 1767 2619 ex
1787 2572 1940 2620 altero
1968 2573 2131 2619 Masaei
2158 2571 2369 2636 scripto,
2384 2571 2536 2619 altero

1512 2666 1602 2698 suo
1623 2650 1774 2700 dedit.
1797 2652 2058 2715 Vulgatum
2073 2668 2213 2717 ages,
2232 2651 2368 2715 quod
2385 2652 2538 2699 nostri

1513 2744 1710 2793 quoque
1730 2741 2018 2794 sequuntur,
2051 2730 2315 2778 scribarum
2336 2740 2428 2788 est,
2453 2745 2537 2776 au-

1513 2810 1666 2856 ctoris
1701 2822 1912 2857 mentem
1943 2825 2047 2856 uon
2074 2810 2368 2874 capientium
2403 2823 2418 2855 ε
2445 2824 2535 2855 nec

1513 2889 1604 2936 alia
1639 2905 1780 2936 causa
1805 2905 1972 2937 vocem
2004 2889 2220 2936 eamdem
2246 2904 2309 2935 ex
2331 2889 2387 2935 E.
2415 2898 2464 2934 et
2491 2882 2531 2942 ξ.

1514 2968 1737 3016 excidere
1772 2969 1900 3016 fecit.
1947 2967 2243 3031 Intelligitur
2289 2980 2403 3012 vero
2447 2981 2536 3027 per

1512 3048 1679 3094 visum
1694 3062 1852 3111 agens
1872 3045 1953 3092 illa
1972 3042 2176 3100 αἴσθησις
2198 3045 2388 3091 κινοῦσα
2407 3038 2537 3090 κατὰ

1510 3123 1802 3193 περίστασιν.
1839 3125 1915 3173 Cf.
1959 3123 2099 3172 Stob.
2139 3119 2265 3170 Ecll.
2307 3121 2460 3184 Phys.
2489 3124 2535 3176 Ι,

1513 3220 1567 3267 p.
1596 3205 1719 3260 828,
1737 3212 1786 3249 et
1815 3204 1944 3250 Sext.
1970 3202 2110 3264 Emp.
2137 3203 2214 3247 XI
2229 3234 2246 3260 ,
2273 3198 2339 3255 64
2357 3234 2371 3258 ,
2399 3216 2535 3262 quae·

1515 3297 1613 3345 qne
1634 3296 1779 3345 supra
1806 3281 1869 3328 ad
1902 3280 1992 3342 16,
2018 3281 2083 3334 43
2113 3280 2403 3328 notavimus.

1586 3375 1671 3409 ιο.
1695 3365 1832 3409 Por-e.
1862 3359 1967 3407 lta-c
1993 3375 2095 3407 esse
2120 3359 2253 3407 dicit.
2284 3359 2414 3422 Spir.
2433 3360 2532 3406 Eri.

1509 3439 1638 3489 Gud.
1654 3455 1676 3489 1
1701 3439 1848 3487 verba
1866 3439 1971 3486 hoec
1999 3454 2116 3498 esse,
2133 3450 2182 3486 et
2200 3440 2398 3486 Monac.
2416 3439 2472 3485 E.
2488 3433 2533 3495 ξ.

1509 3519 1794 3585 simpliciter
1817 3519 1923 3567 hoec
1960 3519 2184 3583 ignorant
2213 3531 2229 3568 τ
2261 3519 2362 3568 Erl.
2388 3519 2533 3566 etiam

1510 3599 1630 3648 dicis
1666 3598 1835 3647 variat.
1875 3597 1973 3645 Sed
2008 3597 2132 3645 nihil
2176 3599 2354 3646 borum
2387 3599 2529 3647 valet.

1508 3677 1794 3727 offenderat
1819 3677 1973 3735 sorte,
1999 3676 2136 3740 quod
2149 3678 2280 3724 Zeno
2300 3675 2406 3724 hoec
2422 3679 2532 3725 Ari·

1507 3758 1664 3806 stonis
1696 3756 1923 3820 discipuli
1944 3791 1959 3817 ,
1979 3766 2208 3821 portenta
2228 3755 2384 3815 dicat,
2417 3757 2529 3804 licet

1508 3839 1600 3886 ista
1626 3837 1728 3901 ipsa
1755 3836 1923 3884 Aristo
1943 3845 2058 3900 post
2084 3846 2289 3883 mortem
2313 3837 2528 3898 magistri

1506 3917 1667 3982 palam
1685 3916 1903 3963 senserit.
1942 3916 2006 3962 At
2029 3916 2166 3962 Zeno
2192 3914 2243 3963 h.
2268 3914 2305 3964 l.
2328 3915 2529 3961 omnino
2554 3929 2562 3939 ·

1506 4013 1599 4063 pro
1613 3996 1886 4044 Stoicorum
1908 3993 2217 4059 philosophia
2231 4028 2245 4052 ,
2266 4004 2319 4040 ut
2335 3993 2529 4056 saepius,

1506 4077 1736 4142 ponunt-3
1769 4085 1816 4122 et
1853 4072 1982 4131 hac,
2017 4089 2107 4136 pro
2139 4096 2164 4114 κ
2203 4073 2337 4133 talia,
2366 4071 2527 4134 qualia

1507 4156 1612 4205 haec
1627 4177 1649 4200 a
1662 4190 1678 4214 ,
1698 4152 2035 4218 accipiendum
2057 4163 2143 4201 est.
2173 4153 2232 4198 G.
