<?xml version="1.0" encoding="UTF-8"?>
<!DOCTYPE html PUBLIC "-//W3C//DTD XHTML 1.0 Transitional//EN"
    "http://www.w3.org/TR/xhtml1/DTD/xhtml1-transitional.dtd">
<html xmlns="http://www.w3.org/1999/xhtml" xml:lang="en" lang="en">
 <head>
  <title>
</title>
<meta http-equiv="Content-Type" content="text/html;charset=utf-8" />
  <meta name='ocr-system' content='tesseract 3.04.00' />
  <meta name='ocr-capabilities' content='ocr_page ocr_carea ocr_par ocr_line ocrx_word'/>
</head>
<body>
  <div class='ocr_page' id='page_1' title='image "./mtciceronisquae00clergoog/mtciceronisquae00clergoog_0309.png"; bbox 0 0 3217 4784; ppageno 0'>
   <div class='ocr_carea' id='block_1_1' title="bbox 841 416 2180 501">
    <p class='ocr_par' dir='ltr' id='par_1_1' title="bbox 841 416 2180 501">
     <span class='ocr_line' id='line_1_1' title="bbox 841 416 2180 501; baseline -0.003 -12"><span class='ocrx_word' id='word_1_1' title='bbox 841 421 965 489; x_wconf 91' lang='lat' dir='ltr'><strong>DE</strong></span> <span class='ocrx_word' id='word_1_2' title='bbox 1013 420 1187 489; x_wconf 88' lang='lat' dir='ltr'><strong>FIN.</strong></span> <span class='ocrx_word' id='word_1_3' title='bbox 1241 420 1445 488; x_wconf 89' lang='lat' dir='ltr'><strong>BON.</strong></span> <span class='ocrx_word' id='word_1_4' title='bbox 1500 420 1613 487; x_wconf 92' lang='grc' dir='ltr'><strong>ΕΤ</strong></span> <span class='ocrx_word' id='word_1_5' title='bbox 1663 418 1875 487; x_wconf 81' lang='lat' dir='ltr'><strong>MAL.</strong></span> <span class='ocrx_word' id='word_1_6' title='bbox 1925 420 2026 501; x_wconf 88' lang='lat' dir='ltr'><strong>II,</strong></span> <span class='ocrx_word' id='word_1_7' title='bbox 2068 416 2180 487; x_wconf 81' lang='lat'><strong>31.</strong></span> 
     </span>
    </p>
   </div>
   <div class='ocr_carea' id='block_1_2' title="bbox 2439 420 2579 515">
    <p class='ocr_par' dir='ltr' id='par_1_2' title="bbox 2439 420 2579 515">
     <span class='ocr_line' id='line_1_2' title="bbox 2439 420 2579 515; baseline 0.014 -29"><span class='ocrx_word' id='word_1_8' title='bbox 2439 420 2579 515; x_wconf 81' lang='lat'><strong>289</strong></span> 
     </span>
    </p>
   </div>
   <div class='ocr_carea' id='block_1_3' title="bbox 448 541 2581 971">
    <p class='ocr_par' dir='ltr' id='par_1_3' title="bbox 448 541 2581 971">
     <span class='ocr_line' id='line_1_3' title="bbox 456 541 2578 639; baseline 0 -27"><span class='ocrx_word' id='word_1_9' title='bbox 456 545 579 627; x_wconf 80' lang='lat' dir='ltr'><strong>sit,</strong></span> <span class='ocrx_word' id='word_1_10' title='bbox 628 542 699 613; x_wconf 85' lang='lat' dir='ltr'><strong>id</strong></span> <span class='ocrx_word' id='word_1_11' title='bbox 749 542 933 614; x_wconf 89' lang='lat' dir='ltr'>nihil</span> <span class='ocrx_word' id='word_1_12' title='bbox 974 546 1278 613; x_wconf 90' lang='lat' dir='ltr'><strong>omnino</strong></span> <span class='ocrx_word' id='word_1_13' title='bbox 1321 541 1411 623; x_wconf 88' lang='lat' dir='ltr'><strong>ad</strong></span> <span class='ocrx_word' id='word_1_14' title='bbox 1446 566 1580 612; x_wconf 90' lang='lat' dir='ltr'><strong>nos</strong></span> <span class='ocrx_word' id='word_1_15' title='bbox 1621 542 2028 637; x_wconf 67' lang='lat' dir='ltr'><strong>pertineres»</strong></span> <span class='ocrx_word' id='word_1_16' title='bbox 2051 572 2105 609; x_wconf 74' lang='lat' dir='ltr'><strong>n.</strong></span> <span class='ocrx_word' id='word_1_17' title='bbox 2148 544 2301 611; x_wconf 89' lang='lat' dir='ltr'><strong>Hoc</strong></span> <span class='ocrx_word' id='word_1_18' title='bbox 2337 543 2578 639; x_wconf 89' lang='lat' dir='ltr'><strong>ipsum</strong></span> 
     </span>
     <span class='ocr_line' id='line_1_4' title="bbox 454 649 2577 752; baseline 0 -29"><span class='ocrx_word' id='word_1_19' title='bbox 454 654 848 751; x_wconf 84' lang='lat' dir='ltr'><strong>elegantius</strong></span> <span class='ocrx_word' id='word_1_20' title='bbox 884 656 1099 752; x_wconf 90' lang='lat' dir='ltr'><strong>poni,</strong></span> <span class='ocrx_word' id='word_1_21' title='bbox 1137 652 1542 749; x_wconf 82' lang='lat' dir='ltr'><strong>meliusque</strong></span> <span class='ocrx_word' id='word_1_22' title='bbox 1579 655 1840 748; x_wconf 88' lang='lat' dir='ltr'><strong>potuit.</strong></span> <span class='ocrx_word' id='word_1_23' title='bbox 1874 655 2056 723; x_wconf 89' lang='lat' dir='ltr'><strong>Nam</strong></span> <span class='ocrx_word' id='word_1_24' title='bbox 2087 649 2290 749; x_wconf 91' lang='lat' dir='ltr'><strong>quod</strong></span> <span class='ocrx_word' id='word_1_25' title='bbox 2327 652 2422 721; x_wconf 90' lang='lat' dir='ltr'><strong>ita</strong></span> <span class='ocrx_word' id='word_1_26' title='bbox 2452 676 2577 749; x_wconf 89' lang='lat' dir='ltr'><strong>po-</strong></span> 
     </span>
     <span class='ocr_line' id='line_1_5' title="bbox 450 761 2575 854; baseline -0.001 -19"><span class='ocrx_word' id='word_1_27' title='bbox 450 766 668 835; x_wconf 88' lang='lat' dir='ltr'><strong>situm</strong></span> <span class='ocrx_word' id='word_1_28' title='bbox 720 780 864 852; x_wconf 89' lang='lat' dir='ltr'><strong>est,</strong></span> <span class='ocrx_word' id='word_1_29' title='bbox 905 762 1127 854; x_wconf 88' lang='lat' dir='ltr'><strong>Quod</strong></span> <span class='ocrx_word' id='word_1_30' title='bbox 1164 761 1596 834; x_wconf 90' lang='lat' dir='ltr'><strong>dissolutum</strong></span> <span class='ocrx_word' id='word_1_31' title='bbox 1636 762 1727 831; x_wconf 89' lang='lat' dir='ltr'><strong>sit</strong></span> <span class='ocrx_word' id='word_1_32' title='bbox 1746 808 1778 848; x_wconf 82' lang='lat'><strong>,-</strong></span> <span class='ocrx_word' id='word_1_33' title='bbox 1802 761 1875 831; x_wconf 90' lang='lat' dir='ltr'><strong>id</strong></span> <span class='ocrx_word' id='word_1_34' title='bbox 1915 786 2067 834; x_wconf 89' lang='lat' dir='ltr'><strong>esse</strong></span> <span class='ocrx_word' id='word_1_35' title='bbox 2120 765 2274 834; x_wconf 89' lang='lat' dir='ltr'><strong>sine</strong></span> <span class='ocrx_word' id='word_1_36' title='bbox 2323 786 2575 849; x_wconf 82' lang='lat' dir='ltr'><strong>sensu,</strong></span> 
     </span>
     <span class='ocr_line' id='line_1_6' title="bbox 448 870 2581 971; baseline 0 -28"><span class='ocrx_word' id='word_1_37' title='bbox 448 873 519 945; x_wconf 88' lang='lat' dir='ltr'><strong>id</strong></span> <span class='ocrx_word' id='word_1_38' title='bbox 566 871 924 971; x_wconf 87' lang='lat' dir='ltr'><strong>ejusmodi</strong></span> <span class='ocrx_word' id='word_1_39' title='bbox 973 886 1121 959; x_wconf 90' lang='lat' dir='ltr'><strong>est,</strong></span> <span class='ocrx_word' id='word_1_40' title='bbox 1173 887 1256 942; x_wconf 91' lang='lat' dir='ltr'><strong>ut</strong></span> <span class='ocrx_word' id='word_1_41' title='bbox 1305 894 1455 941; x_wconf 90' lang='lat' dir='ltr'><strong>non</strong></span> <span class='ocrx_word' id='word_1_42' title='bbox 1505 871 1678 942; x_wconf 87' lang='lat' dir='ltr'><strong>satis</strong></span> <span class='ocrx_word' id='word_1_43' title='bbox 1719 870 1933 969; x_wconf 83' lang='lat' dir='ltr'><strong>plane</strong></span> <span class='ocrx_word' id='word_1_44' title='bbox 1982 872 2212 960; x_wconf 89' lang='lat' dir='ltr'><strong>dicat,</strong></span> <span class='ocrx_word' id='word_1_45' title='bbox 2258 872 2451 970; x_wconf 90' lang='lat' dir='ltr'><strong>quid·</strong></span> <span class='ocrx_word' id='word_1_46' title='bbox 2490 875 2581 945; x_wconf 91' lang='lat' dir='ltr'><strong>sit</strong></span> 
     </span>
    </p>
   </div>
   <div class='ocr_carea' id='block_1_4' title="bbox 448 974 2707 1079">
    <p class='ocr_par' dir='ltr' id='par_1_4' title="bbox 448 974 2707 1079">
     <span class='ocr_line' id='line_1_7' title="bbox 448 974 2707 1079; baseline 0.002 -26"><span class='ocrx_word' id='word_1_47' title='bbox 448 982 880 1055; x_wconf 87' lang='lat' dir='ltr'><strong>dissolutum</strong></span> <span class='ocrx_word' id='word_1_48' title='bbox 904 992 988 1051; x_wconf 86' lang='lat'><strong>¹⁰.</strong></span> <span class='ocrx_word' id='word_1_49' title='bbox 1025 979 1166 1052; x_wconf 91' lang='lat' dir='ltr'><strong>Sed</strong></span> <span class='ocrx_word' id='word_1_50' title='bbox 1203 994 1447 1052; x_wconf 87' lang='lat' dir='ltr'><strong>tamen</strong></span> <span class='ocrx_word' id='word_1_51' title='bbox 1480 979 1834 1079; x_wconf 79' lang='lat' dir='ltr'><strong>intellige,</strong></span> <span class='ocrx_word' id='word_1_52' title='bbox 1871 981 2051 1078; x_wconf 90' lang='lat' dir='ltr'><strong>quid</strong></span> <span class='ocrx_word' id='word_1_53' title='bbox 2086 974 2278 1054; x_wconf 87' lang='lat' dir='ltr'><strong>velit.</strong></span> <span class='ocrx_word' id='word_1_54' title='bbox 2316 988 2581 1075; x_wconf 65' lang='lat' dir='ltr'><strong>Quaero</strong></span> <span class='ocrx_word' id='word_1_55' title='bbox 2613 1031 2707 1069; x_wconf 67' lang='lat'><strong>101</strong></span> 
     </span>
    </p>
   </div>
   <div class='ocr_carea' id='block_1_5' title="bbox 445 1089 2582 1848">
    <p class='ocr_par' dir='ltr' id='par_1_5' title="bbox 445 1089 2582 1848">
     <span class='ocr_line' id='line_1_8' title="bbox 447 1089 2578 1189; baseline 0 -23"><span class='ocrx_word' id='word_1_56' title='bbox 447 1110 729 1178; x_wconf 88' lang='lat' dir='ltr'><strong>autem,</strong></span> <span class='ocrx_word' id='word_1_57' title='bbox 767 1089 946 1189; x_wconf 91' lang='lat' dir='ltr'><strong>quid</strong></span> <span class='ocrx_word' id='word_1_58' title='bbox 1000 1090 1130 1179; x_wconf 89' lang='lat' dir='ltr'><strong>sit,</strong></span> <span class='ocrx_word' id='word_1_59' title='bbox 1177 1090 1420 1189; x_wconf 90' lang='lat' dir='ltr'><strong>quod,</strong></span> <span class='ocrx_word' id='word_1_60' title='bbox 1474 1114 1707 1187; x_wconf 89' lang='lat' dir='ltr'><strong>quum</strong></span> <span class='ocrx_word' id='word_1_61' title='bbox 1752 1089 2264 1180; x_wconf 83' lang='lat' dir='ltr'><strong>dissolutione,</strong></span> <span class='ocrx_word' id='word_1_62' title='bbox 2307 1093 2385 1164; x_wconf 92' lang='lat' dir='ltr'><strong>id</strong></span> <span class='ocrx_word' id='word_1_63' title='bbox 2434 1110 2578 1179; x_wconf 87' lang='lat' dir='ltr'><strong>est,</strong></span> 
     </span>
     <span class='ocr_line' id='line_1_9' title="bbox 450 1202 2578 1303; baseline 0.001 -30"><span class='ocrx_word' id='word_1_64' title='bbox 450 1217 720 1289; x_wconf 89' lang='lat' dir='ltr'><strong>morte,</strong></span> <span class='ocrx_word' id='word_1_65' title='bbox 771 1225 1024 1273; x_wconf 90' lang='lat' dir='ltr'><strong>sensus</strong></span> <span class='ocrx_word' id='word_1_66' title='bbox 1072 1204 1310 1272; x_wconf 90' lang='lat' dir='ltr'><strong>omnis</strong></span> <span class='ocrx_word' id='word_1_67' title='bbox 1343 1202 1884 1298; x_wconf 84' lang='lat' dir='ltr'><strong>exstinguatur,</strong></span> <span class='ocrx_word' id='word_1_68' title='bbox 1927 1215 2000 1272; x_wconf 92' lang='lat' dir='ltr'><strong>et</strong></span> <span class='ocrx_word' id='word_1_69' title='bbox 2044 1226 2275 1298; x_wconf 90' lang='lat' dir='ltr'><strong>quum</strong></span> <span class='ocrx_word' id='word_1_70' title='bbox 2316 1203 2578 1303; x_wconf 80' lang='lat' dir='ltr'><strong>reliqui</strong></span> 
     </span>
     <span class='ocr_line' id='line_1_10' title="bbox 447 1309 2582 1409; baseline 0.002 -29"><span class='ocrx_word' id='word_1_71' title='bbox 447 1310 628 1382; x_wconf 87' lang='lat' dir='ltr'><strong>nihil</strong></span> <span class='ocrx_word' id='word_1_72' title='bbox 672 1312 764 1383; x_wconf 89' lang='lat' dir='ltr'><strong>sit</strong></span> <span class='ocrx_word' id='word_1_73' title='bbox 798 1315 1139 1400; x_wconf 88' lang='lat' dir='ltr'><strong>omnino,</strong></span> <span class='ocrx_word' id='word_1_74' title='bbox 1176 1309 1381 1409; x_wconf 89' lang='lat' dir='ltr'><strong>quod</strong></span> <span class='ocrx_word' id='word_1_75' title='bbox 1426 1312 1785 1409; x_wconf 84' lang='lat' dir='ltr'><strong>pertineat</strong></span> <span class='ocrx_word' id='word_1_76' title='bbox 1825 1309 1915 1382; x_wconf 91' lang='lat' dir='ltr'><strong>ad</strong></span> <span class='ocrx_word' id='word_1_77' title='bbox 1962 1333 2098 1381; x_wconf 89' lang='lat' dir='ltr'><strong>nos</strong></span> <span class='ocrx_word' id='word_1_78' title='bbox 2127 1364 2147 1398; x_wconf 91' lang='lat'><strong>,</strong></span> <span class='ocrx_word' id='word_1_79' title='bbox 2189 1325 2333 1382; x_wconf 87' lang='lat' dir='ltr'><strong>tarn</strong></span> <span class='ocrx_word' id='word_1_80' title='bbox 2377 1337 2582 1384; x_wconf 91' lang='lat' dir='ltr'><strong>accu-</strong></span> 
     </span>
     <span class='ocr_line' id='line_1_11' title="bbox 445 1420 2580 1521; baseline 0 -30"><span class='ocrx_word' id='word_1_81' title='bbox 445 1436 597 1491; x_wconf 87' lang='lat' dir='ltr'><strong>rate</strong></span> <span class='ocrx_word' id='word_1_82' title='bbox 625 1475 645 1506; x_wconf 90' lang='lat'><strong>,</strong></span> <span class='ocrx_word' id='word_1_83' title='bbox 683 1436 976 1518; x_wconf 88' lang='lat' dir='ltr'><strong>tamque</strong></span> <span class='ocrx_word' id='word_1_84' title='bbox 1016 1420 1399 1519; x_wconf 85' lang='lat' dir='ltr'><strong>diligenter</strong></span> <span class='ocrx_word' id='word_1_85' title='bbox 1435 1436 1684 1492; x_wconf 81' lang='lat' dir='ltr'><strong>caveat</strong></span> <span class='ocrx_word' id='word_1_86' title='bbox 1718 1434 1790 1490; x_wconf 89' lang='lat' dir='ltr'><strong>et</strong></span> <span class='ocrx_word' id='word_1_87' title='bbox 1823 1422 2093 1492; x_wconf 88' lang='lat' dir='ltr'><strong>sanciat</strong></span> <span class='ocrx_word' id='word_1_88' title='bbox 2115 1474 2135 1508; x_wconf 93' lang='lat'><strong>,</strong></span> <span class='ocrx_word' id='word_1_89' title='bbox 2181 1450 2215 1485; x_wconf 76' lang='lat' dir='ltr'><strong>a</strong></span> <span class='ocrx_word' id='word_1_90' title='bbox 2241 1437 2327 1493; x_wconf 93' lang='lat' dir='ltr'><strong>ut</strong></span> <span class='ocrx_word' id='word_1_91' title='bbox 2363 1425 2580 1521; x_wconf 88' lang='lat' dir='ltr'><strong>Amy-</strong></span> 
     </span>
     <span class='ocr_line' id='line_1_12' title="bbox 447 1528 2580 1619; baseline 0.001 -18"><span class='ocrx_word' id='word_1_92' title='bbox 447 1531 845 1603; x_wconf 91' lang='lat' dir='ltr'><strong>nomachus</strong></span> <span class='ocrx_word' id='word_1_93' title='bbox 868 1543 922 1576; x_wconf 84' lang='lat'><strong>¹¹</strong></span> <span class='ocrx_word' id='word_1_94' title='bbox 967 1545 1045 1603; x_wconf 91' lang='lat' dir='ltr'><strong>et</strong></span> <span class='ocrx_word' id='word_1_95' title='bbox 1079 1533 1559 1617; x_wconf 84' lang='lat' dir='ltr'><strong>Timocrates,</strong></span> <span class='ocrx_word' id='word_1_96' title='bbox 1621 1528 1925 1601; x_wconf 87' lang='lat' dir='ltr'><strong>heredes</strong></span> <span class='ocrx_word' id='word_1_97' title='bbox 1965 1530 2113 1619; x_wconf 86' lang='lat' dir='ltr'><strong>sui,</strong></span> <span class='ocrx_word' id='word_1_98' title='bbox 2151 1529 2243 1601; x_wconf 91' lang='lat' dir='ltr'><strong>de</strong></span> <span class='ocrx_word' id='word_1_99' title='bbox 2277 1537 2580 1605; x_wconf 83' lang='lat' dir='ltr'><strong>Herma-</strong></span> 
     </span>
     <span class='ocr_line' id='line_1_13' title="bbox 445 1638 2579 1740; baseline -0 -28"><span class='ocrx_word' id='word_1_100' title='bbox 445 1641 566 1713; x_wconf 91' lang='lat' dir='ltr'><strong>chi</strong></span> <span class='ocrx_word' id='word_1_101' title='bbox 615 1645 1053 1714; x_wconf 79' lang='lat' dir='ltr'><strong>sententia1²</strong></span> <span class='ocrx_word' id='word_1_102' title='bbox 1113 1641 1327 1727; x_wconf 88' lang='lat' dir='ltr'><strong>dent,</strong></span> <span class='ocrx_word' id='word_1_103' title='bbox 1377 1638 1580 1739; x_wconf 92' lang='lat' dir='ltr'><strong>quod</strong></span> <span class='ocrx_word' id='word_1_104' title='bbox 1631 1644 1800 1711; x_wconf 88' lang='lat' dir='ltr'><strong>satis</strong></span> <span class='ocrx_word' id='word_1_105' title='bbox 1837 1642 1932 1711; x_wconf 89' lang='lat' dir='ltr'><strong>sit</strong></span> <span class='ocrx_word' id='word_1_106' title='bbox 1980 1639 2072 1712; x_wconf 89' lang='lat' dir='ltr'><strong>ad</strong></span> <span class='ocrx_word' id='word_1_107' title='bbox 2111 1640 2304 1711; x_wconf 90' lang='lat' dir='ltr'><strong>diem</strong></span> <span class='ocrx_word' id='word_1_108' title='bbox 2362 1665 2579 1740; x_wconf 85' lang='lat' dir='ltr'><strong>agen-</strong></span> 
     </span>
     <span class='ocr_line' id='line_1_14' title="bbox 445 1744 2580 1848; baseline -0 -24"><span class='ocrx_word' id='word_1_109' title='bbox 445 1752 620 1824; x_wconf 85' lang='lat' dir='ltr'><strong>dum</strong></span> <span class='ocrx_word' id='word_1_110' title='bbox 658 1751 969 1824; x_wconf 86' lang='lat' dir='ltr'><strong>natalem</strong></span> <span class='ocrx_word' id='word_1_111' title='bbox 1010 1774 1223 1822; x_wconf 88' lang='lat' dir='ltr'><strong>suum</strong></span> <span class='ocrx_word' id='word_1_112' title='bbox 1260 1751 1652 1848; x_wconf 86' lang='lat' dir='ltr'><strong>quotannis</strong></span> <span class='ocrx_word' id='word_1_113' title='bbox 1679 1803 1699 1839; x_wconf 88' lang='lat'>‚</span> <span class='ocrx_word' id='word_1_114' title='bbox 1745 1774 1995 1824; x_wconf 88' lang='lat' dir='ltr'><strong>mense</strong></span> <span class='ocrx_word' id='word_1_115' title='bbox 2039 1744 2462 1823; x_wconf 88' lang='lat' dir='ltr'><strong>Gamelione</strong></span> <span class='ocrx_word' id='word_1_116' title='bbox 2487 1749 2580 1841; x_wconf 75' lang='lat'><strong>¹³3</strong></span> 
     </span>
    </p>
   </div>
   <div class='ocr_carea' id='block_1_6' title="bbox 395 1958 1464 4245">
    <p class='ocr_par' dir='ltr' id='par_1_6' title="bbox 433 1958 1464 3597">
     <span class='ocr_line' id='line_1_15' title="bbox 516 1958 1459 2025; baseline -0.003 -15"><span class='ocrx_word' id='word_1_117' title='bbox 516 1978 567 2025; x_wconf 85' lang='lat'><strong>9.</strong></span> <span class='ocrx_word' id='word_1_118' title='bbox 603 1962 741 2010; x_wconf 71' lang='lat' dir='ltr'><strong>Nihil</strong></span> <span class='ocrx_word' id='word_1_119' title='bbox 764 1959 961 2010; x_wconf 75' lang='lat' dir='ltr'><strong>omnino</strong></span> <span class='ocrx_word' id='word_1_120' title='bbox 991 1958 1066 2007; x_wconf 80' lang='lat' dir='ltr'><strong>ad</strong></span> <span class='ocrx_word' id='word_1_121' title='bbox 1086 1975 1176 2008; x_wconf 81' lang='lat' dir='ltr'><strong>nos</strong></span> <span class='ocrx_word' id='word_1_122' title='bbox 1194 1958 1459 2025; x_wconf 71' lang='lat' dir='ltr'><strong>pertinere.</strong></span> 
     </span>
     <span class='ocr_line' id='line_1_16' title="bbox 444 2038 1463 2104; baseline 0 -17"><span class='ocrx_word' id='word_1_123' title='bbox 444 2040 579 2089; x_wconf 86' lang='lat' dir='ltr'><strong>Goer.</strong></span> <span class='ocrx_word' id='word_1_124' title='bbox 605 2041 807 2088; x_wconf 86' lang='lat' dir='ltr'><strong>scribit:</strong></span> <span class='ocrx_word' id='word_1_125' title='bbox 844 2058 867 2083; x_wconf 71' lang='grc' dir='ltr'><strong>α</strong></span> <span class='ocrx_word' id='word_1_126' title='bbox 882 2039 1007 2087; x_wconf 83' lang='lat' dir='ltr'><strong>nihil</strong></span> <span class='ocrx_word' id='word_1_127' title='bbox 1022 2038 1086 2087; x_wconf 82' lang='lat' dir='ltr'><strong>ad</strong></span> <span class='ocrx_word' id='word_1_128' title='bbox 1108 2055 1199 2087; x_wconf 88' lang='lat' dir='ltr'><strong>uos</strong></span> <span class='ocrx_word' id='word_1_129' title='bbox 1223 2040 1463 2104; x_wconf 86' lang='lat' dir='ltr'><strong>pertinere</strong></span> 
     </span>
     <span class='ocr_line' id='line_1_17' title="bbox 442 2119 1460 2184; baseline 0.003 -19"><span class='ocrx_word' id='word_1_130' title='bbox 442 2121 646 2167; x_wconf 86' lang='lat' dir='ltr'><strong>omnino</strong></span> <span class='ocrx_word' id='word_1_131' title='bbox 665 2141 707 2167; x_wconf 70' lang='lat' dir='ltr'><strong>n.</strong></span> <span class='ocrx_word' id='word_1_132' title='bbox 734 2122 845 2168; x_wconf 82' lang='lat' dir='ltr'><strong>Hoc</strong></span> <span class='ocrx_word' id='word_1_133' title='bbox 861 2154 875 2178; x_wconf 92' lang='lat'><strong>,</strong></span> <span class='ocrx_word' id='word_1_134' title='bbox 902 2120 1090 2183; x_wconf 70' lang='lat' dir='ltr'><strong>inquit,</strong></span> <span class='ocrx_word' id='word_1_135' title='bbox 1128 2119 1301 2167; x_wconf 84' lang='lat' dir='ltr'><strong>ordine</strong></span> <span class='ocrx_word' id='word_1_136' title='bbox 1330 2120 1460 2184; x_wconf 88' lang='lat' dir='ltr'><strong>Spir.</strong></span> 
     </span>
     <span class='ocr_line' id='line_1_18' title="bbox 444 2196 1464 2262; baseline 0.001 -17"><span class='ocrx_word' id='word_1_137' title='bbox 444 2198 543 2246; x_wconf 87' lang='lat' dir='ltr'><strong>Erl.</strong></span> <span class='ocrx_word' id='word_1_138' title='bbox 584 2196 717 2245; x_wconf 90' lang='lat' dir='ltr'><strong>Gud.</strong></span> <span class='ocrx_word' id='word_1_139' title='bbox 768 2213 789 2244; x_wconf 86' lang='lat'>1</span> <span class='ocrx_word' id='word_1_140' title='bbox 834 2208 884 2246; x_wconf 92' lang='lat' dir='ltr'><strong>et</strong></span> <span class='ocrx_word' id='word_1_141' title='bbox 918 2199 1049 2247; x_wconf 87' lang='lat' dir='ltr'><strong>Crat.</strong></span> <span class='ocrx_word' id='word_1_142' title='bbox 1088 2198 1253 2262; x_wconf 77' lang='lat' dir='ltr'><strong>Vulgo</strong></span> <span class='ocrx_word' id='word_1_143' title='bbox 1292 2218 1317 2240; x_wconf 74' lang='grc' dir='ltr'><strong>α</strong></span> <span class='ocrx_word' id='word_1_144' title='bbox 1339 2199 1464 2246; x_wconf 85' lang='lat' dir='ltr'><strong>nihil</strong></span> 
     </span>
     <span class='ocr_line' id='line_1_19' title="bbox 442 2275 1463 2340; baseline 0 -16"><span class='ocrx_word' id='word_1_145' title='bbox 442 2276 645 2324; x_wconf 86' lang='lat' dir='ltr'><strong>omnino</strong></span> <span class='ocrx_word' id='word_1_146' title='bbox 666 2275 728 2323; x_wconf 86' lang='lat' dir='ltr'><strong>ad</strong></span> <span class='ocrx_word' id='word_1_147' title='bbox 750 2291 843 2324; x_wconf 85' lang='lat' dir='ltr'><strong>nos</strong></span> <span class='ocrx_word' id='word_1_148' title='bbox 866 2277 1111 2340; x_wconf 87' lang='lat' dir='ltr'><strong>pertinere</strong></span> <span class='ocrx_word' id='word_1_149' title='bbox 1127 2297 1171 2324; x_wconf 68' lang='lat' dir='ltr'><strong>a.</strong></span> <span class='ocrx_word' id='word_1_150' title='bbox 1200 2276 1463 2325; x_wconf 80' lang='lat' dir='ltr'><strong>offendere</strong></span> 
     </span>
     <span class='ocr_line' id='line_1_20' title="bbox 441 2354 1462 2418; baseline 0.002 -16"><span class='ocrx_word' id='word_1_151' title='bbox 441 2355 615 2418; x_wconf 83' lang='lat' dir='ltr'><strong>reliqui</strong></span> <span class='ocrx_word' id='word_1_152' title='bbox 636 2354 810 2404; x_wconf 62' lang='lat' dir='ltr'><strong>scribe</strong></span> <span class='ocrx_word' id='word_1_153' title='bbox 837 2356 889 2404; x_wconf 88' lang='lat' dir='ltr'><strong>in</strong></span> <span class='ocrx_word' id='word_1_154' title='bbox 912 2355 1146 2403; x_wconf 84' lang='lat' dir='ltr'><strong>adverbio</strong></span> <span class='ocrx_word' id='word_1_155' title='bbox 1172 2355 1226 2402; x_wconf 89' lang='lat' dir='ltr'><strong>in</strong></span> <span class='ocrx_word' id='word_1_156' title='bbox 1252 2355 1462 2404; x_wconf 73' lang='lat' dir='ltr'><strong>clausula</strong></span> 
     </span>
     <span class='ocr_line' id='line_1_21' title="bbox 440 2433 1461 2499; baseline 0.001 -16"><span class='ocrx_word' id='word_1_157' title='bbox 440 2436 624 2499; x_wconf 87' lang='lat' dir='ltr'><strong>posito.</strong></span> <span class='ocrx_word' id='word_1_158' title='bbox 664 2435 891 2483; x_wconf 78' lang='lat' dir='ltr'><strong>Davisius</strong></span> <span class='ocrx_word' id='word_1_159' title='bbox 920 2435 1066 2483; x_wconf 87' lang='lat' dir='ltr'><strong>tacite</strong></span> <span class='ocrx_word' id='word_1_160' title='bbox 1103 2433 1237 2482; x_wconf 82' lang='lat' dir='ltr'><strong>dedit</strong></span> <span class='ocrx_word' id='word_1_161' title='bbox 1272 2452 1363 2483; x_wconf 68' lang='lat' dir='ltr'><strong>nu.</strong></span> <span class='ocrx_word' id='word_1_162' title='bbox 1398 2436 1461 2484; x_wconf 78' lang='lat' dir='ltr'><strong>ad</strong></span> 
     </span>
     <span class='ocr_line' id='line_1_22' title="bbox 439 2513 1461 2579; baseline 0.001 -19"><span class='ocrx_word' id='word_1_163' title='bbox 439 2529 531 2560; x_wconf 88' lang='lat' dir='ltr'><strong>nos</strong></span> <span class='ocrx_word' id='word_1_164' title='bbox 566 2514 770 2561; x_wconf 87' lang='lat' dir='ltr'><strong>omnino</strong></span> <span class='ocrx_word' id='word_1_165' title='bbox 805 2526 930 2579; x_wconf 88' lang='lat' dir='ltr'><strong>pert.</strong></span> <span class='ocrx_word' id='word_1_166' title='bbox 956 2534 979 2558; x_wconf 69' lang='lat' dir='ltr'><strong>a</strong></span> <span class='ocrx_word' id='word_1_167' title='bbox 1003 2516 1121 2561; x_wconf 91' lang='lat' dir='ltr'><strong>item</strong></span> <span class='ocrx_word' id='word_1_168' title='bbox 1155 2513 1287 2563; x_wconf 80' lang='lat' dir='ltr'><strong>haud</strong></span> <span class='ocrx_word' id='word_1_169' title='bbox 1311 2513 1461 2562; x_wconf 82' lang='lat' dir='ltr'><strong>dubie</strong></span> 
     </span>
     <span class='ocr_line' id='line_1_23' title="bbox 439 2593 1462 2652; baseline 0.001 -11"><span class='ocrx_word' id='word_1_170' title='bbox 439 2609 498 2641; x_wconf 79' lang='lat' dir='ltr'><strong>ex</strong></span> <span class='ocrx_word' id='word_1_171' title='bbox 522 2596 639 2642; x_wconf 88' lang='lat' dir='ltr'><strong>suis.</strong></span> <span class='ocrx_word' id='word_1_172' title='bbox 668 2594 840 2643; x_wconf 89' lang='lat' dir='ltr'><strong>Cicero</strong></span> <span class='ocrx_word' id='word_1_173' title='bbox 868 2595 935 2642; x_wconf 82' lang='lat' dir='ltr'><strong>ita</strong></span> <span class='ocrx_word' id='word_1_174' title='bbox 961 2593 1159 2652; x_wconf 82' lang='lat' dir='ltr'><strong>scribit,</strong></span> <span class='ocrx_word' id='word_1_175' title='bbox 1186 2604 1243 2642; x_wconf 83' lang='lat' dir='ltr'><strong>ut</strong></span> <span class='ocrx_word' id='word_1_176' title='bbox 1265 2610 1356 2642; x_wconf 84' lang='lat' dir='ltr'><strong>uos</strong></span> <span class='ocrx_word' id='word_1_177' title='bbox 1383 2608 1462 2642; x_wconf 88' lang='lat' dir='ltr'><strong>re-</strong></span> 
     </span>
     <span class='ocr_line' id='line_1_24' title="bbox 440 2672 1461 2737; baseline 0.002 -16"><span class='ocrx_word' id='word_1_178' title='bbox 440 2673 705 2737; x_wconf 85' lang='lat' dir='ltr'><strong>posuimus.</strong></span> <span class='ocrx_word' id='word_1_179' title='bbox 749 2672 819 2723; x_wconf 81' lang='lat' dir='ltr'><strong>N.</strong></span> <span class='ocrx_word' id='word_1_180' title='bbox 856 2676 923 2722; x_wconf 91' lang='lat' dir='ltr'><strong>D.</strong></span> <span class='ocrx_word' id='word_1_181' title='bbox 953 2675 1056 2731; x_wconf 91' lang='lat'><strong>111,</strong></span> <span class='ocrx_word' id='word_1_182' title='bbox 1091 2689 1184 2734; x_wconf 81' lang='lat'><strong>27,</strong></span> <span class='ocrx_word' id='word_1_183' title='bbox 1209 2674 1312 2737; x_wconf 83' lang='lat'><strong>69.-</strong></span> <span class='ocrx_word' id='word_1_184' title='bbox 1361 2685 1461 2722; x_wconf 65' lang='lat' dir='ltr'><strong>nat</strong></span> 
     </span>
     <span class='ocr_line' id='line_1_25' title="bbox 437 2752 1460 2816; baseline -0.001 -16"><span class='ocrx_word' id='word_1_185' title='bbox 437 2754 605 2800; x_wconf 81' lang='lat' dir='ltr'><strong>vinum</strong></span> <span class='ocrx_word' id='word_1_186' title='bbox 632 2753 875 2816; x_wconf 66' lang='lat' dir='ltr'><strong>aegrotis...</strong></span> <span class='ocrx_word' id='word_1_187' title='bbox 904 2752 1077 2800; x_wconf 88' lang='lat' dir='ltr'><strong>melius</strong></span> <span class='ocrx_word' id='word_1_188' title='bbox 1099 2764 1173 2801; x_wconf 87' lang='lat' dir='ltr'><strong>est</strong></span> <span class='ocrx_word' id='word_1_189' title='bbox 1198 2768 1301 2801; x_wconf 86' lang='lat' dir='ltr'><strong>nou</strong></span> <span class='ocrx_word' id='word_1_190' title='bbox 1321 2752 1460 2800; x_wconf 86' lang='lat' dir='ltr'><strong>adhi-</strong></span> 
     </span>
     <span class='ocr_line' id='line_1_26' title="bbox 436 2829 1453 2893; baseline 0.001 -13"><span class='ocrx_word' id='word_1_191' title='bbox 436 2833 552 2880; x_wconf 87' lang='lat' dir='ltr'><strong>bere</strong></span> <span class='ocrx_word' id='word_1_192' title='bbox 588 2834 792 2880; x_wconf 85' lang='lat' dir='ltr'><strong>omnino</strong></span> <span class='ocrx_word' id='word_1_193' title='bbox 808 2853 852 2881; x_wconf 72' lang='lat' dir='ltr'><strong>n.</strong></span> <span class='ocrx_word' id='word_1_194' title='bbox 877 2830 1067 2881; x_wconf 78' lang='lat' dir='ltr'><strong>Acadd.</strong></span> <span class='ocrx_word' id='word_1_195' title='bbox 1100 2833 1177 2893; x_wconf 88' lang='lat'><strong>11,</strong></span> <span class='ocrx_word' id='word_1_196' title='bbox 1216 2829 1277 2882; x_wconf 79' lang='lat'><strong>15</strong></span> <span class='ocrx_word' id='word_1_197' title='bbox 1295 2865 1313 2893; x_wconf 85' lang='lat'><strong>,</strong></span> <span class='ocrx_word' id='word_1_198' title='bbox 1345 2829 1413 2887; x_wconf 65' lang='lat'><strong>48</strong></span> <span class='ocrx_word' id='word_1_199' title='bbox 1439 2847 1453 2881; x_wconf 90' lang='lat'><strong>:</strong></span> 
     </span>
     <span class='ocr_line' id='line_1_27' title="bbox 441 2911 1458 2975; baseline 0.004 -20"><span class='ocrx_word' id='word_1_200' title='bbox 441 2933 463 2955; x_wconf 73' lang='grc' dir='ltr'>ι</span> <span class='ocrx_word' id='word_1_201' title='bbox 487 2922 536 2959; x_wconf 89' lang='lat' dir='ltr'><strong>et</strong></span> <span class='ocrx_word' id='word_1_202' title='bbox 560 2912 602 2959; x_wconf 83' lang='lat' dir='ltr'><strong>si</strong></span> <span class='ocrx_word' id='word_1_203' title='bbox 630 2911 737 2959; x_wconf 81' lang='lat' dir='ltr'><strong>haec</strong></span> <span class='ocrx_word' id='word_1_204' title='bbox 758 2947 773 2972; x_wconf 91' lang='lat'><strong>,</strong></span> <span class='ocrx_word' id='word_1_205' title='bbox 800 2927 890 2958; x_wconf 86' lang='lat' dir='ltr'><strong>cur</strong></span> <span class='ocrx_word' id='word_1_206' title='bbox 915 2927 1019 2958; x_wconf 85' lang='lat' dir='ltr'><strong>non</strong></span> <span class='ocrx_word' id='word_1_207' title='bbox 1043 2911 1171 2958; x_wconf 84' lang='lat' dir='ltr'><strong>inter</strong></span> <span class='ocrx_word' id='word_1_208' title='bbox 1196 2927 1307 2975; x_wconf 70' lang='lat' dir='ltr'><strong>qu·</strong></span> <span class='ocrx_word' id='word_1_209' title='bbox 1333 2912 1458 2959; x_wconf 85' lang='lat' dir='ltr'><strong>nibil</strong></span> 
     </span>
     <span class='ocr_line' id='line_1_28' title="bbox 434 2990 1458 3053; baseline 0.002 -16"><span class='ocrx_word' id='word_1_210' title='bbox 434 2993 627 3041; x_wconf 87' lang='lat' dir='ltr'><strong>intersit</strong></span> <span class='ocrx_word' id='word_1_211' title='bbox 648 2991 853 3040; x_wconf 89' lang='lat' dir='ltr'><strong>omnino</strong></span> <span class='ocrx_word' id='word_1_212' title='bbox 873 3012 917 3040; x_wconf 67' lang='lat' dir='ltr'><strong>a.</strong></span> <span class='ocrx_word' id='word_1_213' title='bbox 941 2992 1106 3053; x_wconf 78' lang='lat' dir='ltr'><strong>Atque</strong></span> <span class='ocrx_word' id='word_1_214' title='bbox 1131 2990 1198 3039; x_wconf 82' lang='lat' dir='ltr'><strong>ita</strong></span> <span class='ocrx_word' id='word_1_215' title='bbox 1221 2992 1345 3038; x_wconf 70' lang='lat' dir='ltr'><strong>infra</strong></span> <span class='ocrx_word' id='word_1_216' title='bbox 1366 3007 1458 3039; x_wconf 87' lang='lat' dir='ltr'><strong>no-</strong></span> 
     </span>
     <span class='ocr_line' id='line_1_29' title="bbox 434 3062 1455 3134; baseline 0.002 -18"><span class='ocrx_word' id='word_1_217' title='bbox 434 3068 511 3119; x_wconf 82' lang='lat' dir='ltr'><strong>bis</strong></span> <span class='ocrx_word' id='word_1_218' title='bbox 540 3062 955 3134; x_wconf 72' lang='lat' dir='ltr'><strong>transponendum</strong></span> <span class='ocrx_word' id='word_1_219' title='bbox 974 3068 1088 3126; x_wconf 87' lang='lat' dir='ltr'><strong>erit,</strong></span> <span class='ocrx_word' id='word_1_220' title='bbox 1116 3068 1224 3116; x_wconf 85' lang='lat' dir='ltr'><strong>Fin.</strong></span> <span class='ocrx_word' id='word_1_221' title='bbox 1244 3071 1333 3129; x_wconf 82' lang='lat' dir='ltr'><strong>IV,</strong></span> <span class='ocrx_word' id='word_1_222' title='bbox 1362 3071 1455 3130; x_wconf 76' lang='lat'><strong>25,</strong></span> 
     </span>
     <span class='ocr_line' id='line_1_30' title="bbox 441 3147 1456 3210; baseline 0.001 -13"><span class='ocrx_word' id='word_1_223' title='bbox 441 3165 505 3210; x_wconf 88' lang='lat'><strong>70</strong></span> <span class='ocrx_word' id='word_1_224' title='bbox 526 3163 538 3196; x_wconf 95' lang='lat'><strong>:</strong></span> <span class='ocrx_word' id='word_1_225' title='bbox 564 3172 590 3192; x_wconf 74' lang='grc' dir='ltr'><strong>α</strong></span> <span class='ocrx_word' id='word_1_226' title='bbox 605 3150 733 3197; x_wconf 88' lang='lat' dir='ltr'><strong>inter</strong></span> <span class='ocrx_word' id='word_1_227' title='bbox 758 3160 941 3198; x_wconf 76' lang='lat' dir='ltr'><strong>ceteras</strong></span> <span class='ocrx_word' id='word_1_228' title='bbox 970 3165 1045 3196; x_wconf 84' lang='lat' dir='ltr'><strong>res</strong></span> <span class='ocrx_word' id='word_1_229' title='bbox 1076 3147 1200 3195; x_wconf 85' lang='lat' dir='ltr'><strong>nihil</strong></span> <span class='ocrx_word' id='word_1_230' title='bbox 1225 3148 1456 3198; x_wconf 85' lang='lat' dir='ltr'><strong>iuteresse</strong></span> 
     </span>
     <span class='ocr_line' id='line_1_31' title="bbox 436 3226 1457 3286; baseline -0.001 -11"><span class='ocrx_word' id='word_1_231' title='bbox 436 3228 641 3276; x_wconf 88' lang='lat' dir='ltr'><strong>omnino</strong></span> <span class='ocrx_word' id='word_1_232' title='bbox 662 3250 706 3277; x_wconf 72' lang='grc' dir='ltr'><strong>ι.</strong></span> <span class='ocrx_word' id='word_1_233' title='bbox 735 3231 804 3278; x_wconf 78' lang='lat' dir='ltr'><strong>At</strong></span> <span class='ocrx_word' id='word_1_234' title='bbox 823 3229 875 3275; x_wconf 88' lang='lat' dir='ltr'><strong>in</strong></span> <span class='ocrx_word' id='word_1_235' title='bbox 900 3228 1080 3276; x_wconf 83' lang='lat' dir='ltr'><strong>Graecis</strong></span> <span class='ocrx_word' id='word_1_236' title='bbox 1104 3226 1227 3274; x_wconf 77' lang='lat' dir='ltr'><strong>nibil</strong></span> <span class='ocrx_word' id='word_1_237' title='bbox 1246 3238 1347 3286; x_wconf 81' lang='lat' dir='ltr'><strong>est,-</strong></span> <span class='ocrx_word' id='word_1_238' title='bbox 1367 3243 1457 3275; x_wconf 90' lang='lat' dir='ltr'><strong>cur</strong></span> 
     </span>
     <span class='ocr_line' id='line_1_32' title="bbox 434 3306 1453 3370; baseline 0.001 -16"><span class='ocrx_word' id='word_1_239' title='bbox 434 3306 722 3355; x_wconf 79' lang='lat' dir='ltr'><strong>Ciceronem</strong></span> <span class='ocrx_word' id='word_1_240' title='bbox 761 3308 957 3355; x_wconf 77' lang='lat' dir='ltr'><strong>omnino</strong></span> <span class='ocrx_word' id='word_1_241' title='bbox 999 3306 1243 3354; x_wconf 72' lang='lat' dir='ltr'><strong>addidisse</strong></span> <span class='ocrx_word' id='word_1_242' title='bbox 1287 3317 1453 3370; x_wconf 81' lang='lat' dir='ltr'><strong>putes.</strong></span> 
     </span>
     <span class='ocr_line' id='line_1_33' title="bbox 433 3387 1456 3451; baseline 0.002 -20"><span class='ocrx_word' id='word_1_243' title='bbox 433 3387 569 3450; x_wconf 81' lang='lat' dir='ltr'><strong>Vaga</strong></span> <span class='ocrx_word' id='word_1_244' title='bbox 591 3402 790 3451; x_wconf 86' lang='lat' dir='ltr'><strong>quoque</strong></span> <span class='ocrx_word' id='word_1_245' title='bbox 816 3388 954 3436; x_wconf 80' lang='lat' dir='ltr'><strong>sedes</strong></span> <span class='ocrx_word' id='word_1_246' title='bbox 982 3402 1153 3434; x_wconf 83' lang='lat' dir='ltr'><strong>vocem</strong></span> <span class='ocrx_word' id='word_1_247' title='bbox 1185 3395 1456 3449; x_wconf 84' lang='lat' dir='ltr'><strong>suspectam</strong></span> 
     </span>
     <span class='ocr_line' id='line_1_34' title="bbox 435 3466 1454 3531; baseline -0.001 -17"><span class='ocrx_word' id='word_1_248' title='bbox 435 3467 590 3515; x_wconf 81' lang='lat' dir='ltr'><strong>facere</strong></span> <span class='ocrx_word' id='word_1_249' title='bbox 620 3478 804 3531; x_wconf 87' lang='lat' dir='ltr'><strong>potest.</strong></span> <span class='ocrx_word' id='word_1_250' title='bbox 830 3466 927 3516; x_wconf 84' lang='lat' dir='ltr'><strong>Sed</strong></span> <span class='ocrx_word' id='word_1_251' title='bbox 955 3466 1126 3531; x_wconf 88' lang='lat' dir='ltr'><strong>scripti</strong></span> <span class='ocrx_word' id='word_1_252' title='bbox 1154 3481 1323 3514; x_wconf 89' lang='lat' dir='ltr'><strong>omues</strong></span> <span class='ocrx_word' id='word_1_253' title='bbox 1348 3481 1454 3513; x_wconf 89' lang='lat' dir='ltr'><strong>om-</strong></span> 
     </span>
     <span class='ocr_line' id='line_1_35' title="bbox 434 3544 789 3597; baseline 0.008 -4"><span class='ocrx_word' id='word_1_254' title='bbox 434 3544 553 3594; x_wconf 77' lang='lat' dir='ltr'><strong>nino</strong></span> <span class='ocrx_word' id='word_1_255' title='bbox 575 3557 789 3597; x_wconf 82' lang='lat' dir='ltr'><strong>servant.</strong></span> 
     </span>
    </p>

    <p class='ocr_par' dir='ltr' id='par_1_7' title="bbox 395 3624 1456 4007">
     <span class='ocr_line' id='line_1_36' title="bbox 509 3624 1455 3689; baseline 0.001 -17"><span class='ocrx_word' id='word_1_256' title='bbox 509 3640 589 3674; x_wconf 75' lang='lat' dir='ltr'><strong>xo.</strong></span> <span class='ocrx_word' id='word_1_257' title='bbox 618 3625 752 3689; x_wconf 79' lang='lat' dir='ltr'><strong>Quid</strong></span> <span class='ocrx_word' id='word_1_258' title='bbox 768 3625 835 3675; x_wconf 80' lang='lat' dir='ltr'><strong>sie</strong></span> <span class='ocrx_word' id='word_1_259' title='bbox 847 3624 1128 3675; x_wconf 74' lang='lat' dir='ltr'><strong>dissolutum</strong></span> <span class='ocrx_word' id='word_1_260' title='bbox 1149 3636 1286 3674; x_wconf 90' lang='lat' dir='ltr'><strong>notat</strong></span> <span class='ocrx_word' id='word_1_261' title='bbox 1300 3625 1455 3688; x_wconf 74' lang='lat' dir='ltr'><strong>«quid</strong></span> 
     </span>
     <span class='ocr_line' id='line_1_37' title="bbox 433 3702 1456 3768; baseline -0.003 -14"><span class='ocrx_word' id='word_1_262' title='bbox 433 3704 523 3768; x_wconf 81' lang='lat' dir='ltr'><strong>Ep.</strong></span> <span class='ocrx_word' id='word_1_263' title='bbox 544 3704 837 3753; x_wconf 83' lang='lat' dir='ltr'><strong>dissolutum</strong></span> <span class='ocrx_word' id='word_1_264' title='bbox 855 3705 1034 3754; x_wconf 74' lang='lat' dir='ltr'><strong>dicat».</strong></span> <span class='ocrx_word' id='word_1_265' title='bbox 1057 3705 1119 3753; x_wconf 82' lang='lat' dir='ltr'><strong>G.</strong></span> <span class='ocrx_word' id='word_1_266' title='bbox 1139 3732 1210 3742; x_wconf 90' lang='lat'><strong>-—-</strong></span> <span class='ocrx_word' id='word_1_267' title='bbox 1227 3702 1361 3767; x_wconf 75' lang='lat' dir='ltr'><strong>Quid</strong></span> <span class='ocrx_word' id='word_1_268' title='bbox 1376 3704 1456 3765; x_wconf 80' lang='lat' dir='ltr'><strong>sit,</strong></span> 
     </span>
     <span class='ocr_line' id='line_1_38' title="bbox 432 3782 1455 3849; baseline 0.003 -19"><span class='ocrx_word' id='word_1_269' title='bbox 432 3785 598 3847; x_wconf 79' lang='lat' dir='ltr'><strong>quod,</strong></span> <span class='ocrx_word' id='word_1_270' title='bbox 626 3795 717 3835; x_wconf 87' lang='lat' dir='ltr'><strong>etc.</strong></span> <span class='ocrx_word' id='word_1_271' title='bbox 740 3787 841 3833; x_wconf 88' lang='lat' dir='ltr'><strong>Iut.</strong></span> <span class='ocrx_word' id='word_1_272' title='bbox 866 3784 1116 3849; x_wconf 87' lang='lat' dir='ltr'><strong>quomodo</strong></span> <span class='ocrx_word' id='word_1_273' title='bbox 1141 3782 1245 3831; x_wconf 83' lang='lat' dir='ltr'><strong>fieri</strong></span> <span class='ocrx_word' id='word_1_274' title='bbox 1270 3784 1455 3849; x_wconf 79' lang='lat' dir='ltr'><strong>possit,</strong></span> 
     </span>
     <span class='ocr_line' id='line_1_39' title="bbox 430 3864 1455 3927; baseline -0.001 -17"><span class='ocrx_word' id='word_1_275' title='bbox 430 3872 489 3911; x_wconf 87' lang='lat' dir='ltr'><strong>ut</strong></span> <span class='ocrx_word' id='word_1_276' title='bbox 529 3872 626 3911; x_wconf 80' lang='lat' dir='ltr'><strong>tam</strong></span> <span class='ocrx_word' id='word_1_277' title='bbox 671 3875 894 3912; x_wconf 83' lang='lat' dir='ltr'><strong>accurate</strong></span> <span class='ocrx_word' id='word_1_278' title='bbox 927 3864 1169 3927; x_wconf 84' lang='lat' dir='ltr'><strong>Epicurus</strong></span> <span class='ocrx_word' id='word_1_279' title='bbox 1205 3872 1372 3910; x_wconf 73' lang='lat' dir='ltr'><strong>caveat</strong></span> <span class='ocrx_word' id='word_1_280' title='bbox 1407 3872 1455 3909; x_wconf 94' lang='lat' dir='ltr'><strong>et</strong></span> 
     </span>
     <span class='ocr_line' id='line_1_40' title="bbox 395 3941 1450 4007; baseline 0.002 -20"><span class='ocrx_word' id='word_1_281' title='bbox 395 3951 399 3955; x_wconf 82' lang='lat'>&#39;</span> <span class='ocrx_word' id='word_1_282' title='bbox 430 3941 641 4001; x_wconf 81' lang='lat' dir='ltr'><strong>sauciat,</strong></span> <span class='ocrx_word' id='word_1_283' title='bbox 668 3954 764 3992; x_wconf 87' lang='lat' dir='ltr'><strong>etc.</strong></span> <span class='ocrx_word' id='word_1_284' title='bbox 794 3958 944 4007; x_wconf 89' lang='lat' dir='ltr'><strong>quum</strong></span> <span class='ocrx_word' id='word_1_285' title='bbox 978 3941 1327 4001; x_wconf 83' lang='lat' dir='ltr'><strong>dissolutione,</strong></span> <span class='ocrx_word' id='word_1_286' title='bbox 1355 3952 1450 3989; x_wconf 85' lang='lat' dir='ltr'><strong>etc.</strong></span> 
     </span>
    </p>

    <p class='ocr_par' dir='ltr' id='par_1_8' title="bbox 429 4019 1453 4245">
     <span class='ocr_line' id='line_1_41' title="bbox 507 4019 1453 4083; baseline 0.004 -19"><span class='ocrx_word' id='word_1_287' title='bbox 507 4034 528 4064; x_wconf 79' lang='grc' dir='ltr'><strong><em>ι</em></strong></span> <span class='ocrx_word' id='word_1_288' title='bbox 545 4036 563 4065; x_wconf 82' lang='grc' dir='ltr'>ι</span> <span class='ocrx_word' id='word_1_289' title='bbox 578 4054 591 4067; x_wconf 91' lang='grc'><strong>.</strong></span> <span class='ocrx_word' id='word_1_290' title='bbox 624 4023 688 4067; x_wconf 80' lang='lat' dir='ltr'><strong>Ue</strong></span> <span class='ocrx_word' id='word_1_291' title='bbox 710 4019 1142 4083; x_wconf 76' lang='lat' dir='ltr'><strong>Amynomachus.</strong></span> <span class='ocrx_word' id='word_1_292' title='bbox 1166 4057 1177 4068; x_wconf 93' lang='lat'><strong><em>.</em></strong></span> <span class='ocrx_word' id='word_1_293' title='bbox 1200 4058 1213 4070; x_wconf 93' lang='lat'><strong>.</strong></span> <span class='ocrx_word' id='word_1_294' title='bbox 1248 4022 1453 4068; x_wconf 80' lang='lat' dir='ltr'><strong>colatur.</strong></span> 
     </span>
     <span class='ocr_line' id='line_1_42' title="bbox 432 4096 1446 4164; baseline 0.004 -21"><span class='ocrx_word' id='word_1_295' title='bbox 432 4096 551 4144; x_wconf 77' lang='lat' dir='ltr'><strong>Non</strong></span> <span class='ocrx_word' id='word_1_296' title='bbox 583 4097 687 4162; x_wconf 82' lang='lat' dir='ltr'><strong>ipsa</strong></span> <span class='ocrx_word' id='word_1_297' title='bbox 713 4099 818 4148; x_wconf 75' lang='lat' dir='ltr'><strong>haec</strong></span> <span class='ocrx_word' id='word_1_298' title='bbox 842 4112 956 4149; x_wconf 86' lang='lat' dir='ltr'><strong>sunt</strong></span> <span class='ocrx_word' id='word_1_299' title='bbox 982 4100 1222 4150; x_wconf 85' lang='lat' dir='ltr'><strong>continua</strong></span> <span class='ocrx_word' id='word_1_300' title='bbox 1246 4101 1446 4164; x_wconf 82' lang='lat' dir='ltr'><strong>Epicuri</strong></span> 
     </span>
     <span class='ocr_line' id='line_1_43' title="bbox 429 4175 1448 4245; baseline 0.006 -23"><span class='ocrx_word' id='word_1_301' title='bbox 429 4175 575 4223; x_wconf 73' lang='lat' dir='ltr'><strong>verba</strong></span> <span class='ocrx_word' id='word_1_302' title='bbox 594 4211 608 4235; x_wconf 92' lang='lat'>‚</span> <span class='ocrx_word' id='word_1_303' title='bbox 634 4177 720 4225; x_wconf 88' lang='lat' dir='ltr'><strong>sed</strong></span> <span class='ocrx_word' id='word_1_304' title='bbox 744 4180 895 4228; x_wconf 84' lang='lat' dir='ltr'><strong>modo</strong></span> <span class='ocrx_word' id='word_1_305' title='bbox 914 4193 1139 4245; x_wconf 85' lang='lat' dir='ltr'><strong>excerpta</strong></span> <span class='ocrx_word' id='word_1_306' title='bbox 1168 4197 1230 4229; x_wconf 83' lang='lat' dir='ltr'><strong>ex</strong></span> <span class='ocrx_word' id='word_1_307' title='bbox 1252 4179 1448 4245; x_wconf 84' lang='lat' dir='ltr'><strong>Epicuri</strong></span> 
     </span>
    </p>
   </div>
   <div class='ocr_carea' id='block_1_7' title="bbox 576 4263 1140 4346">
    <p class='ocr_par' dir='ltr' id='par_1_9' title="bbox 576 4263 1140 4346">
     <span class='ocr_line' id='line_1_44' title="bbox 576 4263 1140 4346; baseline -0.005 -15"><span class='ocrx_word' id='word_1_308' title='bbox 576 4263 664 4331; x_wconf 83' lang='grc' dir='ltr'><strong>ῙῘ.</strong></span> <span class='ocrx_word' id='word_1_309' title='bbox 723 4278 817 4328; x_wconf 73' lang='lat' dir='ltr'><strong>Cic.</strong></span> <span class='ocrx_word' id='word_1_310' title='bbox 845 4295 965 4346; x_wconf 80' lang='lat' dir='ltr'><strong>pars</strong></span> <span class='ocrx_word' id='word_1_311' title='bbox 988 4279 1140 4328; x_wconf 78' lang='lat' dir='ltr'><strong>tertia.</strong></span> 
     </span>
    </p>
   </div>
   <div class='ocr_carea' id='block_1_8' title="bbox 1534 1960 2581 4239">
    <p class='ocr_par' dir='ltr' id='par_1_10' title="bbox 1548 1960 2581 2644">
     <span class='ocr_line' id='line_1_45' title="bbox 1555 1960 2581 2025; baseline 0.003 -18"><span class='ocrx_word' id='word_1_312' title='bbox 1555 1968 1873 2021; x_wconf 85' lang='lat' dir='ltr'><strong>testamento,</strong></span> <span class='ocrx_word' id='word_1_313' title='bbox 1896 1977 2047 2025; x_wconf 87' lang='lat' dir='ltr'><strong>eaque</strong></span> <span class='ocrx_word' id='word_1_314' title='bbox 2071 1961 2286 2010; x_wconf 89' lang='lat' dir='ltr'><strong>auctoris</strong></span> <span class='ocrx_word' id='word_1_315' title='bbox 2311 1960 2471 2010; x_wconf 78' lang='lat' dir='ltr'><strong>verbis</strong></span> <span class='ocrx_word' id='word_1_316' title='bbox 2496 1978 2581 2010; x_wconf 79' lang='lat' dir='ltr'><strong>ex·-</strong></span> 
     </span>
     <span class='ocr_line' id='line_1_46' title="bbox 1551 2041 2579 2108; baseline 0 -18"><span class='ocrx_word' id='word_1_317' title='bbox 1551 2042 1713 2105; x_wconf 82' lang='lat' dir='ltr'><strong>posita</strong></span> <span class='ocrx_word' id='word_1_318' title='bbox 1748 2059 1761 2091; x_wconf 76' lang='lat'>2</span> <span class='ocrx_word' id='word_1_319' title='bbox 1796 2043 1868 2090; x_wconf 90' lang='lat' dir='ltr'><strong>sic</strong></span> <span class='ocrx_word' id='word_1_320' title='bbox 1911 2052 2072 2091; x_wconf 88' lang='lat' dir='ltr'><strong>tamen</strong></span> <span class='ocrx_word' id='word_1_321' title='bbox 2093 2076 2108 2098; x_wconf 88' lang='lat'><strong>,</strong></span> <span class='ocrx_word' id='word_1_322' title='bbox 2153 2052 2212 2091; x_wconf 90' lang='lat' dir='ltr'><strong>ut</strong></span> <span class='ocrx_word' id='word_1_323' title='bbox 2251 2041 2463 2108; x_wconf 83' lang='lat' dir='ltr'><strong>pressius</strong></span> <span class='ocrx_word' id='word_1_324' title='bbox 2514 2042 2579 2091; x_wconf 90' lang='lat' dir='ltr'><strong>ad</strong></span> 
     </span>
     <span class='ocr_line' id='line_1_47' title="bbox 1553 2122 2576 2187; baseline -0.005 -18"><span class='ocrx_word' id='word_1_325' title='bbox 1553 2135 1711 2184; x_wconf 75' lang='lat' dir='ltr'><strong>graeca</strong></span> <span class='ocrx_word' id='word_1_326' title='bbox 1743 2122 2046 2187; x_wconf 71' lang='lat' dir='ltr'><strong>respiciatur.</strong></span> <span class='ocrx_word' id='word_1_327' title='bbox 2077 2122 2154 2172; x_wconf 85' lang='lat' dir='ltr'><strong>Cf.</strong></span> <span class='ocrx_word' id='word_1_328' title='bbox 2194 2122 2351 2169; x_wconf 87' lang='lat' dir='ltr'><strong>Laert.</strong></span> <span class='ocrx_word' id='word_1_329' title='bbox 2378 2125 2461 2181; x_wconf 80' lang='lat' dir='ltr'><strong>X,</strong></span> <span class='ocrx_word' id='word_1_330' title='bbox 2494 2137 2576 2185; x_wconf 80' lang='lat'><strong>¹9·</strong></span> 
     </span>
     <span class='ocr_line' id='line_1_48' title="bbox 1552 2200 2574 2266; baseline 0.001 -18"><span class='ocrx_word' id='word_1_331' title='bbox 1552 2200 1677 2248; x_wconf 88' lang='lat' dir='ltr'><strong>Inde</strong></span> <span class='ocrx_word' id='word_1_332' title='bbox 1696 2201 1841 2249; x_wconf 87' lang='lat' dir='ltr'><strong>etiam</strong></span> <span class='ocrx_word' id='word_1_333' title='bbox 1860 2201 2059 2266; x_wconf 84' lang='lat' dir='ltr'><strong>oblique</strong></span> <span class='ocrx_word' id='word_1_334' title='bbox 2074 2202 2179 2250; x_wconf 81' lang='lat' dir='ltr'><strong>baec</strong></span> <span class='ocrx_word' id='word_1_335' title='bbox 2197 2200 2481 2250; x_wconf 78' lang='lat' dir='ltr'><strong>efferuntur.</strong></span> <span class='ocrx_word' id='word_1_336' title='bbox 2510 2202 2574 2249; x_wconf 80' lang='lat' dir='ltr'><strong>G.</strong></span> 
     </span>
     <span class='ocr_line' id='line_1_49' title="bbox 1550 2279 2578 2345; baseline 0.002 -18"><span class='ocrx_word' id='word_1_337' title='bbox 1550 2305 1622 2316; x_wconf 90' lang='lat'><strong>--</strong></span> <span class='ocrx_word' id='word_1_338' title='bbox 1641 2281 1712 2327; x_wconf 83' lang='lat' dir='ltr'><strong>Ex</strong></span> <span class='ocrx_word' id='word_1_339' title='bbox 1735 2279 1954 2344; x_wconf 76' lang='lat' dir='ltr'><strong>Diogene</strong></span> <span class='ocrx_word' id='word_1_340' title='bbox 1984 2282 2140 2330; x_wconf 84' lang='lat' dir='ltr'><strong>Laert.</strong></span> <span class='ocrx_word' id='word_1_341' title='bbox 2166 2290 2302 2345; x_wconf 77' lang='lat' dir='ltr'><strong>patet</strong></span> <span class='ocrx_word' id='word_1_342' title='bbox 2330 2280 2578 2329; x_wconf 75' lang='lat' dir='ltr'><strong>Timocra-</strong></span> 
     </span>
     <span class='ocr_line' id='line_1_50' title="bbox 1551 2358 2573 2408; baseline 0.001 -2"><span class='ocrx_word' id='word_1_343' title='bbox 1551 2368 1652 2406; x_wconf 87' lang='lat' dir='ltr'><strong>tem</strong></span> <span class='ocrx_word' id='word_1_344' title='bbox 1703 2358 1848 2406; x_wconf 82' lang='lat' dir='ltr'><strong>fuisse</strong></span> <span class='ocrx_word' id='word_1_345' title='bbox 1900 2359 2176 2408; x_wconf 79' lang='lat' dir='ltr'><strong>Metrodori</strong></span> <span class='ocrx_word' id='word_1_346' title='bbox 2231 2359 2448 2406; x_wconf 79' lang='lat' dir='ltr'><strong>fratrem.</strong></span> <span class='ocrx_word' id='word_1_347' title='bbox 2497 2361 2573 2407; x_wconf 89' lang='lat' dir='ltr'><strong>De</strong></span> 
     </span>
     <span class='ocr_line' id='line_1_51' title="bbox 1550 2436 2572 2503; baseline 0.002 -18"><span class='ocrx_word' id='word_1_348' title='bbox 1550 2437 1928 2502; x_wconf 75' lang='lat' dir='ltr'><strong>Amynomacbo</strong></span> <span class='ocrx_word' id='word_1_349' title='bbox 1951 2436 2076 2485; x_wconf 85' lang='lat' dir='ltr'><strong>nihil</strong></span> <span class='ocrx_word' id='word_1_350' title='bbox 2111 2437 2246 2485; x_wconf 79' lang='lat' dir='ltr'><strong>aliud</strong></span> <span class='ocrx_word' id='word_1_351' title='bbox 2268 2446 2572 2503; x_wconf 76' lang='lat' dir='ltr'><strong>compertum</strong></span> 
     </span>
     <span class='ocr_line' id='line_1_52' title="bbox 1551 2515 2575 2581; baseline 0.002 -18"><span class='ocrx_word' id='word_1_352' title='bbox 1551 2526 1654 2575; x_wconf 85' lang='lat' dir='ltr'><strong>est,</strong></span> <span class='ocrx_word' id='word_1_353' title='bbox 1698 2516 1792 2563; x_wconf 83' lang='lat' dir='ltr'><strong>nisi</strong></span> <span class='ocrx_word' id='word_1_354' title='bbox 1815 2530 1927 2563; x_wconf 89' lang='lat' dir='ltr'><strong>eum</strong></span> <span class='ocrx_word' id='word_1_355' title='bbox 1951 2515 2097 2564; x_wconf 77' lang='lat' dir='ltr'><strong>fuisse</strong></span> <span class='ocrx_word' id='word_1_356' title='bbox 2125 2516 2325 2581; x_wconf 80' lang='lat' dir='ltr'><strong>Epicuri</strong></span> <span class='ocrx_word' id='word_1_357' title='bbox 2352 2517 2575 2581; x_wconf 89' lang='lat' dir='ltr'><strong>discipu·</strong></span> 
     </span>
     <span class='ocr_line' id='line_1_53' title="bbox 1548 2594 1981 2644; baseline -0.002 -2"><span class='ocrx_word' id='word_1_358' title='bbox 1548 2594 1652 2643; x_wconf 88' lang='lat' dir='ltr'><strong>lum</strong></span> <span class='ocrx_word' id='word_1_359' title='bbox 1685 2603 1734 2644; x_wconf 88' lang='lat' dir='ltr'><strong>et</strong></span> <span class='ocrx_word' id='word_1_360' title='bbox 1757 2596 1981 2643; x_wconf 81' lang='lat' dir='ltr'><strong>amicum.</strong></span> 
     </span>
    </p>

    <p class='ocr_par' dir='ltr' id='par_1_11' title="bbox 1538 2674 2574 3689">
     <span class='ocr_line' id='line_1_54' title="bbox 1625 2674 2573 2726; baseline 0.002 -2"><span class='ocrx_word' id='word_1_361' title='bbox 1625 2690 1707 2724; x_wconf 74' lang='grc' dir='ltr'><strong>η.</strong></span> <span class='ocrx_word' id='word_1_362' title='bbox 1754 2676 1829 2722; x_wconf 82' lang='lat' dir='ltr'><strong>De</strong></span> <span class='ocrx_word' id='word_1_363' title='bbox 1870 2674 2136 2723; x_wconf 76' lang='lat' dir='ltr'><strong>Her-machi</strong></span> <span class='ocrx_word' id='word_1_364' title='bbox 2173 2687 2298 2725; x_wconf 79' lang='lat' dir='ltr'><strong>sene.</strong></span> <span class='ocrx_word' id='word_1_365' title='bbox 2344 2678 2480 2726; x_wconf 85' lang='lat' dir='ltr'><strong>Goer.</strong></span> <span class='ocrx_word' id='word_1_366' title='bbox 2522 2689 2573 2726; x_wconf 87' lang='lat' dir='ltr'><strong>et</strong></span> 
     </span>
     <span class='ocr_line' id='line_1_55' title="bbox 1540 2753 2573 2821; baseline 0.002 -19"><span class='ocrx_word' id='word_1_367' title='bbox 1540 2755 1664 2806; x_wconf 80' lang='lat' dir='ltr'><strong>Sch.</strong></span> <span class='ocrx_word' id='word_1_368' title='bbox 1684 2765 1739 2804; x_wconf 88' lang='lat' dir='ltr'><strong>ut</strong></span> <span class='ocrx_word' id='word_1_369' title='bbox 1758 2772 1867 2819; x_wconf 89' lang='lat' dir='ltr'><strong>sup.</strong></span> <span class='ocrx_word' id='word_1_370' title='bbox 1892 2753 1949 2821; x_wconf 76' lang='lat' dir='ltr'><strong>(S</strong></span> <span class='ocrx_word' id='word_1_371' title='bbox 1972 2755 2069 2819; x_wconf 85' lang='lat'><strong>96)</strong></span> <span class='ocrx_word' id='word_1_372' title='bbox 2097 2756 2573 2805; x_wconf 73' lang='lat' dir='ltr'><strong>Hermarchi.—Sic</strong></span> 
     </span>
     <span class='ocr_line' id='line_1_56' title="bbox 1547 2835 2574 2900; baseline 0.003 -18"><span class='ocrx_word' id='word_1_373' title='bbox 1547 2851 1771 2900; x_wconf 82' lang='lat' dir='ltr'><strong>expresse</strong></span> <span class='ocrx_word' id='word_1_374' title='bbox 1790 2835 1894 2884; x_wconf 85' lang='lat' dir='ltr'><strong>Erl.</strong></span> <span class='ocrx_word' id='word_1_375' title='bbox 1918 2852 2009 2884; x_wconf 87' lang='lat' dir='ltr'><strong>nec</strong></span> <span class='ocrx_word' id='word_1_376' title='bbox 2033 2836 2161 2899; x_wconf 88' lang='lat' dir='ltr'><strong>Spir.</strong></span> <span class='ocrx_word' id='word_1_377' title='bbox 2181 2836 2393 2884; x_wconf 85' lang='lat' dir='ltr'><strong>multum</strong></span> <span class='ocrx_word' id='word_1_378' title='bbox 2417 2837 2574 2885; x_wconf 89' lang='lat' dir='ltr'><strong>disce·</strong></span> 
     </span>
     <span class='ocr_line' id='line_1_57' title="bbox 1547 2915 2568 2980; baseline 0 -17"><span class='ocrx_word' id='word_1_379' title='bbox 1547 2915 1620 2963; x_wconf 88' lang='lat' dir='ltr'><strong>dit</strong></span> <span class='ocrx_word' id='word_1_380' title='bbox 1637 2950 1653 2977; x_wconf 91' lang='lat'><strong>,</strong></span> <span class='ocrx_word' id='word_1_381' title='bbox 1677 2915 1934 2980; x_wconf 71' lang='grc' dir='ltr'><strong>ῌενηιανσί</strong></span> <span class='ocrx_word' id='word_1_382' title='bbox 1963 2915 2203 2980; x_wconf 79' lang='lat' dir='ltr'><strong>praebens.</strong></span> <span class='ocrx_word' id='word_1_383' title='bbox 2237 2915 2436 2977; x_wconf 81' lang='lat' dir='ltr'><strong>Reliqui</strong></span> <span class='ocrx_word' id='word_1_384' title='bbox 2470 2916 2568 2963; x_wconf 84' lang='lat' dir='ltr'><strong>sere</strong></span> 
     </span>
     <span class='ocr_line' id='line_1_58' title="bbox 1545 2992 2568 3055; baseline -0.001 -13"><span class='ocrx_word' id='word_1_385' title='bbox 1545 3011 1659 3043; x_wconf 88' lang='lat' dir='ltr'><strong>cum</strong></span> <span class='ocrx_word' id='word_1_386' title='bbox 1702 2995 1847 3043; x_wconf 85' lang='lat' dir='ltr'><strong>editis</strong></span> <span class='ocrx_word' id='word_1_387' title='bbox 1883 3004 2006 3042; x_wconf 81' lang='lat' dir='ltr'><strong>vett.</strong></span> <span class='ocrx_word' id='word_1_388' title='bbox 2048 2992 2306 3040; x_wconf 77' lang='lat' dir='ltr'><strong>Hermadii</strong></span> <span class='ocrx_word' id='word_1_389' title='bbox 2340 3004 2568 3055; x_wconf 81' lang='lat' dir='ltr'><strong>peccant.</strong></span> 
     </span>
     <span class='ocr_line' id='line_1_59' title="bbox 1545 3070 2567 3137; baseline -0.003 -15"><span class='ocrx_word' id='word_1_390' title='bbox 1545 3074 1623 3122; x_wconf 80' lang='lat' dir='ltr'><strong>Cf.</strong></span> <span class='ocrx_word' id='word_1_391' title='bbox 1649 3089 1759 3137; x_wconf 65' lang='lat' dir='ltr'><strong>que</strong></span> <span class='ocrx_word' id='word_1_392' title='bbox 1779 3072 1842 3121; x_wconf 82' lang='lat' dir='ltr'><strong>ad</strong></span> <span class='ocrx_word' id='word_1_393' title='bbox 1872 3072 1902 3137; x_wconf 78' lang='lat' dir='ltr'>S</span> <span class='ocrx_word' id='word_1_394' title='bbox 1932 3072 1999 3134; x_wconf 78' lang='lat'><strong>96</strong></span> <span class='ocrx_word' id='word_1_395' title='bbox 2023 3070 2319 3119; x_wconf 84' lang='lat' dir='ltr'><strong>notavimus.</strong></span> <span class='ocrx_word' id='word_1_396' title='bbox 2350 3072 2567 3133; x_wconf 86' lang='lat' dir='ltr'><strong>Uterque</strong></span> 
     </span>
     <span class='ocr_line' id='line_1_60' title="bbox 1542 3146 2566 3206; baseline -0.004 -7"><span class='ocrx_word' id='word_1_397' title='bbox 1542 3161 1702 3199; x_wconf 89' lang='lat' dir='ltr'><strong>autem</strong></span> <span class='ocrx_word' id='word_1_398' title='bbox 1731 3149 1845 3198; x_wconf 87' lang='lat' dir='ltr'><strong>cod.</strong></span> <span class='ocrx_word' id='word_1_399' title='bbox 1873 3164 1975 3196; x_wconf 86' lang='lat' dir='ltr'><strong>non</strong></span> <span class='ocrx_word' id='word_1_400' title='bbox 2004 3148 2066 3195; x_wconf 84' lang='lat' dir='ltr'><strong>de</strong></span> <span class='ocrx_word' id='word_1_401' title='bbox 2082 3180 2097 3206; x_wconf 87' lang='lat'><strong>,</strong></span> <span class='ocrx_word' id='word_1_402' title='bbox 2123 3146 2209 3193; x_wconf 85' lang='lat' dir='ltr'><strong>sed</strong></span> <span class='ocrx_word' id='word_1_403' title='bbox 2235 3147 2310 3194; x_wconf 82' lang='lat' dir='ltr'><strong>ad</strong></span> <span class='ocrx_word' id='word_1_404' title='bbox 2323 3147 2566 3206; x_wconf 67' lang='lat' dir='ltr'><strong>reseruntg</strong></span> 
     </span>
     <span class='ocr_line' id='line_1_61' title="bbox 1542 3224 2563 3285; baseline 0.001 -10"><span class='ocrx_word' id='word_1_405' title='bbox 1542 3239 1600 3276; x_wconf 91' lang='lat' dir='ltr'><strong>ut</strong></span> <span class='ocrx_word' id='word_1_406' title='bbox 1629 3229 1705 3276; x_wconf 82' lang='lat' dir='ltr'><strong>ad</strong></span> <span class='ocrx_word' id='word_1_407' title='bbox 1727 3231 1793 3277; x_wconf 76' lang='lat' dir='ltr'><strong>H.</strong></span> <span class='ocrx_word' id='word_1_408' title='bbox 1825 3224 2108 3274; x_wconf 76' lang='lat' dir='ltr'><strong>sentenciam</strong></span> <span class='ocrx_word' id='word_1_409' title='bbox 2133 3225 2375 3285; x_wconf 80' lang='lat' dir='ltr'><strong>conjicere</strong></span> <span class='ocrx_word' id='word_1_410' title='bbox 2406 3224 2563 3276; x_wconf 64' lang='lat' dir='ltr'><strong>liceat·</strong></span> 
     </span>
     <span class='ocr_line' id='line_1_62' title="bbox 1545 3305 2562 3370; baseline 0 -16"><span class='ocrx_word' id='word_1_411' title='bbox 1545 3306 1642 3354; x_wconf 84' lang='lat' dir='ltr'><strong>Sed</strong></span> <span class='ocrx_word' id='word_1_412' title='bbox 1676 3322 1804 3370; x_wconf 78' lang='lat' dir='ltr'><strong>saepe</strong></span> <span class='ocrx_word' id='word_1_413' title='bbox 1852 3315 2051 3363; x_wconf 77' lang='lat' dir='ltr'><strong>auctor,</strong></span> <span class='ocrx_word' id='word_1_414' title='bbox 2091 3305 2287 3352; x_wconf 73' lang='lat' dir='ltr'><strong>«faeere</strong></span> <span class='ocrx_word' id='word_1_415' title='bbox 2305 3338 2319 3362; x_wconf 92' lang='lat'>‚</span> <span class='ocrx_word' id='word_1_416' title='bbox 2358 3321 2528 3370; x_wconf 85' lang='lat' dir='ltr'><strong>capere</strong></span> <span class='ocrx_word' id='word_1_417' title='bbox 2546 3341 2562 3365; x_wconf 87' lang='lat'><strong>,</strong></span> 
     </span>
     <span class='ocr_line' id='line_1_63' title="bbox 1543 3383 2564 3446; baseline -0.001 -13"><span class='ocrx_word' id='word_1_418' title='bbox 1543 3384 1734 3434; x_wconf 83' lang='lat' dir='ltr'><strong>tradere</strong></span> <span class='ocrx_word' id='word_1_419' title='bbox 1772 3385 1836 3433; x_wconf 85' lang='lat' dir='ltr'><strong>de</strong></span> <span class='ocrx_word' id='word_1_420' title='bbox 1874 3385 2111 3433; x_wconf 81' lang='lat' dir='ltr'><strong>sententia</strong></span> <span class='ocrx_word' id='word_1_421' title='bbox 2151 3383 2422 3446; x_wconf 76' lang='lat' dir='ltr'><strong>alicujus».</strong></span> <span class='ocrx_word' id='word_1_422' title='bbox 2459 3386 2564 3434; x_wconf 79' lang='lat' dir='ltr'><strong>Nec</strong></span> 
     </span>
     <span class='ocr_line' id='line_1_64' title="bbox 1542 3463 2563 3528; baseline -0.001 -15"><span class='ocrx_word' id='word_1_423' title='bbox 1542 3463 1711 3513; x_wconf 83' lang='lat' dir='ltr'><strong>licebit</strong></span> <span class='ocrx_word' id='word_1_424' title='bbox 1729 3464 1792 3512; x_wconf 81' lang='lat' dir='ltr'><strong>ab</strong></span> <span class='ocrx_word' id='word_1_425' title='bbox 1808 3464 2052 3526; x_wconf 83' lang='lat' dir='ltr'><strong>conjicere</strong></span> <span class='ocrx_word' id='word_1_426' title='bbox 2064 3498 2078 3521; x_wconf 87' lang='lat'><strong>,</strong></span> <span class='ocrx_word' id='word_1_427' title='bbox 2098 3479 2390 3528; x_wconf 84' lang='lat' dir='ltr'><strong>quamquam</strong></span> <span class='ocrx_word' id='word_1_428' title='bbox 2406 3475 2563 3523; x_wconf 85' lang='lat' dir='ltr'><strong>recte,</strong></span> 
     </span>
     <span class='ocr_line' id='line_1_65' title="bbox 1543 3542 2562 3608; baseline -0.002 -15"><span class='ocrx_word' id='word_1_429' title='bbox 1543 3546 1668 3593; x_wconf 76' lang='lat' dir='ltr'><strong>dare</strong></span> <span class='ocrx_word' id='word_1_430' title='bbox 1688 3545 1756 3591; x_wconf 80' lang='lat' dir='ltr'><strong>ab</strong></span> <span class='ocrx_word' id='word_1_431' title='bbox 1772 3543 1940 3608; x_wconf 79' lang='lat' dir='ltr'><strong>aliquo</strong></span> <span class='ocrx_word' id='word_1_432' title='bbox 1957 3560 1978 3601; x_wconf 83' lang='grc'><strong>,-</strong></span> <span class='ocrx_word' id='word_1_433' title='bbox 1998 3544 2085 3592; x_wconf 87' lang='lat' dir='ltr'><strong>sed</strong></span> <span class='ocrx_word' id='word_1_434' title='bbox 2106 3542 2257 3591; x_wconf 89' lang='lat' dir='ltr'><strong>modo</strong></span> <span class='ocrx_word' id='word_1_435' title='bbox 2281 3544 2335 3591; x_wconf 90' lang='lat' dir='ltr'><strong>in</strong></span> <span class='ocrx_word' id='word_1_436' title='bbox 2356 3544 2562 3608; x_wconf 81' lang='lat' dir='ltr'><strong>pecunia</strong></span> 
     </span>
     <span class='ocr_line' id='line_1_66' title="bbox 1538 3622 2475 3689; baseline -0.004 -14"><span class='ocrx_word' id='word_1_437' title='bbox 1538 3623 1857 3675; x_wconf 68' lang='lat' dir='ltr'><strong>numeranda.</strong></span> <span class='ocrx_word' id='word_1_438' title='bbox 1882 3622 1960 3672; x_wconf 84' lang='lat' dir='ltr'><strong>ef.</strong></span> <span class='ocrx_word' id='word_1_439' title='bbox 1979 3624 2085 3670; x_wconf 80' lang='lat' dir='ltr'><strong>Att.</strong></span> <span class='ocrx_word' id='word_1_440' title='bbox 2108 3624 2169 3681; x_wconf 81' lang='lat' dir='ltr'><strong>V,</strong></span> <span class='ocrx_word' id='word_1_441' title='bbox 2196 3639 2275 3689; x_wconf 90' lang='lat' dir='ltr'><strong>ep.</strong></span> <span class='ocrx_word' id='word_1_442' title='bbox 2304 3638 2391 3673; x_wconf 81' lang='lat'><strong>21.</strong></span> <span class='ocrx_word' id='word_1_443' title='bbox 2414 3625 2475 3671; x_wconf 88' lang='lat' dir='ltr'><strong>G.</strong></span> 
     </span>
    </p>

    <p class='ocr_par' dir='ltr' id='par_1_12' title="bbox 1534 3701 2571 4239">
     <span class='ocr_line' id='line_1_67' title="bbox 1621 3701 2564 3751; baseline -0.001 0"><span class='ocrx_word' id='word_1_444' title='bbox 1621 3704 1704 3751; x_wconf 80' lang='lat'><strong>13.</strong></span> <span class='ocrx_word' id='word_1_445' title='bbox 1733 3703 1901 3750; x_wconf 78' lang='lat' dir='ltr'><strong>Mense</strong></span> <span class='ocrx_word' id='word_1_446' title='bbox 1935 3701 2236 3749; x_wconf 76' lang='lat' dir='ltr'><strong>Gamelione.</strong></span> <span class='ocrx_word' id='word_1_447' title='bbox 2264 3702 2358 3750; x_wconf 77' lang='lat' dir='ltr'><strong>Hic</strong></span> <span class='ocrx_word' id='word_1_448' title='bbox 2385 3704 2564 3750; x_wconf 79' lang='lat' dir='ltr'><strong>mensis</strong></span> 
     </span>
     <span class='ocr_line' id='line_1_68' title="bbox 1543 3780 2564 3843; baseline 0 -12"><span class='ocrx_word' id='word_1_449' title='bbox 1543 3796 1722 3831; x_wconf 86' lang='lat' dir='ltr'><strong>nomen</strong></span> <span class='ocrx_word' id='word_1_450' title='bbox 1747 3780 1956 3829; x_wconf 86' lang='lat' dir='ltr'><strong>ducebat</strong></span> <span class='ocrx_word' id='word_1_451' title='bbox 1979 3797 2043 3828; x_wconf 83' lang='lat' dir='ltr'><strong>ex</strong></span> <span class='ocrx_word' id='word_1_452' title='bbox 2069 3796 2151 3841; x_wconf 90' lang='lat' dir='ltr'><strong>eo,</strong></span> <span class='ocrx_word' id='word_1_453' title='bbox 2171 3780 2309 3843; x_wconf 87' lang='lat' dir='ltr'><strong>quod</strong></span> <span class='ocrx_word' id='word_1_454' title='bbox 2333 3798 2443 3830; x_wconf 88' lang='lat' dir='ltr'><strong>mos</strong></span> <span class='ocrx_word' id='word_1_455' title='bbox 2460 3794 2564 3831; x_wconf 87' lang='lat' dir='ltr'><strong>erat</strong></span> 
     </span>
     <span class='ocr_line' id='line_1_69' title="bbox 1544 3859 2564 3911; baseline -0.002 0"><span class='ocrx_word' id='word_1_456' title='bbox 1544 3859 1924 3911; x_wconf 73' lang='lat' dir='ltr'><strong>Atheniensibus</strong></span> <span class='ocrx_word' id='word_1_457' title='bbox 1957 3860 2009 3906; x_wconf 87' lang='lat' dir='ltr'><strong>iu</strong></span> <span class='ocrx_word' id='word_1_458' title='bbox 2052 3875 2114 3907; x_wconf 93' lang='lat' dir='ltr'><strong>eo</strong></span> <span class='ocrx_word' id='word_1_459' title='bbox 2151 3875 2312 3908; x_wconf 81' lang='lat' dir='ltr'><strong>mense</strong></span> <span class='ocrx_word' id='word_1_460' title='bbox 2353 3877 2564 3910; x_wconf 76' lang='lat' dir='ltr'><strong>uxorem</strong></span> 
     </span>
     <span class='ocr_line' id='line_1_70' title="bbox 1545 3937 2565 4004; baseline -0.002 -16"><span class='ocrx_word' id='word_1_461' title='bbox 1545 3940 1749 3988; x_wconf 88' lang='lat' dir='ltr'><strong>ducere:</strong></span> <span class='ocrx_word' id='word_1_462' title='bbox 1772 3937 2033 4002; x_wconf 84' lang='lat' dir='ltr'><strong>respondet</strong></span> <span class='ocrx_word' id='word_1_463' title='bbox 2047 3972 2062 3996; x_wconf 89' lang='lat'><strong>,</strong></span> <span class='ocrx_word' id='word_1_464' title='bbox 2083 3948 2138 3985; x_wconf 85' lang='lat' dir='ltr'><strong>ut</strong></span> <span class='ocrx_word' id='word_1_465' title='bbox 2154 3939 2348 4001; x_wconf 85' lang='lat' dir='ltr'><strong>quidam</strong></span> <span class='ocrx_word' id='word_1_466' title='bbox 2371 3951 2565 4004; x_wconf 83' lang='lat' dir='ltr'><strong>putam,</strong></span> 
     </span>
     <span class='ocr_line' id='line_1_71' title="bbox 1537 4017 2563 4081; baseline -0.003 -14"><span class='ocrx_word' id='word_1_467' title='bbox 1537 4019 1780 4081; x_wconf 81' lang='lat' dir='ltr'><strong>januario.</strong></span> <span class='ocrx_word' id='word_1_468' title='bbox 1809 4018 1919 4065; x_wconf 84' lang='lat' dir='ltr'><strong>Hoc</strong></span> <span class='ocrx_word' id='word_1_469' title='bbox 1956 4017 2101 4064; x_wconf 86' lang='lat' dir='ltr'><strong>etiam</strong></span> <span class='ocrx_word' id='word_1_470' title='bbox 2128 4017 2323 4065; x_wconf 87' lang='lat' dir='ltr'><strong>nomine</strong></span> <span class='ocrx_word' id='word_1_471' title='bbox 2352 4018 2563 4066; x_wconf 54' lang='lat' dir='ltr'><strong>vocabu*</strong></span> 
     </span>
     <span class='ocr_line' id='line_1_72' title="bbox 1534 4095 2568 4164; baseline -0.003 -17"><span class='ocrx_word' id='word_1_472' title='bbox 1534 4109 1617 4147; x_wconf 89' lang='lat' dir='ltr'><strong>tur</strong></span> <span class='ocrx_word' id='word_1_473' title='bbox 1629 4096 1866 4164; x_wconf 82' lang='lat' dir='ltr'><strong>poematis</strong></span> <span class='ocrx_word' id='word_1_474' title='bbox 1879 4112 2031 4160; x_wconf 80' lang='lat' dir='ltr'><strong>genua</strong></span> <span class='ocrx_word' id='word_1_475' title='bbox 2046 4095 2356 4160; x_wconf 80' lang='lat' dir='ltr'><strong>epithalamio</strong></span> <span class='ocrx_word' id='word_1_476' title='bbox 2376 4097 2568 4144; x_wconf 47' lang='lat' dir='ltr'><strong>simili&amp;</strong></span> 
     </span>
     <span class='ocr_line' id='line_1_73' title="bbox 1538 4175 2571 4239; baseline -0.008 -10"><span class='ocrx_word' id='word_1_477' title='bbox 1538 4175 1619 4229; x_wconf 81' lang='lat' dir='ltr'><strong>Cf.</strong></span> <span class='ocrx_word' id='word_1_478' title='bbox 1647 4179 1699 4226; x_wconf 87' lang='lat' dir='ltr'><strong>in</strong></span> <span class='ocrx_word' id='word_1_479' title='bbox 1728 4179 1822 4226; x_wconf 82' lang='lat' dir='ltr'><strong>Pis.</strong></span> <span class='ocrx_word' id='word_1_480' title='bbox 1850 4193 1894 4225; x_wconf 90' lang='lat' dir='ltr'><strong>c.</strong></span> <span class='ocrx_word' id='word_1_481' title='bbox 1917 4177 2112 4239; x_wconf 74' lang='lat'><strong>28·29,</strong></span> <span class='ocrx_word' id='word_1_482' title='bbox 2137 4186 2188 4223; x_wconf 89' lang='lat' dir='ltr'><strong>et</strong></span> <span class='ocrx_word' id='word_1_483' title='bbox 2213 4176 2326 4222; x_wconf 85' lang='lat' dir='ltr'><strong>Me‘l.</strong></span> <span class='ocrx_word' id='word_1_484' title='bbox 2343 4176 2404 4223; x_wconf 86' lang='lat' dir='ltr'><strong>de</strong></span> <span class='ocrx_word' id='word_1_485' title='bbox 2420 4175 2571 4225; x_wconf 69' lang='lat' dir='ltr'><strong>Char:</strong></span> 
     </span>
    </p>
   </div>
   <div class='ocr_carea' id='block_1_9' title="bbox 2241 4284 2322 4355">
    <p class='ocr_par' dir='ltr' id='par_1_13' title="bbox 2241 4284 2322 4355">
     <span class='ocr_line' id='line_1_74' title="bbox 2241 4284 2322 4355; baseline 0 0"><span class='ocrx_word' id='word_1_486' title='bbox 2241 4284 2322 4355; x_wconf 82' lang='lat'><strong>¹9</strong></span> 
     </span>
    </p>
   </div>
  </div>
 </body>
</html>
