3217 4784
830 405 953 473 DE
1002 404 1175 473 FIN.
1230 407 1436 475 BON.
1488 410 1603 478 ET
1652 411 1865 482 MAL.
1898 418 2004 504 Ὗ,
2048 419 2158 492 25.
2415 431 2560 529 639

424 548 590 621 quae
623 525 1023 596 secundum
1048 541 1378 598 naturam
1412 545 1690 620 essent,
1726 559 1876 607 non
1906 538 2174 616 dolere.
2214 552 2366 623 Hoc
2399 558 2561 627 Hie-

423 658 777 731 ronymus
824 659 1188 706 summum
1242 636 1521 709 bonum
1571 665 1727 714 esse
1767 643 1967 720 dixit.
2009 656 2100 725 At
2142 681 2314 731 vero
2350 664 2560 736 Calli-

427 741 621 838 pho,
664 758 735 815 et
775 760 940 841 post
974 768 1140 815 eum
1174 746 1580 835 Diodorus,
1620 776 1853 849 quum
1901 759 2082 834 alter
2114 768 2562 868 voluptatem

427 853 935 937 adamavisset‚
992 855 1172 926 alter
1204 858 1635 929 vacuitatem
1674 861 1982 958 doloriS,
2024 890 2282 950 neuter
2328 882 2558 956 hone-

425 973 608 1031 state
633 986 873 1034 carere
908 965 1178 1060 potuit,
1206 989 1368 1062 quae
1396 981 1504 1038 est
1531 992 1572 1038 a
1609 978 1880 1045 nostris
1913 977 2197 1059 laudata
2225 995 2555 1068 maxime.

426 1070 624 1159 Quin
652 1075 863 1143 etiam
889 1074 1025 1170 ipsi
1046 1073 1433 1172 voluptarii
1463 1076 1902 1157 deverticula
1922 1114 2260 1187 quaerunt
2276 1156 2295 1189 ,
2321 1118 2393 1175 et
2416 1106 2557 1178 vir-
2599 1130 2664 1191 74

428 1193 617 1251 tutes
648 1180 919 1253 habent
958 1184 1033 1252 in
1061 1207 1190 1255 ore
1226 1197 1418 1257 totos
1460 1186 1648 1275 dies,
1690 1194 2286 1303 voluptatemque
2322 1217 2561 1311 primo

427 1288 800 1364 dumtaxat
840 1298 1078 1392 expeti
1113 1294 1448 1382 dicunt²;
1490 1298 1756 1375 deinde
1792 1315 2321 1392 consuetudine
2359 1333 2563 1422 quasi

424 1400 720 1475 alteram
764 1400 1144 1476 naturam3
1191 1403 1416 1494 effici,
1461 1425 1620 1505 ‘qua
1655 1413 1948 1511 impulsi
1982 1423 2211 1497 multa
2245 1427 2515 1508 faciant
2543 1494 2562 1526 ,

428 1511 700 1583 nullam
728 1528 1131 1611 quaerentes
1159 1513 1604 1613 voluptatem
1621 1519 1674 1591 4.
1708 1527 1927 1598 Stoici
1955 1548 2252 1609 restant.
2279 1544 2368 1613 Hi
2404 1551 2563 1643 qui-

427 1715 490 1746 ex
516 1701 715 1749 oxonn.
737 1710 1039 1764 quatuorque
1055 1700 1127 1748 illi
1146 1705 1317 1762 nostri,
1334 1719 1447 1752 cum

427 1780 552 1827 Ven.
589 1783 720 1841 1494
734 1813 749 1838 ‚
768 1789 884 1844 post
902 1779 976 1828 his
993 1777 1133 1844 (uam
1150 1780 1249 1830 hoc
1266 1782 1448 1831 hubent

428 1871 519 1920 pro
538 1854 627 1921 iis)
653 1873 754 1906 esse
776 1857 993 1920 addunt,
1013 1859 1069 1906 id
1092 1876 1155 1908 et
1192 1877 1253 1910 eo
1280 1871 1447 1909 natum

424 1934 640 1995 videtur,
684 1935 819 2000 quod
861 1936 1033 1985 scribae
1059 1954 1162 1986 uon
1188 1939 1447 2001 videbant,

424 2029 505 2062 vv.
532 2029 635 2063 non
651 2014 846 2073 dolere,
872 2030 983 2079 quae
1006 2028 1300 2081 sequuntur,
1330 2018 1447 2068 sub·

425 2095 629 2141 stautive
665 2109 777 2142 cum
816 2096 894 2153 vi,
917 2104 971 2142 ut
999 2097 1249 2145 notionem
1268 2099 1447 2161 prima·

425 2173 542 2219 rium
557 2207 572 2230 ,
596 2173 648 2220 In
675 2172 886 2221 clausula
911 2173 1151 2222 collocata
1172 2192 1289 2224 esse.
1317 2178 1445 2226 Nam

423 2253 516 2299 etsi
543 2252 741 2315 quidem
771 2269 981 2317 ponere,
1020 2269 1113 2316 pro
1138 2266 1350 2303 stateem
1375 2256 1448 2304 di-

425 2341 558 2379 ctum
582 2333 624 2380 si
639 2332 910 2396 acceperis,
934 2347 1035 2380 esse
1053 2332 1192 2381 facile
1208 2334 1450 2396 admittet,

425 2421 585 2459 tsmeu
609 2427 712 2461 nou
733 2414 839 2461 sine
858 2413 966 2472 iure
989 2412 1043 2461 in
1068 2415 1174 2476 eius
1191 2416 1356 2479 positu
1372 2418 1445 2464 of-

425 2490 609 2539 fendes.
628 2493 692 2540 G.

497 2586 545 2619 a.
575 2571 705 2635 Quin
732 2571 902 2619 etiam.
926 2605 939 2617 .
962 2605 977 2619 .
998 2585 1245 2635 quarunt.
1267 2608 1281 2620 .
1304 2610 1315 2621 .
1353 2573 1443 2622 ka·

425 2652 561 2701 benc.
583 2685 597 2700 .
618 2685 635 2701 .
686 2650 870 2700 dieunt.
917 2651 1058 2700 Goer.
1098 2651 1270 2701 scribit
1309 2669 1444 2718 qua-

426 2741 615 2780 ram...
647 2731 935 2780 habeant...
964 2729 1157 2791 dicant,
1180 2742 1443 2798 notatque:

425 2810 682 2859 Gnssntur
706 2811 758 2858 in
782 2811 889 2859 hoec
922 2813 1114 2860 Ernest.
1139 2822 1238 2860 tres
1257 2812 1445 2862 iudica-

425 2889 554 2936 tivos
593 2888 654 2936 de
680 2904 772 2935 suo
816 2890 1064 2953 corrigens
1083 2923 1099 2948 ,
1144 2891 1345 2940 Davisio
1384 2909 1447 2941 ex

424 2967 615 3016 Belliol.
643 2978 874 3031 quarunt
895 2966 1138 3015 laudante.
1154 2969 1320 3018 Davis.
1343 2971 1448 3035 ipse

423 3046 689 3095 modestior
700 3056 798 3107 est,
819 3056 1079 3109 qum-unt
1092 3080 1107 3105 ,
1125 3057 1182 3095 ut
1197 3048 1447 3111 virtutes»,

424 3126 706 3186 conjiciens.
727 3124 822 3172 Sed
839 3123 964 3171 nihil
982 3125 1258 3174 dubitamus
1270 3163 1286 3187 ,
1301 3143 1446 3192 posse

423 3214 553 3252 recte
584 3204 712 3268 Quin
762 3203 911 3252 etiam
965 3220 1078 3253 cum
1126 3206 1446 3266 conjunctivo

424 3286 569 3347 strui,
582 3300 637 3332 ea
651 3286 731 3345 vi,
750 3296 806 3333 ut
818 3295 1037 3334 nostrum
1051 3319 1070 3347 ‚
1088 3287 1292 3336 Warum
1309 3288 1447 3337 sollte

421 3365 558 3414 nieht
571 3364 721 3420 auch,
740 3376 914 3431 aquet-
936 3366 1017 3414 stc
1041 3367 1170 3415 euim
1191 3367 1442 3431 subjunct.

422 3461 524 3494 non
544 3462 569 3493 a
598 3446 856 3511 particula,
879 3445 968 3495 sed
992 3463 1021 3494 a
1045 3447 1236 3512 reliquo
1252 3449 1353 3498 loci
1380 3461 1447 3499 te·

422 3542 543 3575 nore
584 3526 765 3591 pendet
785 3562 800 3586 ,
829 3526 1016 3592 quippe
1056 3528 1143 3592 qui
1179 3530 1224 3578 is
1259 3530 1351 3590 sit,
1389 3530 1444 3578 in

421 3621 523 3670 quo
541 3606 726 3656 Grecis
748 3607 959 3672 optativi
974 3618 1237 3672 ponantur.
1256 3610 1332 3659 cf.
1351 3627 1445 3676 pro

419 3685 599 3733 Milon.
627 3695 694 3744 24
712 3721 726 3746 ‚
747 3686 816 3735 65
839 3700 853 3735 ε
876 3707 899 3730 ι
922 3687 1082 3735 Nimis
1107 3688 1258 3737 multa
1277 3691 1445 3739 audire

420 3775 685 3828 coguntur,
714 3779 873 3830 neque
896 3766 1035 3815 aliter
1061 3766 1202 3816 facile
1219 3781 1444 3833 possunt,

419 3843 485 3899 ii,
534 3843 713 3907 quibus
757 3856 859 3894 tota
885 3846 1140 3894 commissa
1167 3858 1243 3895 est
1276 3865 1446 3915 respu-

417 3920 561 3970 blica.
585 3924 719 3986 Quin
743 3926 886 3974 etism
904 3924 1176 3974 audiendus
1197 3926 1341 3976 fuerit
1359 3945 1444 3993 po-

419 4015 481 4061 pa
517 4001 755 4060 Licinius,
799 4004 964 4053 nescio
1002 4005 1112 4068 quis
1149 4004 1213 4054 de
1254 4007 1388 4056 circo
1401 4031 1441 4057 n.

418 4078 636 4142 simplex
662 4097 861 4147 qnoque
881 4085 999 4148 quin
1025 4085 1094 4133 sic
1115 4094 1353 4134 structum
1371 4088 1443 4135 vi-

420 4156 481 4203 de
505 4159 670 4207 Somu.
693 4161 828 4224 Scip.
856 4164 884 4211 3
901 4198 916 4222 ,
943 4164 1099 4227 «quin
1126 4175 1181 4213 tu
1203 4164 1442 4231 adspicias

1534 1696 1599 1744 sd
1628 1709 1677 1747 te
1699 1702 1978 1755 venientem
2001 1716 2242 1773 patrem»,
2258 1716 2395 1768 Nihil
2416 1722 2566 1787 igitur

1533 1789 1662 1840 opus
1685 1791 1759 1829 est
1774 1816 1790 1843 ,
1814 1794 1872 1832 ut
1895 1784 1967 1834 ibi
1988 1804 2186 1856 quoque
2209 1809 2320 1845 oum
2334 1800 2568 1867 Ern.fiu‘t

1536 1866 1707 1912 tentes.
1721 1865 1903 1916 Totum
1916 1880 2076 1919 autem
2089 1873 2255 1924 locum
2265 1879 2469 1929 velutex
2482 1899 2566 1948 pa·

1532 1939 1745 1991 routhesi
1764 1945 1984 1997 additum
2009 1952 2306 2016 putabis.-,—
2320 1959 2457 2011 Goer.
2486 1963 2567 2011 ad-

1534 2015 1608 2065 dit
1620 2020 1672 2068 iu
1691 2024 1823 2073 calce
1839 2027 2125 2080 libi-imane
2144 2050 2261 2084 sane
2277 2039 2422 2088 nobis
2440 2057 2566 2106 quo·

1533 2110 1630 2158 que
1655 2103 1864 2168 vulgata
1889 2109 2154 2175 explicatio
2181 2130 2354 2179 parum
2381 2123 2565 2171 satisfa-

1532 2177 1620 2228 cit.
1645 2182 1820 2232 Omnia
1849 2186 1904 2235 in
1929 2189 2097 2239 orbem
2134 2207 2275 2243 suum
2296 2197 2528 2250 redierint
2549 2237 2564 2258 ,

1532 2256 1574 2304 si
1597 2271 1716 2322 post
1737 2280 1969 2327 quaram
1981 2306 1999 2329 ,
2019 2281 2074 2318 ut
2088 2288 2185 2338 pro
2212 2274 2283 2324 ita
2302 2289 2376 2338 ue,
2398 2280 2568 2349 quofit

1531 2348 1616 2401 ut,
1642 2339 1921 2396 inserueris.
1945 2349 2026 2397 Sic
2044 2362 2114 2399 ee.
2136 2386 2151 2400 .
2170 2390 2185 2403 .
2234 2372 2331 2419 que
2355 2358 2481 2417 sibi,
2507 2372 2564 2409 ut

1530 2433 1687 2484 sepe,
1720 2427 2105 2489 respondebunt.
2158 2432 2443 2484 Praecedens
2486 2454 2563 2486 su-

1530 2508 1627 2546 tem
1666 2504 1805 2552 tertis
1836 2507 1974 2555 verbi
2005 2511 2215 2573 persona
2239 2511 2442 2577 pluralis
2474 2531 2563 2566 se·

1531 2593 1804 2640 penumero
1826 2597 1883 2633 ut
1905 2587 2085 2637 hausit.

1605 2663 1657 2712 3.
1684 2663 2039 2718 conmemdine
2067 2668 2220 2734 quasi
2245 2671 2455 2723 alteram
2473 2691 2563 2723 na·

1531 2753 1709 2793 turam.
1728 2747 1865 2795 Goer.
1892 2747 2031 2797 addit
2052 2750 2324 2814 quamdam
2339 2764 2453 2802 ante
2473 2771 2562 2803 na-

1533 2835 1711 2874 turam.
1724 2828 1889 2878 Primo
1904 2864 1919 2890 ,
1940 2831 2128 2896 inquit,
2144 2830 2339 2882 firmant
2353 2845 2565 2899 quatuor

1534 2905 1709 2970 optimi
1743 2909 1905 2957 nostri
1943 2921 2135 2960 sextum
2174 2927 2344 2961 eastun
2367 2948 2383 2973 ,
2423 2915 2565 2975 cujus

1532 2983 1647 3033 loco
1672 2986 1792 3035 olim
1804 3000 2006 3051 quartus
2031 2989 2280 3040 edebatur.
2298 2995 2375 3040 Ex
2401 3009 2560 3056 appo-

1533 3062 1717 3112 sitione
1735 3066 1864 3114 enim
1882 3067 2015 3129 haec,
2036 3078 2094 3116 ut
2110 3068 2263 3132 vulgo
2287 3072 2341 3118 in
2360 3086 2562 3135 prover-

1531 3139 1619 3189 bio
1650 3143 1910 3205 dicuntur,
1951 3145 2122 3195 scriba
2162 3148 2403 3197 efferenda
2426 3160 2563 3215 putu-

1531 3217 1666 3268 bant.
1711 3222 1902 3272 Deinde
1929 3226 2196 3289 quamdam
2216 3244 2279 3276 ex
2302 3227 2431 3277 binis
2466 3227 2563 3277 illis

1531 3301 1712 3350 nostris
1734 3304 2041 3367 reposuimus
2055 3340 2070 3365 ,
2099 3306 2235 3370 quod
2253 3308 2353 3368 jam
2371 3308 2427 3355 Ρ.
2447 3309 2562 3356 Ma-

1533 3389 1642 3429 nut.
1672 3397 1736 3429 ex
1752 3382 1947 3447 scriptis
1974 3383 2164 3449 sigonii
2188 3395 2240 3434 et
2264 3385 2417 3433 Tertii
2451 3377 2559 3435 ediss

1533 3457 1695 3520 derat,
1716 3461 1952 3527 quodque
1989 3463 2107 3512 item
2133 3465 2265 3514 Crat.
2294 3465 2459 3515 refert.
2483 3468 2561 3515 Ex

1531 3556 1666 3589 more
1693 3541 1823 3589 enim
1865 3541 2132 3591 scribarum
2157 3554 2257 3603 est,
2290 3543 2387 3594 hoc
2413 3560 2559 3610 pron.

1531 3619 1573 3667 si
1593 3619 1742 3683 quasi
1763 3623 2045 3680 antecessit,
2076 3622 2313 3683 abjicere3
2335 3622 2449 3672 vide
2466 3640 2560 3673 uos

1531 3698 1595 3746 nd
1624 3698 1815 3749 Acadd.
1862 3702 1909 3759 1,
1935 3700 1993 3759 6,
2023 3709 2108 3758 24.
2134 3702 2308 3768 Neque
2347 3704 2554 3762 mirum,

1529 3792 1682 3840 quum
1726 3778 2031 3842 ignorarent,
2073 3789 2179 3828 tum
2221 3780 2424 3845 quidam
2443 3819 2458 3841 ,
2502 3795 2561 3832 ut

1531 3871 1743 3919 gracum
1778 3873 1846 3913 τις
1861 3892 1877 3916 ,
1900 3857 2263 3921 quodammodo
2285 3864 2460 3911 valere.

1604 3943 1656 3990 4.
1701 3935 1811 3998 Qua
1833 3937 2026 4002 impulsi
2040 3940 2430 4005 meelcasaciane‚
2458 3943 2562 3992 nul·

1532 4013 1631 4060 Iam
1653 4027 1926 4078 quarentes
1942 4017 2259 4083 voluptatem.
2284 4021 2419 4070 Goer.
2440 4023 2559 4070 scri·

1531 4091 1833 4157 bitfacium,
1853 4107 2114 4161 notatque:
2132 4099 2290 4148 Etiam
2312 4100 2365 4150 h.
2387 4100 2423 4152 l.
2441 4102 2559 4174 Bru.-

1531 4181 1708 4234 suopte
1746 4171 1968 4235 periculo
1976 4173 2188 4237 saciant
2210 4179 2418 4243 scripsit.
2447 4180 2556 4242 Qua
