3217 4784
792 492 916 563 DE
968 462 1137 562 Fffi.
1191 488 1398 563 BoN.
1454 492 1567 560 ΕΤ
1616 493 1831 562 ΜΑΙ.
1882 490 1990 579 11,
2024 519 2092 589 9.

2376 514 2512 592 ¹79

389 608 409 684 l
418 613 774 711 vulgaliter,
798 612 1142 686 honeste:
1170 614 1288 685 ille
1313 611 1618 713 porro²⁶
1640 615 1850 702 male,
1873 639 2089 712 prave
2105 668 2125 703 ‚
2152 617 2512 713 nequiter,

390 725 695 822 turpiter
721 724 1075 796 coenabat.
1105 727 1271 795 Non
1301 727 1521 821 igitur
1547 748 1685 796 nec
1711 724 1981 823 lapathi
1998 736 2061 785 ²⁷
2094 730 2518 799 suavitatem

387 836 782 932 acipenseri
824 834 1137 906 Gallonii
1178 833 1433 906 [aelius
1474 834 2004 933 anteponebat,
2049 836 2178 909 sed
2208 839 2517 909 suavita-

392 959 537 1013 tem
581 945 806 1042 ipsam
844 941 1274 1040 negligebat.
1312 943 1530 1033 Quod
1567 968 1719 1014 nou
1757 942 2061 1033 faceret,
2104 949 2164 1017 si
2205 948 2284 1018 in
2312 947 2517 1019 volu·

392 1067 587 1153 ptate
626 1077 990 1125 summurn
1028 1051 1308 1125 bonum
1346 1069 1672 1151 poneret.

491 1168 612 1233 IX.
664 1164 1114 1236 Semovenda
1161 1178 1268 1235 est
1314 1165 1544 1261 'igitur
1577 1165 1943 1263 voluptas»,
1981 1189 2126 1237 non
2166 1167 2398 1239 solum
2441 1180 2524 1239 ut
2562 1188 2627 1239 2⁶

399 1288 592 1345 recta
639 1276 1127 1373 sequamini&
1154 1274 1281 1347 sed
1325 1278 1540 1346 etiam
1580 1289 1662 1346 ut
1703 1276 1908 1373 loqui
1950 1274 2199 1347 deceat
2234 1275 2526 1375 frugali-

400 1397 511 1454 ter
526 1394 576 1453 ².
641 1387 1129 1456 Possumusne
1188 1386 1408 1481 igitur
1468 1387 1542 1455 in
1606 1386 1751 1456 vita
1812 1406 2180 1455 summum
2242 1384 2526 1457 bonurn

401 1492 657 1580 dicere,
687 1518 914 1591 quum
944 1493 1065 1565 id³
1093 1518 1185 1565 ne
1219 1497 1293 1566 in
1322 1518 1530 1567 coena
1559 1493 1856 1591 quidem
1887 1516 2099 1592 posse
2128 1492 2534 1567 videamur?

475 1698 558 1753 ’6.
608 1700 762 1750 Porro
815 1703 1058 1750 rarissimo
1097 1697 1324 1765 exemplo
1372 1699 1426 1746 in

405 1782 715 1847 oppositione
732 1782 949 1846 ponitur.
968 1782 1034 1829 G.

478 1877 565 1922 ²7·
601 1861 711 1908 Non
739 1860 889 1925 igitur
920 1874 1012 1906 nee
1049 1844 1242 1921 lapathi
1265 1855 1427 1904 suavi·

409 1951 575 1989 tatem.
602 1941 706 1987 Nec
738 1939 935 1987 Manut-
977 1935 1143 1984 Lamb.
1172 1937 1391 1984 Bremiue
1407 1968 1425 1994 ‚

410 2020 557 2068 Rath.
583 2019 765 2066 delent.
796 2018 944 2065 Rath.
982 2017 1233 2064 Davisium
1279 2017 1429 2076 dicit,

412 2113 500 2144 nee
521 2107 707 2144 retento
722 2130 738 2155 ‚
756 2096 923 2143 selsam
942 2094 1163 2144 locorum
1183 2097 1430 2161 corrigen-

415 2175 589 2224 dorum
637 2175 874 2221 rationem
917 2185 1190 2237 sequutum.
1236 2177 1306 2223 At
1348 2174 1430 2222 hic

414 2252 693 2316 simpliciter
743 2268 832 2300 nee
886 2251 1031 2314 abjici
1057 2252 1227 2314 jubet,
1280 2270 1433 2320 quum

417 2348 521 2379 eam
546 2330 735 2379 Balliol.
776 2331 974 2378 nesciat.
1025 2334 1262 2395 Ignorant
1303 2349 1434 2380 eem-

419 2411 529 2458 dem
549 2421 757 2474 quantor
774 2412 974 2458 Oxonn.
991 2421 1040 2458 et
1062 2413 1118 2460 P.
1139 2412 1290 2460 Mars.
1311 2413 1378 2460 At
1395 2410 1437 2459 si

417 2491 497 2537 vel
520 2488 682 2554 plures
721 2489 863 2537 etiam
882 2524 898 2549 ‚
918 2499 965 2536 et
990 2489 1216 2537 meliores
1241 2491 1440 2554 scripti,

420 2584 510 2616 nec
535 2567 779 2627 delerent,
819 2577 978 2614 tamen
1005 2568 1250 2615 verissima
1276 2568 1438 2616 fuerit.

421 2649 489 2695 Ut
530 2647 658 2692 enim
700 2645 816 2692 alibi
842 2655 1016 2692 auctor
1044 2647 1108 2694 ad
1133 2648 1195 2708 Q.
1231 2648 1318 2695 Fr.
1359 2649 1407 2693 11
1427 2684 1442 2709 ‚

422 2743 502 2791 ep.
532 2727 594 2773 16
615 2738 629 2774 :
665 2746 690 2765 α
708 2726 821 2789 Non
841 2726 1208 2788 praten-mittam
1237 2741 1298 2772 ne
1320 2724 1445 2773 illud

424 2804 618 2867 quidem
640 2826 663 2845 n
678 2840 693 2865 ‚
725 2803 791 2850 ita
814 2802 866 2852 h.
897 2803 930 2852 Ι.
953 2820 1051 2851 non

425 2900 524 2930 non

1083 2839 1096 2851 .
1110 2840 1123 2853 .
1138 2839 1151 2852 .
1187 2821 1279 2852 nec
1294 2837 1309 2862 ,
1352 2819 1444 2869 pro

668 2898 732 2930 ue
756 2882 949 2946 quidem
964 2916 982 2943 ,
1010 2900 1094 2931 seu
1135 2882 1282 2931 etiam
1309 2900 1407 2931 non
1427 2917 1442 2942 ‚

426 2962 630 3026 ponitur
653 2975 667 3010 z
697 2963 873 3025 saepius
896 2961 1027 3008 enim
1057 2963 1128 3008 sic
1154 2978 1243 3009 nec
1262 2998 1276 3022 ,
1316 2979 1446 3026 proe-

428 3040 628 3088 cedente
645 3041 900 3104 negatione
917 3075 931 3098 ,
952 3043 1174 3104 ponitur.
1201 3041 1279 3088 cf.
1299 3043 1447 3104 Legg.

428 3121 476 3180 1,
498 3120 560 3166 ιδ
576 3152 592 3177 ,
611 3121 678 3179 45
694 3154 708 3177 ,
730 3140 752 3161 ιι
768 3135 857 3166 nec
877 3118 1093 3175 arboris,
1112 3133 1203 3165 nec
1220 3118 1333 3181 equi
1356 3120 1451 3166 vir-

430 3207 584 3247 tus...
608 3197 661 3245 in
691 3197 924 3262 opinione
941 3197 1030 3245 sita
1053 3207 1129 3245 est
1150 3218 1195 3245 ι.
1218 3196 1452 3244 Praecedit

334 3294 350 3329 .·
431 3277 493 3325 de
505 3276 715 3324 hominis
730 3279 906 3324 virtute
926 3275 1097 3323 nonin
1117 3274 1350 3338 opinione
1358 3290 1450 3339 po·

432 3356 589 3405 nenda
607 3389 622 3414 ‚
653 3356 717 3404 cf.
740 3371 882 3419 supra
907 3353 939 3418 S
976 3356 1053 3401 13.
1081 3353 1253 3401 Nostri
1281 3353 1452 3418 scripti

433 3452 522 3483 nec
545 3450 712 3482 omnes
739 3436 980 3495 retinent,
1003 3432 1314 3495 omisisseque
1347 3448 1452 3480 eam

433 3514 625 3563 inscitIa
669 3513 863 3560 videtur
886 3550 902 3575 ‚
950 3528 1100 3576 quum
1137 3527 1303 3558 sensus
1347 3511 1411 3559 sit
1433 3546 1450 3572 ,

439 3616 464 3635 .
484 3596 645 3656 Quare
676 3593 752 3640 vel
785 3593 929 3640 etiam
954 3590 1135 3654 lapathi
1171 3591 1451 3638 suavitatem

438 3674 457 3736 (
489 3690 633 3738 quam
670 3683 925 3735 tantopere
972 3669 1240 3736 praedicat)
1282 3670 1456 3717 Laeline

437 3752 729 3818 acipenserie
753 3749 975 3799 suavitati
996 3765 1096 3797 non
1121 3748 1457 3812 praeferebat».

438 3834 521 3881 sie
538 3833 667 3881 enim
687 3831 793 3880 haec
811 3847 874 3877 ex
892 3829 1145 3877 curtatiori
1164 3828 1358 3876 dicendi
1380 3844 1457 3875 ra-

439 3911 574 3959 tione
600 3910 834 3976 capienda
852 3921 986 3957 sunt.
1016 3910 1076 3957 G.

513 3991 604 4039 lx.
635 4006 677 4037 1.
702 3985 1001 4052 Sequamim‘.
1031 3988 1138 4036 Bas.
1161 3989 1216 4034 E.
1244 3981 1284 4042 ξ.
1306 3988 1459 4035 Mare.

443 4084 705 4131 sequamur
722 4085 742 4115 .·
779 4067 865 4116 sed
903 4084 1043 4132 paene
1078 4066 1261 4130 ubique
1292 4066 1464 4114 scriba

446 4147 572 4194 hane
597 4146 731 4195 verbi
762 4146 1049 4212 deponentis
1088 4160 1345 4210 pen-sonem
1378 4144 1468 4192 ob·

1512 1698 1762 1747 urbanitas
1782 1697 1836 1746 in
1854 1698 2096 1760 ejusmodi
2115 1699 2313 1748 monitis
2330 1701 2537 1766 primam

1512 1777 1649 1826 verbi
1666 1793 1922 1842 personam
1940 1794 2123 1843 ponere
2139 1789 2266 1826 amat
2285 1793 2301 1829 ε
2327 1779 2415 1828 κά
2440 1779 2539 1829 hoc

1512 1856 1626 1905 loco
1647 1858 1873 1905 consulto
1887 1891 1903 1916 ‚
1924 1868 2130 1922 propter
2145 1874 2224 1916 ea,
2243 1874 2354 1922 quae
2373 1858 2536 1919 addit,

1513 1952 1721 2001 quaeqne
1750 1938 2019 2001 Epicureos
2045 1938 2269 2001 proxime
2299 1948 2506 2002 tangunt
2522 1971 2539 1998 ,

1512 2015 1724 2064 secunda
1743 2032 1950 2080 persona
1968 2032 2086 2064 usus
2103 2017 2314 2068 videtur.
2345 2020 2408 2067 G.

1587 2110 1637 2142 a.
1662 2096 1724 2142 Ut
1734 2094 1875 2159 loqui
1883 2093 2345 2159 deceatsrugalieer.
2363 2098 2536 2161 Neque

1515 2189 1686 2221 vacare
1716 2174 1895 2223 mendo
1934 2175 2100 2223 locum
2141 2175 2273 2223 hunc
2317 2176 2541 2225 existirno

1519 2252 1678 2316 (quid
1700 2253 1828 2300 enim
1850 2253 1941 2302 eibi
1964 2254 2071 2302 vult
2093 2255 2234 2319 loqui
2240 2253 2549 2321 frugaliter?

1519 2345 1672 2395 quum
1698 2330 1780 2377 hic
1809 2331 2006 2394 frugalis
2039 2347 2176 2380 coena
2204 2333 2372 2397 potius
2399 2349 2548 2397 qnam

1521 2424 1682 2456 sermo
1709 2408 1992 2472 hodani->3
2020 2427 2180 2475 neque
2210 2411 2332 2458 mihi
2354 2423 2545 2468 tamen,

1524 2487 1742 2550 cupienti
1784 2487 2065 2545 emendare,
2111 2488 2364 2553 probabile
2400 2490 2549 2554 quid·

1527 2583 1674 2630 quam
1699 2567 1955 2615 succurrit.
1996 2571 2056 2615 ln
2084 2583 2185 2631 quo
2212 2569 2324 2632 quia
2352 2570 2551 2617 meliore

1530 2644 1734 2693 forsitan
1773 2657 1951 2694 eventu
1995 2646 2204 2695 aliorum
2247 2649 2553 2697 exercebitur

1529 2724 1765 2773 industria
1782 2760 1797 2785 ‚
1820 2727 2089 2774 notandum
2106 2728 2294 2792 putavi.
2323 2730 2469 2776 Man.
2483 2755 2555 2767 --

1537 2806 1602 2850 Ue
1625 2803 1763 2867 loqui
1788 2805 1961 2853 deceat
1969 2804 2120 2870 frug.
2149 2809 2229 2856 Sic
2256 2808 2551 2871 explicabis,

1531 2894 1586 2931 ut
1617 2883 1789 2931 deceat
1808 2901 1901 2948 pro
1927 2885 2095 2933 decere
2121 2885 2444 2948 intelligatur,
2468 2901 2558 2949 po-

1531 2963 1677 3010 situm
1692 2962 1894 3010 dicatur.
1915 2965 2037 3025 Quae
2055 2974 2293 3012 structura
2313 2964 2559 3022 einejtuta

1532 3057 1675 3088 causa
1713 3042 1985 3090 Ernestium
2023 3041 2092 3088 sic
2133 3039 2371 3100 offendit,
2402 3050 2458 3086 ut
2485 3041 2561 3087 lo-

1533 3119 1785 3182 quantine,
1804 3131 1858 3167 ut
1874 3119 2172 3183 ἀραιαὶ-υς.
2192 3118 2470 3178 conjiceret.
2494 3118 2560 3167 G.

1607 3198 1656 3243 3.
1691 3200 2008 3244 Possumusne
2034 3195 2207 3260 igitur.
2230 3229 2243 3243 .
2265 3228 2279 3243 .
2309 3211 2457 3258 quum
2485 3195 2560 3247 id.

1534 3272 1641 3321 Erl.
1658 3284 1706 3321 et
1724 3274 1853 3337 Spir.
1869 3289 1987 3339 ergo
2002 3292 2021 3323 .-
2036 3275 2169 3338 quod
2185 3275 2353 3337 ntique
2368 3274 2560 3336 melius,

1535 3366 1688 3415 quum
1713 3367 1826 3416 ergo
1861 3352 2045 3416 ubique
2076 3354 2127 3400 in
2166 3351 2300 3401 finali
2330 3369 2566 3402 consecu-

1537 3431 1672 3477 tione
1688 3432 1878 3479 euctori
1897 3443 2124 3497 ponetur,
2144 3431 2292 3498 igitur
2308 3449 2411 3481 non
2430 3434 2565 3483 item.

1538 3509 1747 3557 Accedit
1785 3510 1922 3573 quod
1950 3523 2022 3559 ter
2050 3511 2197 3577 igitur
2228 3511 2457 3560 brevibus
2490 3512 2566 3559 in-

1539 3589 1753 3637 tervallis
1788 3591 2040 3654 praecedit.
2080 3594 2179 3639 Rae
2218 3602 2381 3639 antem
2417 3598 2566 3654 partt.

1540 3688 1603 3719 ex
1624 3668 2029 3733 compendiorum
2048 3669 2364 3717 similitudine
2385 3668 2569 3732 ubique

1542 3747 1760 3805 misceri,
1801 3746 1943 3813 plane
1981 3758 2293 3813 pervagatum
2343 3758 2431 3796 est.
2471 3751 2567 3796 Pro

1546 3845 1696 3894 quum
1723 3827 1777 3874 id
1800 3838 1986 3875 tentant
2010 3829 2120 3876 VV.
2148 3830 2259 3875 DD.
2284 3827 2422 3891 quod
2439 3845 2457 3874 .·
2483 3826 2572 3875 sed

1548 3908 1599 3957 lt.
1622 3908 1656 3954 l.
1684 3905 1748 3954 ad
1773 3920 2004 3953 summum
2032 3908 2207 3955 bonum
2234 3921 2338 3954 non
2364 3905 2420 3954 id
2436 3940 2451 3965 ,
2485 3904 2572 3952 sed

1551 3985 1773 4051 aliquid,
1807 3985 2119 4049 cogitandum
2145 3986 2416 4046 omittitur,
2447 3995 2497 4030 et
2521 3983 2578 4029 id

1552 4080 1788 4130 nequens,
1833 4064 1964 4126 tale,
2016 4065 2164 4129 quale
2224 4065 2427 4112 dicimus
2450 4097 2466 4119 ,
2521 4072 2577 4108 ut

1555 4143 1737 4193 centies
1758 4177 1772 4201 ,
1802 4154 1958 4191 notat.
1986 4144 2067 4191 Sic
2102 4143 2232 4193 cadit
2266 4143 2412 4191 etiam
2439 4142 2576 4187 Lam·

447 4225 635 4273 litet-are
662 4225 836 4275 solent.
874 4225 1005 4273 Alias
1031 4224 1228 4288 quidem
1253 4225 1468 4273 auctoris
1555 4223 1662 4272 bini
1681 4222 1942 4272 violentior
1969 4225 2123 4283 ratio,
2152 4231 2264 4285 post
2292 4221 2462 4283 igitur,
2495 4234 2580 4267 vo·

2276 4332 2380 4377 12.
