3217 4784
827 488 952 556 DE
998 490 1173 560 FIN.
1226 492 1435 562 BoN.
1492 496 1603 563 ET
1650 498 1867 566 MAL.
1918 499 1976 583 1,
2023 499 2129 581 14.
2471 497 2565 593 89

437 608 843 705 sipientiam
873 625 1177 709 propter
1201 614 1567 687 molestias
1603 640 1757 689 esse
1791 616 2253 716 fugiendam?
2277 618 2566 690 Eadem·
2598 646 2668 714 ⁴7

437 738 581 813 que
613 721 890 792 ratione
922 745 1014 792 ue
1058 727 1611 821 temperantiam
1657 727 1953 824 quidem
1989 743 2290 827 propter
2324 755 2400 801 se
2439 754 2559 800 ex-

434 828 823 925 petendam
894 855 1049 902 esse
1119 831 1440 907 dicemus
1471 890 1491 924 ,
1553 837 1682 909 sed
1748 842 1917 935 quia
1991 863 2240 936 pacem
2307 842 2563 910 animis

436 936 723 1026 afferat,
761 955 834 1011 et
870 964 995 1011 eos
1036 942 1243 1038 quasi
1279 947 1669 1019 concordia
1708 949 2021 1046 quadam
2059 951 2293 1050 placet
2335 974 2418 1022 ac
2462 951 2562 1022 ie-

435 1048 601 1119 niat.
638 1054 1141 1149 Temperantia
1173 1069 1281 1125 est
1314 1058 1509 1127 enim
1534 1054 1589 1146 ⁵,
1627 1084 1790 1156 quae
1824 1063 1902 1130 in
1932 1060 2150 1132 rebus
2183 1075 2308 1132 aut
2341 1084 2564 1159 expe-

439 1160 712 1247 tendis,
741 1174 865 1230 aut
896 1159 1252 1259 fugiendis
1274 1219 1293 1254 ,
1330 1168 1686 1241 rationem
1719 1185 1807 1241 ut·
1834 1194 2246 1267 sequamur,
2286 1185 2560 1242 monet.

433 1270 582 1340 Nec
646 1271 840 1342 enim
900 1274 1066 1344 satis
1118 1289 1225 1346 est
1282 1277 1649 1372 judicare,
1707 1282 1888 1379 quid
1959 1274 2367 1354 faciendum
2411 1307 2566 1353 non

434 1375 937 1454 faciendumve
963 1386 1088 1472 sit3
1130 1384 1257 1457 sed
1280 1403 1468 1460 stare
1504 1394 1721 1462 etiam
1751 1406 2042 1490 oportet
2075 1394 2152 1464 in
2189 1418 2277 1464 eo
2299 1447 2319 1481 ,
2361 1391 2566 1491 quod

433 1489 530 1559 sit
581 1487 1004 1583 judicatum.
1062 1494 1396 1594 Plerique
1454 1515 1737 1589 autem,
1780 1502 1983 1600 quod
2035 1518 2284 1577 tenere
2344 1519 2561 1602 atque

434 1621 719 1671 servare
764 1600 875 1690 id,
915 1603 1119 1699 quod
1163 1607 1645 1698 statueruntfl,
1690 1636 1841 1682 non
1888 1626 2234 1710 possunt,
2276 1613 2444 1683 victi
2492 1626 2565 1683 et

436 1706 827 1799 debilitati,
862 1711 1150 1808 objecta
1183 1720 1422 1814 specie
1458 1720 2182 1820 voluptatiS‚tradunt
2215 1746 2289 1794 se
2325 1720 2562 1792 libidi-

436 1815 653 1890 nibus
682 1824 1286 1920 constringendos
1304 1838 1357 1916 7,
1383 1853 1520 1902 nec
1538 1886 1557 1918 ,
1587 1832 1768 1930 quid
1796 1848 2227 1905 eventurum
2256 1834 2372 1920 sit,
2400 1857 2566 1931 pro·

434 1928 684 2001 vident
706 1927 763 2018 ⁸,
798 1931 896 2003 ob
939 1959 1243 2033 eamque
1296 1961 1578 2011 causam
1633 1958 1935 2042 propter
1984 1943 2433 2040 voluptatem
2491 1955 2567 2012 et

437 2061 761 2133 parvam,
799 2058 874 2114 et
908 2070 1061 2119 non
1102 2052 1615 2139 necessariam,
1653 2067 1726 2123 et
1758 2078 1923 2153 quae
1966 2052 2082 2125 vel
2117 2052 2324 2124 aliter
2354 2075 2565 2150 para-

437 2161 663 2239 retur,
687 2164 760 2221 et
787 2176 931 2248 qua
962 2160 1178 2227 etiam
1207 2183 1449 2232 carere
1482 2175 1824 2259 possent9
1850 2166 2004 2235 sine
2038 2162 2388 2249 dolorem,
2405 2174 2564 2230 tum

507 2399 555 2449 5.
588 2386 926 2465 Temperantia
947 2414 1023 2451 est
1039 2402 1185 2455 enim.
1204 2406 1457 2476 Σωφροσύ-

434 2497 519 2535 νην
555 2482 743 2544 cogita,
797 2492 854 2531 nt
895 2500 957 2531 ex
1001 2485 1138 2533 vocis
1167 2484 1455 2537 definitione

432 2570 587 2624 patet.
621 2561 677 2610 C.
709 2561 834 2612 Pht.
866 2565 955 2623 lv,
989 2564 1051 2612 de
1086 2566 1210 2631 Rep.
1243 2581 1295 2628 Ρ.
1329 2569 1453 2631 349.

432 2641 541 2705 Bip.
584 2641 783 2707 Κόσμος
821 2642 917 2694 πού
958 2663 1028 2704 τις
1067 2644 1099 2700 ἡ
1142 2647 1450 2715 σωφροσύνη,

432 2717 516 2771 καὶ
534 2714 722 2776 ἡδονῶν
740 2726 881 2773 τινῶν
901 2720 983 2773 καὶ
1000 2725 1256 2794 ἐπιθυμιῶν
1284 2727 1453 2799 ἐγκρά-

435 2819 562 2852 τεια.
602 2804 759 2864 Quem
792 2801 956 2850 locum
996 2805 1099 2854 Cic.
1132 2806 1202 2854 sic
1238 2807 1452 2856 imitatus

435 2891 507 2927 est
528 2880 632 2929 Off.
656 2882 707 2940 1,
730 2896 814 2941 27,
850 2894 909 2928 1:
954 2902 977 2923 ι
1005 2883 1057 2930 in
1091 2900 1183 2948 qn·
1231 2886 1453 2952 (reliqua

431 2958 703 3008 honestatis
726 2960 883 3024 pat-te)
908 2962 1223 3025 verecundis,
1247 2976 1297 3014 et
1316 2967 1454 3030 quasi

434 3038 631 3103 quidam
652 3050 850 3087 ornatus
870 3040 1008 3098 vitae,
1032 3045 1370 3106 temperantis.
1393 3081 1405 3094 .
1428 3081 1443 3095 .

434 3119 647 3167 cernitur
664 3141 709 3168 n.
751 3120 976 3167 Ceterum
1010 3119 1134 3168 nihil
1168 3123 1376 3182 mirum,
1409 3124 1451 3172 si

433 3199 604 3263 scripti
655 3198 854 3261 qnidam
904 3210 1181 3263 veteresque
1232 3201 1454 3266 impressi

433 3276 563 3325 em’m
596 3288 668 3324 est
696 3287 1022 3342 transponunt
1041 3312 1056 3337 ,
1082 3289 1136 3326 ut
1162 3279 1295 3330 Gud.
1327 3296 1377 3339 α,
1403 3291 1453 3330 et

432 3357 543 3405 Bas.
571 3355 635 3404 cf.
663 3372 807 3420 supra
833 3354 863 3421 S
891 3357 976 3410 43.
1001 3357 1148 3405 G.—
1166 3359 1247 3405 Sio
1273 3361 1449 3408 Horat.

434 3436 536 3484 Sat.
556 3438 607 3493 1,
632 3449 679 3494 1,
715 3435 840 3484 106:
876 3458 897 3479 ι
918 3437 1004 3484 Est
1022 3436 1265 3489 modusin
1282 3438 1449 3497 rebus,

432 3524 549 3563 snut
584 3514 703 3562 certi
737 3513 948 3579 deniqne
984 3514 1131 3577 fines,
1158 3518 1298 3580 Quos
1326 3518 1449 3567 ultra

433 3595 650 3657 citt-sque
668 3595 838 3657 nequit
854 3594 1118 3643 consistere
1135 3606 1319 3644 rectum
1337 3619 1379 3647 n.

504 3673 554 3720 6.
596 3673 742 3737 Quod
775 3683 1053 3721 statuerunt.
1095 3675 1221 3739 Spir.
1265 3688 1314 3725 et
1350 3677 1449 3726 Eri.

430 3751 526 3816 ipsi
553 3750 631 3799 his
661 3752 914 3801 inserunt:
946 3752 1083 3817 quod
1118 3754 1231 3817 ferri
1261 3757 1448 3818 possit,

431 3831 473 3879 si
514 3845 606 3896 pro
663 3852 685 3873 ι
705 3846 791 3878 sna
835 3826 1038 3895 sponte,
1083 3831 1240 3880 libero
1276 3836 1450 3882 mentis

430 3910 639 3959 consilio
661 3931 711 3972 ι,
734 3919 788 3957 nt
814 3925 940 3974 saepe
962 3910 1064 3975 ipse
1090 3910 1285 3971 dicitnr,
1311 3929 1450 3961 acce-

432 3991 578 4052 peris.
616 3989 696 4039 Sic
732 3990 1036 4053 excipientur
1068 3992 1130 4051 ii,
1163 4012 1184 4033 ι
1205 3991 1291 4055 qni
1328 3992 1451 4055 quid

438 4067 653 4129 precario
671 4102 687 4126 ,
725 4081 810 4116 aut
841 4070 1124 4118 necessitate
1155 4070 1345 4132 coacti,
1376 4070 1451 4118 sa-

437 4144 662 4193 ciendnm
685 4158 900 4196 statuunt
920 4170 964 4198 a.
994 4151 1060 4199 G.

508 4241 556 4286 7.
600 4227 817 4276 Tradunt
839 4244 893 4277 ει
919 4228 1091 4277 Ιίὂίᾰᾰ.
1118 4230 1454 4294 constr-Ingen-

1541 2400 1643 2451 ἀοι.
1666 2402 1862 2451 Dictum
1884 2412 1957 2452 est
1977 2418 2089 2450 cum
2106 2405 2326 2465 respectui
2346 2398 2410 2447 ad
2428 2395 2566 2446 victi.

1547 2480 1679 2529 Victi
1697 2482 1828 2531 enim
1854 2483 1940 2546 qui
1964 2497 2015 2529 se
2038 2481 2168 2529 hosti
2194 2480 2390 2528 trudunt
2410 2511 2427 2538 ,
2455 2478 2564 2524 vin-

1541 2561 1665 2609 culis
1693 2561 1941 2609 constricti
1967 2562 2021 2608 in
2051 2561 2378 2625 captivitatem
2409 2554 2564 2604 abdu-

1541 2651 1737 2689 cuntur.
1782 2640 1927 2689 Unde
1975 2640 2123 2689 toties
2165 2660 2188 2683 ιι
2219 2638 2556 2704 captivorum,

1541 2721 1838 2785 captivitatis
1861 2721 2095 2770 vincula·
2122 2719 2366 2784 dicuntur.
2393 2717 2461 2766 G.

1614 2802 1664 2849 8.
1684 2802 2000 2851 Eventurum.
2021 2836 2035 2851 .
2057 2836 2069 2849 .
2084 2800 2361 2867 provident.
2382 2798 2434 2844 Si
2450 2812 2563 2844 vere

1540 2882 1709 2930 Ursin.
1748 2883 1802 2931 in
1842 2898 1932 2931 suo
1963 2898 2118 2948 porro
2157 2891 2306 2929 evene.
2351 2876 2530 2940 reperit
2545 2909 2559 2932 ‚

1541 2976 1653 3009 ven
1672 2961 1776 3010 hoec
1797 2962 1946 3011 lectio
1973 2960 2187 3025 putanda
2205 2971 2294 3015 est,
2310 2969 2460 3019 quum
2485 2962 2564 3001 tot

1541 3040 1691 3088 codd.
1731 3052 2081 3106 proventurum
2098 3072 2114 3095 ,
2165 3047 2214 3085 et
2260 3035 2312 3082 in
2348 3033 2426 3080 his
2466 3041 2563 3079 tres

1538 3121 1695 3169 nostri
1710 3156 1726 3182 ,
1746 3135 1994 3184 qnnmqne
2008 3132 2162 3182 porro
2194 3130 2321 3178 saepe
2343 3110 2405 3159 nd
2428 3111 2562 3159 Gra-

1539 3214 1651 3246 cnm
1699 3186 1811 3250 211?oe
1853 3193 2275 3246 accommodatum
2323 3200 2555 3257 ponatur.

1539 3276 1643 3326 nrt.
1667 3286 1824 3324 tamen
1849 3286 1898 3324 et
1919 3276 2047 3341 Spir.
2074 3282 2368 3322 eventurum.
2396 3271 2462 3319 G.

1612 3371 1664 3418 9.
1694 3357 1788 3403 Vel
1806 3356 1952 3404 aliter·
1961 3365 2252 3421 pararetur.
2271 3388 2286 3401 .
2307 3385 2322 3399 .
2344 3359 2557 3415 possent.

1539 3434 1729 3493 Bremi,
1758 3434 1893 3498 quod
1919 3450 2026 3483 non
2058 3433 2290 3492 debebat,
2328 3430 2477 3478 heret
2505 3426 2560 3475 in

1539 3513 1654 3573 vel,
1687 3529 1798 3577 qnae
1823 3514 2150 3577 gradationem
2177 3512 2403 3572 adiuvat,
2430 3507 2559 3555 clare

1538 3590 1638 3641 hoc
1658 3594 1711 3640 in
1736 3592 1848 3641 loeo
1873 3594 2202 3658 conspicuam.
2228 3589 2418 3641 Deinde
2435 3601 2556 3635 con-

1532 3672 1645 3733 jicit
1678 3688 1741 3720 ex
1774 3674 1949 3721 misero
1981 3684 2241 3721 contextus
2274 3669 2430 3718 fulcro
2447 3703 2461 3726 ‚
2487 3663 2558 3714 εἰσ

1536 3763 1654 3817 post
1679 3750 1823 3800 aliter
1858 3752 1910 3799 in
1948 3751 2116 3800 codice
2149 3751 2313 3815 aliquo
2337 3754 2552 3813 reperto.

1536 3831 1705 3881 Divis.
1729 3831 1851 3890 sibi5
1884 3831 2020 3896 qnod
2055 3830 2131 3879 vel
2153 3830 2366 3893 jejunius
2396 3829 2555 3876 etiam.

1537 3912 1763 3960 Ceterum
1801 3922 1915 3959 sunt
1955 3911 2061 3960 haec
2105 3912 2259 3976 impp.
2285 3909 2554 3971 subjunctt.

1538 3991 1868 4055 optativomm
1890 3990 2019 4040 loco.
2052 3992 2113 4040 G.
2323 4047 2326 4050 ,

1617 4085 1695 4119 10.
1714 4070 1828 4117 Sine
1852 4069 2037 4119 dolore.
2065 4073 2131 4120 Η.
2161 4086 2204 4118 e.
2230 4070 2303 4118 sic
2325 4079 2380 4116 nt
2400 4068 2454 4114 in
2478 4081 2558 4114 en-

1540 4149 1695 4197 rendo
1731 4149 1825 4198 hac
1854 4151 2105 4216 voluptate
2144 4149 2288 4198 dolor
2313 4145 2474 4197 nullus
2498 4146 2563 4193 sit

1540 4229 1870 4293 perferendus.
