3217 4784
767 473 889 538 DE
938 475 1106 544 FIN.
1161 478 1367 545 ΒΟΝ.
1425 481 1536 545 ET
1586 479 1798 547 MAL.
1849 481 1935 562 v,
1969 479 2034 546 8.
2331 473 2467 571 569

348 590 827 687 adipiscamur
862 620 1021 691 quae
1046 597 1445 668 secundum
1475 613 1802 669 naturam
1837 604 1980 669 sint
1999 610 2082 682 ²9,
2114 600 2467 670 etiamsi²⁰

349 726 435 769 ea
467 726 611 770 non
638 726 1123 801 assequamur,
1151 705 1220 776 id
1262 732 1417 778 esse
1443 724 1514 779 et
1536 706 1963 796 honestum,
1995 722 2064 779 et
2084 708 2315 779 solum
2339 734 2468 806 per

349 835 428 879 se
469 813 986 908 expetendum,
1031 830 1102 886 et
1141 816 1375 886 solum
1420 816 1699 887 bonum
1745 819 1948 888 stoici
1993 816 2261 888 dicunt.

448 923 633 989 vlu.
685 925 819 991 Sex
870 924 1087 1020 igitur
1137 923 1248 994 hae
1285 941 1455 997 sunt
1498 926 1856 1024 simplices
1893 927 1982 997 de
2020 950 2299 998 summa
2333 925 2462 997 bo-

348 1039 643 1098 norum¹
689 1030 1189 1130 malorumque
1240 1039 1612 1108 sententia}
1652 1065 1666 1107 :
1715 1036 1876 1108 duae
1920 1039 2073 1108 sine
2116 1052 2463 1134 patrone,

348 1152 661 1230 quatuor
701 1136 1028 1212 defensae.
1091 1147 1363 1216 Junctae
1406 1161 1644 1218 autem
1700 1161 1773 1218 et
1814 1145 2136 1244 duplices
2185 1148 2465 1244 exposi-

2505 952 2564 985 21

346 1247 580 1317 tiones
620 1252 878 1320 summi
919 1251 1133 1341 honi,
1188 1270 1331 1327 tres
1373 1260 1672 1327 omnino
1714 1255 2055 1327 fuerunt:
2111 1280 2248 1326 nec
2297 1280 2466 1326 vero
2555 1306 2559 1310 Δ

345 1352 626 1449 plures,
670 1363 731 1428 si
765 1362 1053 1456 penitus
1082 1389 1320 1436 rerum
1358 1381 1686 1438 naturam
1721 1364 1993 1450 videas,
2025 1389 2176 1436 esse
2207 1380 2463 1462 potue-

343 1478 537 1533 runt.
565 1469 747 1536 Nam
771 1484 895 1540 aut
918 1472 1246 1570 voluptas
1272 1474 1567 1572 adjungi
1600 1490 1839 1573 potest
1862 1475 1951 1546 ad
1979 1475 2422 1546 honestatem
2445 1530 2465 1562 ,

346 1586 427 1640 ut
456 1573 898 1672 Calliphoni²
936 1583 1534 1681 Dinomachoque
1566 1586 1875 1684 placuit3
1905 1600 2031 1655 aut
2057 1583 2325 1656 doloris
2355 1611 2465 1655 va-

344 1685 605 1769 cuitaS,
651 1699 733 1754 ut
780 1686 1140 1777 Diodoro;
1183 1708 1305 1763 aut
1347 1697 1575 1791 prima
1619 1710 1926 1782 naturae,
1981 1710 2062 1766 ut
2106 1697 2460 1792 antiquiS,

341 1815 527 1885 quos
563 1794 853 1866 eosdem
890 1800 1330 1874 academicos
1358 1819 1431 1875 et
1450 1806 1952 1903 peripateticos
1983 1808 2456 1877 nominamus.

342 1900 476 1969 Sed
507 1905 848 1998 quoniam
888 1929 1378 2008 non-possunt
1414 1917 1658 1985 omnia
1698 1916 1911 1986 simul
1956 1914 2094 1985 dici
2119 1969 2139 2004 ,
2201 1914 2350 1985 haec
2385 1920 2459 1986 in

343 2017 714 2105 praesentia
752 2032 921 2087 nota
962 2045 1113 2092 esse
1151 2020 1563 2111 debebunt,
1606 2026 2048 2123 voluptatem
2082 2050 2459 2096 semoven-

340 2119 503 2189 dam
548 2148 741 2195 esse:
780 2129 1075 2222 quando
1119 2130 1209 2201 ad
1246 2125 1514 2227 majora
1546 2134 1870 2231 quaedam
1896 2190 1913 2220 ,
1941 2148 2021 2203 ut
2046 2135 2194 2229 jam
2236 2159 2458 2230 appa·

339 2225 565 2317 rebit,
602 2238 751 2303 nati
795 2259 1065 2309 sumus.
1112 2245 1219 2311 De
1272 2245 1624 2314 vacuitate
1683 2244 1950 2315 doloris
2004 2245 2252 2316 eadem
2311 2242 2460 2315 fere

340 2336 477 2407 dici
530 2340 800 2429 solent,
845 2371 1004 2441 quae
1049 2347 1138 2419 de
1177 2351 1566 2450 voluptate.
1620 2353 2019 2452 [Quoniam
2064 2351 2336 2450 igitur3
2389 2369 2462 2425 et

340 2446 428 2517 de
462 2449 828 2549 voluptate
863 2480 1028 2527 cum
1059 2464 1458 2558 Torquato,
1503 2480 1574 2534 et
1616 2464 1707 2535 de
1746 2463 2162 2549 honestate,
2204 2465 2277 2533 in
2315 2488 2460 2560 qua

337 2627 375 2677 „i
402 2626 473 2673 vel
502 2628 779 2679 vitationem
813 2645 984 2698 putare
1017 2638 1070 2684 in
1093 2638 1235 2687 rebus
1270 2657 1354 2688 ex·

336 2707 558 2766 petendis
584 2712 838 2777 quisquam
861 2730 1026 2780 posset
1043 2742 1086 2768 ι.
1118 2721 1198 2768 Sic
1224 2722 1353 2769 enim

334 2783 461 2831 belle
490 2788 595 2836 Cic.
622 2790 828 2853 dixerit,
867 2816 893 2837 κ
927 2796 1190 2846 absurdum
1223 2816 1347 2855 esse,

335 2864 374 2908 si
393 2865 462 2912 vel
476 2877 644 2927 putare
665 2872 775 2931 quis
796 2873 940 2932 velit,
969 2875 1191 2924 dolorem
1210 2881 1351 2931 vitari

338 2957 483 3017 posse
500 2964 545 2991 ιο.
573 2945 796 2993 Ceterum
822 2961 936 3011 post
960 2968 1022 2998 ne
1046 2953 1271 3016 quidem,
1290 2974 1352 3017 qe

335 3019 600 3082 simplicem
624 3038 687 3069 ex
708 3026 871 3086 regula
892 3030 1056 3092 sequi,
1089 3032 1203 3080 alibi
1225 3036 1349 3083 vidi·

332 3112 453 3145 mus.
474 3098 538 3147 G.
560 3128 628 3137 —-
656 3105 771 3149 Haec
802 3104 957 3155 Brem.
998 3109 1068 3156 sic
1108 3114 1341 3177 corrigit:

333 3197 357 3215 .-
379 3176 470 3222 nisi
494 3178 636 3225 etiam
663 3182 840 3230 evitare
868 3198 1034 3247 posset
1052 3209 1096 3237 n.
1125 3190 1345 3240 Ceterum

330 3253 409 3299 illa
438 3254 717 3317 glossatoris
752 3277 855 3309 esse
892 3266 1176 3328 suspicatur.
1205 3271 1340 3321 Goer.

330 3332 381 3378 in
404 3334 650 3383 Additum.

404 3426 482 3473 ¹9·
510 3416 630 3477 Quoe
655 3434 749 3465 sec.
769 3433 879 3471 nat.
918 3424 1030 3472 siut.
1059 3428 1192 3476 Goer.
1213 3442 1340 3479 sum.

330 3492 401 3536 lta
417 3524 432 3548 ‚
457 3494 616 3556 inquit
631 3530 644 3553 ‚
661 3499 837 3547 rectius
851 3503 975 3565 Spir.
996 3517 1046 3552 et
1066 3506 1167 3553 Erl.
1192 3520 1303 3555 sum
1324 3527 1340 3556 .-

327 3570 463 3631 quod
497 3572 623 3620 inter
661 3575 749 3624 hos
781 3582 1119 3642 conjunctivos
1155 3586 1209 3632 in
1244 3587 1346 3635 sint

325 3963 454 4021 quod
484 3967 624 4014 etiam
648 3971 847 4022 Oxonn.
879 3977 933 4024 E.
968 3972 1006 4033 ξ.
1036 3990 1130 4026 tres
1152 3984 1329 4037 nostri,

326 4040 491 4088 etedd.
520 4057 637 4094 vett.
662 4048 830 4111 plures
858 4052 1087 4104 referunt.
1101 4061 1166 4107 At
1186 4077 1335 4122 quum

326 4116 489 4164 eadem
513 4123 662 4172 forma
700 4127 894 4179 dicendi
936 4145 1006 4181 ter
1043 4137 1211 4184 eodem
1244 4140 1337 4185 hoc

325 4195 480 4259 capite
525 4208 857 4270 antecesserit,
902 4212 996 4261 hoc
1040 4215 1179 4262 etiam
1226 4217 1336 4264 loco

1442 2643 1510 2688 sic
1528 2642 1739 2690 scribere
1756 2652 2005 2691 auctorem
2024 2641 2236 2691 voluisse
2251 2678 2266 2702 ,
2289 2642 2456 2691 admo·

1441 2720 1554 2768 dum
1575 2722 1829 2785 probabile
1849 2723 2055 2771 est.Bini
2071 2723 2286 2788 potiores
2304 2725 2458 2773 nostri

1441 2800 1638 2847 etiamsi
1662 2812 1877 2850 tuentur.
1902 2803 1963 2851 G.

1511 2881 1651 2927 vm.
1669 2897 1689 2928 1
1702 2918 1714 2930 .
1742 2884 1939 2929 Summa
1960 2882 2207 2928 bonorum.
2229 2884 2301 2929 Ita
2320 2881 2456 2930 dedit

1438 2959 1601 3006 Davis.
1631 2977 1658 3006 e
1692 2962 1846 3009 tribus
1873 2960 1971 3007 suis
1990 2995 2006 3018 ,
2033 2959 2257 3023 idemque
2280 2976 2343 3007 ex
2365 2976 2455 3007 no-

1436 3037 1547 3085 stris
1573 3039 1701 3103 Spir.
1737 3038 1868 3087 Gud.
1897 3053 1954 3093 a,
1989 3039 2097 3084 Bas.
2134 3041 2285 3085 Mars.
2322 3041 2453 3089 Crat.

1435 3117 1542 3163 aliae
1574 3118 1809 3181 praebent.
1855 3116 2064 3179 Vulgata
2106 3116 2223 3163 olim
2264 3132 2451 3165 summo

1434 3205 1550 3252 erat,
1561 3207 1618 3243 ut
1629 3196 1800 3258 reliqui
1811 3196 1962 3241 nostri
1978 3194 2212 3259 prebent.
2225 3195 2453 3243 Similiter

1432 3274 1619 3320 auctori
1647 3296 1672 3315 e·
1691 3290 1880 3332 rerum,
1924 3289 2175 3336 generum,
2201 3276 2452 3338 cogitatio·

1430 3368 1546 3399 num
1560 3369 1802 3412 summa»,
1815 3364 1882 3413 et,
1893 3366 1950 3401 ut
1972 3364 2101 3401 reete
2113 3352 2450 3403 laudatDavis.

1430 3430 1619 3479 Acadd.
1658 3434 1732 3491 11,
1771 3442 1831 3489 [μὶ
1856 3469 1871 3492 ,
1920 3449 2044 3495 129,
2071 3454 2104 3493 ,ι
2134 3443 2182 3480 et
2211 3432 2450 3482 bonorum

1429 3521 1478 3558 et
1504 3511 1740 3557 malorum
1767 3527 1950 3558 summa
1979 3532 2001 3553 ι
2019 3546 2034 3569 ,
2069 3511 2286 3574 ponitur.
2315 3515 2376 3561 G.

1501 3606 1549 3637 2.
1584 3589 1875 3654 Calliphoni.
1901 3590 2079 3654 scripti
2106 3590 2318 3653 editique
2344 3608 2450 3640 om·

1426 3684 1513 3714 nes
1533 3702 1547 3725 ,
1575 3666 1868 3732 Calliphoni,
1893 3684 2045 3731 quum
2076 3684 2221 3732 supra
2251 3670 2325 3727 11,
2357 3685 2410 3717 n
2429 3705 2445 3727 ,

1429 3746 1517 3806 35,
1540 3745 1857 3808 Calliphontis
1872 3745 2114 3795 edendum
2134 3748 2300 3795 fuisset
2314 3783 2329 3807 ,
2359 3749 2444 3796 ubi

1427 3841 1519 3872 nos
1547 3826 1613 3873 sis
1633 3824 1761 3873 vide.
1781 3828 1845 3874 G.

1499 3906 1547 3952 3.
1576 3904 1822 3967 Quoniam
1850 3903 2001 3968 igitur
2010 3937 2137 3953 .....
2150 3908 2443 3957 vacuitatem

1425 3982 1617 4030 doloris.
1639 3985 1757 4030 Haec
1781 3999 1870 4031 nos
1887 4000 1999 4031 cum
2023 3987 2156 4033 Goer.
2177 3997 2226 4033 et
2245 3984 2439 4032 Schiitz.

1425 4063 1564 4109 uncis
1591 4061 1873 4109 inclusimus
1900 4075 2139 4128 tamquam
2168 4064 2247 4111 hic
2272 4063 2439 4110 aliena.

1426 4140 1631 4191 Mirum,
1654 4140 1813 4203 iuquit
1831 4144 1966 4188 Goer.
1990 4142 2093 4188 haec
2116 4141 2246 4188 unde
2269 4139 2364 4186 huc
2389 4137 2441 4185 in

1427 4231 1654 4268 contexta
1699 4220 1968 4282 migrarint.
2017 4220 2127 4265 Esse
2167 4219 2293 4267 enim
2337 4220 2441 4267 haec
