3217 4784
724 367 867 455 434

2137 144 2164 177 Χ

1401 371 1496 436 Μ.
1550 372 1627 437 Τ.
1683 368 2172 438 CICERONIS

720 491 1165 588 disciplinam
1207 514 1354 558 non
1395 500 1503 558 est
1538 487 1742 558 facile
1785 476 2258 586 perdiscere5.
2294 491 2475 558 Tum
2512 489 2666 576 ille,
2707 495 2877 563 Ain’

721 602 1009 673 tandem
1031 596 1087 683 ⁶,
1114 601 1386 696 inquit,
1416 625 1647 696 quum
1685 624 1818 695 ego
1859 614 1927 671 te
1954 597 2087 668 hac
2117 622 2304 668 nova
2339 598 2540 696 lege⁷
2580 600 2874 672 videam

719 712 971 783 eodem
1011 709 1126 780 die
1162 711 1557 781 accusatori
1602 708 2070 807 respondere,
2099 723 2170 778 et
2203 707 2438 779 tribus
2473 708 2669 781 horis
2705 737 2873 808 per-

717 846 954 907 orare,
983 822 1056 890 in
1083 819 1217 890 hac
1238 844 1353 890 me
1387 844 1598 891 causa
1628 835 1913 917 tempus
1953 816 2385 893 dilaturum⁸
2417 821 2670 917 putas?
2697 847 2866 918 quae

716 948 955 1001 tamen
986 955 1026 1000 a
1065 945 1134 1000 te
1165 946 1420 1027 agetur
1464 956 1612 1001 non
1646 931 1974 1014 metim-9,
2000 954 2218 1027 quam
2261 929 2397 999 illae
2434 945 2642 1017 sunt,
2678 957 2865 1027 quas

720 1039 1085 1111 interdum
1144 1039 1460 1111 obtines.
1522 1045 1763 1134 Quare
1809 1044 2016 1113 istam
2066 1065 2365 1139 quoque
2422 1040 2862 1137 aggredere,

718 1165 1088 1222 tractatam
1128 1152 1521 1248 praesertim
1560 1166 1633 1221 et
1679 1150 1772 1223 ab
1810 1151 2000 1238 aliis,
2047 1165 2119 1223 et
2155 1176 2195 1221 a
2229 1165 2301 1222 te
2335 1155 2496 1249 ipso
2524 1160 2590 1194 ¹⁰
2624 1176 2853 1249 saepe,

653 1290 679 1320 2
722 1276 801 1332 ut
840 1260 970 1332 tibi
1012 1260 1256 1331 deesse
1296 1285 1445 1331 non
1491 1262 1716 1357 possit
1753 1264 2003 1330 oratio.
2060 1265 2243 1331 Tum
2288 1284 2462 1356 ego,
2499 1265 2663 1331 Non
2702 1286 2857 1333 me·

788 1492 835 1540 5.
873 1493 985 1539 Non
1030 1502 1104 1538 est
1130 1490 1290 1555 facile
1324 1490 1618 1556 perdiscere.
1661 1489 1739 1536 Sic

714 1588 881 1620 omues
907 1571 1104 1635 quidem
1141 1571 1320 1619 habent
1356 1571 1504 1632 libri,
1531 1581 1578 1619 et
1612 1571 1734 1619 Mss.

713 1664 757 1700 et
790 1651 921 1716 typis
957 1652 1193 1716 impressi.
1232 1650 1330 1701 Sed
1352 1650 1475 1715 quid
1511 1649 1605 1698 sibi
1634 1649 1739 1697 vult

703 1731 985 1795 perdiscere
1002 1735 1027 1776 Ρ
1052 1742 1137 1778 aut
1164 1730 1415 1793 quomodo
1451 1730 1531 1778 hic
1572 1729 1735 1776 locum

710 1810 888 1858 habere
924 1809 1126 1873 potest?
1154 1809 1361 1855 Videtur
1404 1809 1533 1856 enim
1570 1808 1736 1871 potius

709 1888 855 1937 scribi
883 1887 1057 1936 debere
1070 1921 1085 1945 ,
1112 1885 1397 1946 dissolvere,
1425 1898 1511 1937 aut
1536 1888 1731 1934 subver-

708 1981 833 2029 tere,
858 1977 942 2014 aut
980 1977 1222 2022 evertere,
1264 1977 1347 2013 aut
1386 1965 1571 2029 aliquid
1598 1964 1731 2011 aliud

706 2047 827 2104 tale;
857 2047 951 2093 nisi
975 2046 1100 2093 forte
1127 2044 1368 2103 dicamus,
1395 2042 1491 2090 hoc
1526 2058 1629 2090 esse
1656 2059 1732 2088 re-

706 2125 958 2173 ferendum
984 2124 1046 2171 sd
1072 2134 1319 2173 oratorum
1342 2132 1390 2169 et
1410 2132 1729 2187 patronorum

670 2218 678 2225 ·
706 2200 1112 2250 consuetudInem
1126 2237 1140 2261 ,
1169 2217 1295 2265 quos
1312 2216 1415 2248 non
1432 2199 1589 2248 solum
1606 2200 1728 2261 ejus,

707 2296 799 2344 pro
835 2296 935 2343 quo
981 2280 1165 2329 dictum
1194 2290 1324 2338 erat,
1347 2280 1433 2328 sed
1463 2279 1604 2327 etiam
1643 2278 1728 2326 ad-

629 2360 637 2369 '
706 2360 903 2406 versarii
940 2360 1050 2421 jura
1078 2370 1125 2408 et
1151 2369 1427 2423 argumenta
1456 2356 1731 2422 perdiscere

705 2439 989 2503 oportebat,
1017 2450 1075 2488 ut
1099 2440 1168 2486 eis
1194 2438 1487 2503 respondere
1510 2448 1728 2502 possent.

703 2518 853 2580 Quod
873 2535 929 2567 ea
952 2532 1063 2582 quo
1082 2529 1369 2583 sequuntur,
1387 2516 1725 2582 comprobant.

702 2598 869 2646 Lusa.
899 2625 967 2634 —
1003 2598 1155 2644 Recte
1192 2597 1439 2644 Ernestius
1480 2597 1649 2645 Lamb.
1679 2607 1728 2644 et

702 2675 952 2723 Davisium
1001 2674 1244 2731 cohibuit,
1289 2690 1383 2739 pro
1420 2674 1722 2740 perdiscere,

702 2776 727 2795 κ
751 2753 1016 2802 dissolvere
1032 2789 1047 2811 ‚
1076 2763 1308 2813 evertere,
1336 2755 1543 2816 dejicere
1560 2776 1585 2797 a·
1611 2771 1727 2803 sus·

701 2834 889 2883 dentes.
918 2833 1043 2882 Nam
1069 2833 1112 2879 is
1136 2831 1316 2890 modo,
1341 2834 1428 2896 qui
1446 2849 1546 2880 rem
1556 2835 1727 2897 perdi-

700 2913 848 2973 dicit,
871 2923 984 2978 apte
1011 2912 1072 2960 de
1092 2913 1197 2976 ipsa
1212 2910 1433 2972 judicare
1451 2923 1634 2977 potest.
1660 2915 1723 2964 G.

770 2994 822 3041 6.
855 2993 973 3040 Tum
998 2991 1104 3048 ille,
1134 2990 1251 3039 Δία’
1270 2990 1485 3040 eandem.
1506 2990 1726 3041 Turbsut

696 3073 903 3134 librarii,
923 3083 980 3121 ut
1000 3074 1054 3123 in
1073 3088 1196 3121 voce
1216 3070 1324 3119 ain’
1342 3070 1523 3136 ubique
1543 3072 1721 3123 solent.

696 3155 928 3203 Proxime
953 3170 981 3201 a
1010 3168 1127 3203 vero
1155 3150 1284 3217 spir.
1312 3161 1359 3198 et
1386 3150 1484 3199 Erl.
1517 3150 1723 3215 absunt,

695 3232 848 3283 modo
884 3249 952 3282 an
992 3243 1265 3296 peccantes.
1303 3229 1436 3279 Gud.
1481 3247 1540 3291 a,
1578 3232 1723 3281 Mon.

694 3322 806 3360 mne
821 3312 959 3361 illam
980 3311 1173 3359 eandem
1196 3327 1214 3357 .·
1230 3309 1368 3373 quod
1380 3309 1509 3357 idem
1529 3310 1667 3361 Gud.
1694 3327 1716 3358 1

693 3400 742 3436 et
763 3393 873 3441 Bas.
908 3390 1160 3456 prebent,
1183 3389 1279 3439 nisi
1313 3388 1448 3452 quod
1478 3389 1567 3438 ma
1601 3390 1720 3437 scri·

690 3467 833 3517 bunt.
858 3487 908 3532 χ.
935 3465 985 3533 ψ.
1011 3479 1061 3517 te
1089 3483 1151 3515 ne
1175 3484 1193 3514 .·
1218 3466 1394 3530 reliqui
1421 3468 1720 3532 reliquorum

691 3546 928 3615 similiter.
954 3550 1078 3597 Ven.
1114 3554 1276 3610 1494,
1297 3546 1432 3597 Crat.
1465 3564 1576 3596 cum
1613 3548 1717 3612 ple-

690 3624 852 3689 risque
893 3625 1009 3676 edd.
1051 3636 1190 3675 vett-⁴
1220 3627 1349 3673 Tene
1387 3627 1539 3675 ullam
1574 3627 1713 3677 tand-

689 3704 841 3753 Mars.
897 3707 1031 3753 Teme
1082 3705 1165 3753 ille
1229 3705 1446 3755 tandem.
1482 3704 1717 3769 Vulgata,

687 3801 832 3850 quam
855 3784 1138 3842 Victorius,
1173 3794 1224 3832 et
1260 3785 1345 3847 qui
1387 3801 1497 3832 eum
1522 3787 1717 3848 sequuti

684 3874 824 3923 sunt,
858 3866 1014 3912 liet-v.
1042 3873 1095 3910 et
1118 3861 1260 3909 Fabr.
1282 3862 1543 3921 exhibent,
1564 3863 1715 3911 veris-

682 3943 801 3991 sima
822 3954 910 3991 est.
934 3940 1262 3992 G.-Olivet.
1286 3953 1524 4006 punctum
1554 3942 1710 3989 inter·

680 4033 838 4086 rogat.
863 4032 979 4088 post
1003 4020 1164 4086 inquit
1178 4021 1352 4085 ponit,
1387 4021 1522 4085 quod
1542 4022 1705 4070 sot-sau

675 4103 850 4151 melius
871 4115 966 4161 est,
993 4117 1145 4165 quum
1164 4100 1262 4147 sint
1282 4099 1381 4148 duo
1404 4100 1546 4149 verba
1560 4136 1573 4160 ,
1601 4101 1706 4148 ain'

1829 1499 1876 1535 et
1889 1499 2037 1552 putas
2049 1522 2066 1549 ‚
2083 1503 2291 1551 quorum
2313 1489 2698 1552 unumquodque
2715 1506 2854 1538 suam

1827 1570 2064 1632 interrog.
2087 1578 2254 1615 notam
2280 1569 2501 1632 requirit.

1899 1664 1950 1707 7.
1997 1650 2106 1697 Hac
2144 1664 2270 1696 nova
2310 1648 2440 1712 Iege.
2493 1646 2624 1695 Vide
2668 1646 2854 1699 Ascon.

1827 1727 2023 1776 Pedion.
2068 1744 2116 1791 p.
2161 1727 2257 1784 86,
2296 1726 2375 1773 ed.
2413 1728 2603 1775 Manut.
2644 1749 2670 1769 ιι
2702 1729 2855 1793 Leges

1823 1808 2087 1871 Pompeius
2113 1805 2234 1854 duas
2253 1822 2314 1854 ex
2340 1808 2389 1854 S.
2410 1806 2467 1855 C.
2494 1806 2853 1870 promulgavit3

1819 1885 2018 1933 alteram
2040 1884 2101 1933 de
2131 1886 2203 1943 vi,
2234 1900 2331 1949 qua
2356 1885 2645 1932 nominatim
2663 1886 2848 1935 cadem

1821 1962 2032 2027 (Clodii)
2063 1964 2118 2011 iu
2141 1965 2302 2028 Appia
2329 1965 2405 2011 via
2443 1965 2619 2011 factam
2643 2002 2658 2028 ,
2689 1976 2738 2013 et
2768 1968 2851 2013 in-

1819 2041 2048 2090 cendium
2076 2042 2254 2101 curiae,
2277 2053 2328 2090 et
2348 2042 2546 2091 domum
2575 2046 2649 2093 Μ.
2674 2045 2848 2109 Lepidi

1818 2122 2074 2187 interregis
2090 2133 2421 2186 oppugnatam
2447 2123 2850 2187 comprehendit;

1815 2201 2014 2250 alteram
2034 2202 2095 2251 de
2113 2201 2300 2251 ambitu
2317 2215 2333 2255 z
2348 2218 2543 2266 poenans
2557 2205 2849 2266 graviorem,

1816 2294 1864 2331 et
1922 2284 2127 2333 sormam
2176 2283 2474 2343 iudiciorum
2533 2283 2802 2332 breviorem
2828 2300 2843 2333 ε

1814 2373 2018 2427 utraque
2062 2362 2195 2409 enim
2235 2362 2314 2411 lex
2359 2363 2497 2427 prius
2533 2373 2678 2411 testes
2716 2365 2845 2422 dari,

1816 2442 1992 2490 deinde
2029 2457 2131 2489 uno
2164 2440 2247 2488 tlie
2289 2451 2435 2506 atque
2483 2443 2653 2490 eodem
2696 2454 2745 2490 et
2782 2443 2844 2489 ab

1814 2530 2121 2579 accusatore,
2152 2532 2203 2568 et
2236 2519 2298 2569 ab
2337 2536 2423 2570 reo
2456 2521 2672 2586 perorari
2697 2520 2841 2581 jube-

1814 2599 1897 2647 bat
1913 2632 1929 2658 ,
1949 2600 2013 2646 ita
2041 2610 2097 2647 ut
2119 2598 2229 2647 duae
2257 2599 2392 2648 hore
2411 2600 2679 2648 accusatori
2698 2632 2715 2659 ,
2739 2610 2842 2648 tres

1815 2694 1900 2726 reo
1924 2676 2211 2727 darentur».
2240 2679 2319 2728 Cf.
2341 2679 2478 2726 Brut.
2497 2685 2562 2740 94
2581 2712 2597 2739 ,
2627 2677 2752 2733 324.
2770 2680 2839 2730 G.

1887 2756 1938 2804 8.
1971 2757 2174 2818 Tempus
2206 2754 2486 2804 dilaturum.
2528 2757 2681 2804 Recte
2721 2758 2841 2807 Ern.

1812 2833 2098 2883 dilationem
2119 2832 2349 2880 daturum
2373 2834 2618 2899 explicat,
2655 2847 2716 2885 ut
2749 2853 2840 2902 pa·

1812 2913 1961 2961 ratius
1978 2922 2147 2960 contra
2158 2912 2321 2979 ipsum
2335 2912 2585 2978 disputare
2599 2917 2756 2980 possit
2776 2918 2840 2964 G.

1883 3007 1937 3055 9.
1965 2993 2163 3057 Agetur
2178 3007 2277 3038 non
2305 2991 2497 3053 melior,
2525 3010 2694 3057 quam.
2725 2996 2837 3044 Ele-

1811 3084 1980 3136 gsnter
2015 3072 2139 3121 Cato
2174 3070 2238 3119 sd
2274 3087 2355 3120 eas
2391 3087 2560 3121 causas
2602 3074 2799 3138 respicit
2818 3110 2834 3135 ,

1811 3167 1930 3216 quas
1973 3150 2144 3200 Cicero
2183 3152 2336 3216 magis
2377 3166 2440 3198 ex
2465 3153 2682 3200 oratorio
2722 3156 2840 3204 arti-

1810 3228 1924 3285 ficio
1939 3265 1954 3291 ,
1982 3247 2127 3296 quam
2151 3246 2215 3278 ex
2238 3230 2309 3277 rei
2331 3229 2536 3279 veritate
2564 3229 2837 3281 obtinebat.

1809 3311 1982 3361 Dicere
2002 3322 2164 3360 sutem
2182 3310 2264 3360 ille
2281 3311 2385 3359 haec
2405 3307 2625 3375 fingitur,
2643 3324 2698 3360 ut
2717 3329 2836 3361 cau-

1807 3406 1873 3439 sae
1891 3407 1991 3439 suae
2009 3389 2289 3451 confidens,
2311 3400 2356 3439 et
2376 3388 2440 3437 ad
2461 3388 2542 3437 illa
2565 3390 2834 3449 Ciceronis,

1806 3469 1896 3518 etsi
1927 3470 2086 3519 minus
2119 3485 2267 3529 vere,
2313 3484 2572 3534 reponens.
2611 3471 2832 3518 Lambini

1805 3549 2081 3609 conjecturs
2099 3586 2114 3612 ,
2154 3565 2251 3598 non
2279 3549 2454 3614 paullo
2479 3548 2679 3611 melior,
2705 3567 2733 3598 a
2762 3561 2832 3599 te·

1807 3643 1927 3676 nore
1955 3630 2289 3692 sententiaque
2312 3627 2412 3675 loci
2437 3628 2590 3677 aliena
2612 3639 2700 3679 est.
2728 3630 2794 3678 G.

1882 3723 1966 3756 10.
1996 3710 2045 3755 A
2070 3718 2116 3755 te
2151 3707 2259 3771 ipso
2284 3722 2432 3771 sape.
2462 3709 2682 3771 Respicit
2705 3710 2830 3758 Cato

1804 3787 2072 3857 praesertim
2098 3786 2370 3836 orationem
2400 3802 2492 3851 pro
2517 3788 2719 3835 Murena
2736 3822 2753 3849 ,
2776 3789 2827 3835 iu

1801 3882 1897 3930 qua
1919 3867 2091 3915 Cicero
2109 3866 2303 3915 Stoicos
2321 3864 2532 3913 ridiculo
2556 3864 2829 3923 lacessivit,

1797 3961 1948 4008 quum
1983 3945 2160 3992 Catoni
2186 3944 2432 3993 accusanti
2455 3944 2711 3993 Murenam
2750 3962 2827 3991 re-

1794 4023 2090 4087 sponderet,
2124 4025 2376 4089 ipsiusque
2402 4023 2603 4071 Catonis
2631 4026 2824 4073 nimiam

1794 4119 1985 4151 morum
2004 4102 2309 4151 severitatem
2329 4101 2656 4168 reprehendit.
