3217 4784
624 469 765 560 294

1288 465 1385 530 M.
1439 466 1514 530 T.
1569 466 2056 535 CICERONIS

622 588 907 663 veriora
938 586 1081 656 sint
1098 596 1155 671 9,
1189 606 1408 677 quam
1448 599 1687 659 vestra
1722 584 2313 686 dogmata.Vulgo
2347 595 2540 662 enim
2576 592 2757 663 dici-

622 711 767 784 tur,
794 725 830 761 «
852 689 1161 791 jucundi
1190 696 1330 767 acti
1356 692 1643 768 labores
1665 727 1718 768 n.
1743 699 2114 773 Nee.male
2142 700 2563 800 Euripides(
2587 728 2756 774 eon-

623 803 946 891 cludam,
974 804 1033 872 si
1057 815 1352 898 potem,
1379 805 1600 878 latine
1628 834 1647 895 ;
1673 832 1984 905 graecum
2020 812 2211 883 enim
2240 810 2440 883 hunc
2468 836 2754 884 versum

621 917 853 986 nostis
881 935 1135 985 omnes
1158 914 1272 1009 ¹⁰)
1303 943 1318 984 ε

778 1059 983 1119 Suavis
1016 1057 1283 1119 laborum
1310 1075 1398 1119 est
1424 1065 1853 1141 praeteritorum
1883 1067 2174 1125 memoria.

624 1185 764 1259 Sed
797 1184 888 1256 ad
920 1184 1115 1256 bona
1153 1193 1512 1284 praeterita
1548 1189 1952 1262 redeamus.
2003 1195 2181 1282 Quae
2217 1194 2276 1264 si
2317 1218 2360 1264 a
2403 1192 2614 1265 vobis
2657 1209 2760 1266 ta-

621 1298 715 1368 lia
770 1294 1184 1368 dicerentur
1210 1307 1299 1385 1¹,
1337 1297 1677 1395 qualibus
1721 1304 1798 1371 C.
1849 1302 2118 1373 Marius
2163 1305 2269 1372 uti
2317 1317 2640 1400 poterat,
2681 1318 2763 1373 ut

622 1406 997 1505 expulsus,
1034 1432 1255 1505 egens
1280 1464 1299 1494 ‚
1354 1410 1430 1478 in
1479 1408 1741 1507 palude
1789 1409 2161 1482 demersus
2185 1421 2274 1501 ¹²,
2309 1425 2758 1510 tropaeorum

620 1517 1122 1589 recordatione
1180 1518 1451 1591 levaret
1514 1520 1841 1592 dolorem
1903 1545 2114 1592 suum
2174 1550 2190 1592 ε

2259 1521 2588 1595 audirem
2612 1578 2632 1611 ‚
2690 1537 2763 1594 et

621 1628 836 1728 plane
872 1628 1284 1728 probarem.
1317 1634 1468 1703 Nec
1508 1631 1702 1702 enim
1733 1631 2013 1706 absolvi
2050 1632 2261 1705 beata
2301 1637 2448 1705 vita
2476 1636 2762 1735 sapien-

622 1744 747 1825 tis,
782 1766 919 1812 nec
945 1739 1038 1811 ad
1067 1741 1339 1812 exitum
1372 1740 1751 1838 perduci¹³
1782 1746 2084 1842 poterit,
2110 1748 2169 1815 si
2189 1745 2423 1843 prima
2451 1767 2760 1840 quaeque

623 1930 959 1996 interrogandi
982 1932 1176 1994 signum
1195 1967 1211 1993 ,
1248 1930 1381 1995 quod
1410 1930 1473 1978 ad
1497 1931 1647 1996 quid,

622 2013 695 2070 si,
726 2027 916 2076 semper
945 2010 1063 2059 addi
1097 2010 1261 2059 debet.
1293 2010 1420 2059 Ama
1442 2011 1498 2058 in
1528 2011 1651 2059 loeis

624 2090 751 2143 nihil
782 2090 883 2139 hue
916 2105 1071 2155 usque
1097 2092 1416 2147 noverimus,
1448 2106 1512 2138 ne
1544 2104 1650 2139 rem

621 2168 945 2237 improbatam
960 2182 1275 2232 poneremus3
1293 2169 1380 2216 sed
1398 2169 1493 2217 hoc
1509 2169 1626 2219 loeo
1636 2205 1651 2229 ‚

623 2258 675 2297 et
691 2247 796 2296 aliis
809 2283 825 2309 ,
846 2247 920 2295 vis
936 2246 1293 2311 exaggerandis
1307 2263 1417 2311 quae
1435 2248 1490 2295 iu
1503 2246 1654 2311 quid.»

624 2327 751 2376 clare
784 2336 1021 2391 apparet,
1048 2342 1142 2390 per
1180 2342 1232 2374 se
1267 2327 1372 2391 ipsa
1407 2327 1647 2390 loquitur.

621 2407 732 2454 'Viri
749 2406 897 2455 Docti
915 2406 973 2453 in
985 2405 1061 2454 his
1075 2406 1483 2471 interpungeudis
1503 2407 1651 2475 plane

625 2487 735 2549 vagi
759 2496 903 2535 aunt:
932 2486 1003 2533 sic
1028 2488 1144 2537 Em.
1168 2487 1254 2548 qui
1274 2486 1393 2533 aliu
1421 2482 1575 2549 Quid,
1608 2486 1653 2534 si

626 2563 915 2627 distinguit,
951 2566 1088 2612 Orat.
1131 2566 1212 2622 11,
1250 2566 1315 2625 73
1334 2600 1351 2627 ‚
1389 2566 1651 2630 quinquies

628 2641 799 2706 Quid?
822 2642 869 2689 si
898 2643 1085 2692 scribit.
1120 2644 1274 2691 Recte
1303 2644 1462 2708 quid?
1497 2646 1543 2694 .ςί
1572 2646 1650 2694 bis

624 2721 814 2777 Bremi,
840 2736 886 2768 c.
908 2721 974 2767 33
1002 2731 1051 2768 et
1077 2723 1164 2777 34.
1258 2748 1265 2755 ·

696 2816 748 2863 9.
781 2799 1037 2848 Ut...·sinc.
1073 2803 1164 2858 Ue,
1188 2812 1297 2864 qsae
1322 2801 1439 2850 item
1462 2802 1664 2867 apodod

625 2880 702 2928 sin
725 2879 949 2939 inchoat,
978 2896 1039 2928 ex
1056 2884 1297 2945 pmmissa
1317 2882 1650 2931 enuntiatione

624 2959 913 3019 concludit3
939 2960 1002 3008 cf.
1030 2963 1147 3026 Leg.
1172 2964 1228 3021 1,
1256 2964 1349 3018 18,
1380 2969 1461 3024 49.
1496 2988 1505 3001 ·

699 3058 779 3090 10.
815 3042 1177 3091 Concludam...
1206 3056 1394 3089 omnes.
1435 3038 1516 3087 Ad
1540 3038 1652 3087 haec

624 3121 921 3184 parenthesis
944 3124 1079 3185 sigua
1104 3119 1328 3169 addenda
1350 3117 1497 3167 nobis
1514 3119 1664 3168 Fuere·

623 3202 811 3250 Davisii
864 3201 1089 3264 exemplo
1108 3236 1126 3259 ‚
1167 3198 1303 3263 qnod
1358 3199 1652 3263 posteriores

623 3279 834 3328 editores
859 3280 998 3327 nullo
1019 3280 1128 3339 jure
1159 3278 1488 3327 deseruerunt.
1519 3280 1651 3327 Prae-

626 3367 751 3409 terea
777 3357 989 3406 offendit
1013 3359 1171 3407 Boem.
1200 3358 1252 3404 in
1277 3373 1470 3417 omues,
1498 3374 1649 3421 quum

626 3437 727 3485 duo
738 3437 887 3485 modo
896 3437 1131 3492 ἀτιμοῦτε
1141 3434 1490 3499 quibusCieero
1496 3437 1652 3485 collo-

625 3526 816 3578 quatur.
836 3514 961 3562 Inde
978 3527 1063 3563 aut
1076 3525 1326 3564 auctorem
1346 3518 1419 3563 sui
1439 3516 1648 3565 oblitum

626 3594 776 3652 dicit,
801 3602 886 3641 aut
911 3609 1078 3641 omnes
1097 3594 1371 3643 delendum.
1397 3597 1502 3644 Nos
1522 3610 1650 3658 qno-

624 3689 720 3737 que
753 3672 941 3733 dudum
969 3673 1023 3720 iu
1048 3673 1219 3725 eodem
1247 3674 1605 3722 offenderamus
1633 3688 1648 3722 ε

623 3767 782 3816 neque
810 3766 919 3799 noti:
935 3752 1113 3800 mii-nm
1136 3754 1233 3801 hoc
1260 3752 1359 3800 dici
1388 3753 1546 3802 debet.
1580 3755 1650 3801 At

624 3832 777 3881 Corn.
820 3833 953 3894 Nep.
987 3831 1161 3879 eodem
1196 3833 1346 3880 modo
1380 3832 1547 3880 omnia
1587 3832 1650 3879 de

624 3911 814 3959 duabus
843 3910 1016 3967 rebus‚·
1042 3910 1107 3959 cf.
1137 3913 1303 3975 Epam.
1330 3914 1355 3959 1
1371 3948 1385 3971 ‚
1418 3928 1440 3959 1
1466 3926 1479 3960 τ
1504 3912 1650 3960 «Sei-

624 4007 732 4039 mus
765 3991 924 4050 euim,
955 3990 1171 4037 musicen
1211 3991 1393 4038 nostris
1431 3990 1649 4039 moribus

623 4071 790 4142 abesse
836 4085 862 4117 a
909 4070 1141 4133 principis
1187 4086 1387 4133 persona
1408 4086 1423 4131 ;
1475 4069 1649 4119 saltare

624 4166 742 4199 vero
769 4149 915 4199 etiam
932 4149 986 4199 in
1009 4148 1141 4197 vitiis
1168 4154 1308 4212 poni.
1341 4152 1463 4211 Quae
1484 4151 1648 4198 omnia

625 4231 758 4297 apud
791 4231 990 4283 Graeoos
1015 4240 1066 4281 et
1088 4236 1221 4295 ginta
1249 4242 1297 4279 et
1329 4228 1473 4279 laude
1501 4229 1649 4298 digua

1739 1933 1989 1981 ducuntur
2009 1955 2050 1982 n.
2088 1934 2225 1983 Idem
2249 1933 2370 1983 ibid.
2406 1950 2433 1994 7
2450 1968 2466 1993 ,
2507 1932 2567 1993 3,
2595 1948 2765 1983 omnes

1739 2012 1800 2061 de
1825 2012 2008 2072 tribus,
2035 2013 2099 2062 de
2123 2012 2460 2081 Epaminonda
2486 2024 2662 2077 nempe
2677 2048 2692 2073 ,
2713 2026 2763 2062 et

1736 2090 1865 2139 binis
1900 2091 2118 2157 collegis.
2151 2095 2225 2141 Ita
2264 2102 2392 2140 certe
2430 2091 2764 2140 excusandum

1736 2170 1833 2219 hoc
1868 2171 2012 2221 foret.
2046 2173 2143 2222 Sed
2187 2173 2309 2239 quid
2342 2172 2395 2220 h.
2437 2172 2473 2223 l.
2521 2174 2681 2237 cogit,
2709 2182 2765 2221 nt

1735 2250 1885 2299 nosu’s
1898 2267 2065 2301 omnes
2076 2252 2140 2302 ad
2148 2255 2451 2318 Torquatum
2468 2264 2520 2302 et
2526 2253 2764 2301 Triarium

1736 2330 2005 2380 referatur?
2029 2332 2233 2391 Rectius
2258 2331 2322 2380 ad
2353 2333 2624 2396 Epicureos
2648 2328 2767 2379 refe-

1736 2424 1839 2467 oes,
1861 2411 1913 2462 h.
1931 2426 2060 2460 sens.
2082 2433 2106 2453 α
2121 2425 2210 2458 vos
2230 2410 2461 2474 Epicurei
2483 2412 2644 2459 nostis
2660 2426 2764 2459 om·

1736 2504 1852 2548 nes,
1880 2490 2064 2553 quippe
2089 2489 2177 2552 qui
2200 2502 2310 2535 eum
2335 2489 2388 2535 in
2412 2503 2497 2535 ore
2525 2489 2702 2550 geratis
2719 2508 2761 2537 a.

1736 2569 1799 2615 Et
1813 2582 1929 2614 sane
1948 2566 1994 2613 is
2019 2549 2093 2613 est
2108 2565 2190 2613 hic
2207 2580 2374 2613 versus
2387 2599 2403 2623 ,
2428 2574 2484 2612 nt
2502 2578 2615 2613 eum
2639 2566 2766 2630 Epi·

1737 2645 1842 2693 cusi
1878 2653 2138 2691 sectatores
2173 2642 2363 2708 optime
2393 2643 2448 2689 iu
2480 2658 2586 2691 rem
2625 2658 2762 2692 suam

1737 2722 1925 2772 trahere
1942 2731 2156 2787 possent.
2174 2723 2346 2770 Groecs
2368 2721 2474 2786 ipsa
2488 2722 2738 2788 Euripidis
2749 2759 2765 2784 ,

1737 2788 1848 2851 AB?
1874 2795 1970 2857 ἠὸΥι
1989 2817 2066 2850 τοι
2084 2799 2293 2853 σωθέντα
2309 2802 2572 2869 μιμνῆσθαι
2592 2801 2767 2861 πόνων,

1738 2886 1800 2931 ei
1817 2881 2130 2931 Andromeda
2144 2891 2257 2930 sunt
2270 2918 2285 2943 ,
2302 2882 2554 2948 deperdita
2573 2882 2764 2931 fabula:

1737 2963 1823 3011 sed
1849 2963 1930 3011 hic
1956 2963 2063 3027 ipse
2083 2978 2256 3012 versus
2280 2979 2309 3010 a
2340 2962 2507 3012 multis
2530 2965 2766 3012 'Veterum

1736 3041 1995 3104 laudatur,
2032 3043 2101 3091 cf.
2132 3042 2363 3092 Gatakeri
2395 3041 2626 3092 Adversa.
2661 3042 2765 3090 Mi-

1737 3118 1872 3168 seell.
1902 3137 1955 3184 p.
1997 3121 2095 3169 513
2115 3122 2255 3169 -515
2277 3157 2292 3182 ,
2330 3136 2441 3187 quae
2488 3132 2766 3186 opportune

1735 3197 1914 3246 laudat·
1924 3199 2162 3250 Bremius.
2187 3200 2632 3250 G.—ooncludam
2652 3200 2704 3250 h.
2733 3200 2766 3248 l.

1738 3292 1839 3325 non
1857 3277 2015 3325 solum
2034 3290 2226 3327 vertam
2244 3279 2390 3340 valet,
2408 3277 2497 3328 sed
2516 3301 2542 3321 κ
2556 3292 2766 3342 graecum

1737 3372 1930 3405 versum
1948 3357 2106 3413 latinu
2130 3374 2276 3406 versu
2294 3359 2542 3407 includam
2561 3378 2584 3401 ι
2598 3359 2764 3406 .--8ἰο

1737 3453 1938 3501 quoque
1969 3438 2149 3503 ‘'Vix-gil.
2187 3439 2392 3491 *forsan
2424 3450 2475 3487 et
2510 3438 2614 3486 haec
2646 3435 2764 3483 olim

1737 3517 2012 3565 meminisse
2024 3519 2221 3579 iuvabit
2238 3539 2285 3566 n.

1815 3612 1899 3645 ιι.
1933 3598 2057 3660 Quae
2079 3597 2128 3646 si
2148 3614 2184 3645 a
2209 3596 2354 3645 vobis
2379 3595 2498 3643 talia
2529 3593 2630 3641 dic.
2659 3595 2760 3642 Int.
2839 3634 2848 3651 ,

1738 3677 1777 3723 si
1814 3690 1964 3740 quum
2011 3676 2072 3724 de
2106 3676 2252 3725 bouis
2290 3672 2542 3739 preteritis
2575 3670 2766 3735 agitur,

1737 3772 1826 3805 vos
1853 3755 1965 3804 talia
1990 3755 2126 3804 bona
2151 3753 2511 3815 inteiligeretis,
2537 3760 2635 3803 etc.

1815 3850 1900 3884 ια.
1933 3839 1997 3882 In
2023 3833 2215 3898 palude
2251 3832 2514 3878 demeum.
2551 3831 2606 3877 E.
2641 3840 2692 3878 et
2719 3826 2765 3887 ξ.

1737 3926 1938 3963 mersus.
1965 3916 2074 3961 noe
2100 3928 2162 3959 ne
2185 3910 2408 3958 videatur
2430 3918 2533 3957 esse
2552 3909 2764 3973 aliquid:

1739 3995 1802 4043 cf.
1831 4010 1926 4058 pro
1966 3996 2096 4041 Sext.
2136 4004 2199 4037 22
2220 4025 2234 4049 ‚
2265 3990 2366 4036 ⁵0:
2399 4010 2426 4031 ιι
2446 3990 2507 4038 C.
2550 3988 2766 4036 Marium

1739 4073 1886 4121 senile
1910 4086 2089 4134 corpus
2113 4067 2374 4132 paludibus
2397 4068 2670 4118 occultasse
2688 4069 2764 4117 de-

1737 4168 1944 4201 mersum
1963 4171 2007 4198 n.
2039 4150 2099 4196 G.

1813 4232 1891 4281 23.
1917 4230 2021 4281 Nee
2047 4228 2121 4279 ad
2142 4226 2264 4279 exit.
2288 4228 2434 4294 perd.
2458 4228 2595 4279 Goet.
2620 4227 2764 4277 scrib.
