3217 4784
657 381 796 512 366

1316 446 1412 511 M.
1464 446 1539 511 T.
1594 446 2086 515 CtCERole

651 565 840 649 fian,
858 563 1248 633 multorum
1280 576 1351 634 te
1380 562 1874 637 benivolentia
1903 565 2237 664 praeclare
2268 579 2340 636 et
2369 566 2689 653 tuebere,
2707 582 2779 639 et

545 694 614 745 85
654 666 1036 743 munies23.
1089 681 1179 744 At
1219 674 1513 769 quicum
1551 676 1748 770 joca,
1786 678 1999 764 seria,
2035 690 2117 746 ut
2147 675 2430 762 dicitur,
2479 677 2776 771 quicum

648 804 902 851 arcana
923 834 943 868 ,
971 783 1264 877 quicum
1287 783 1567 854 occulta
1582 787 2149 857 omniai‘Tecum
2174 786 2480 882 optime3
2511 785 2777 857 deiude

647 892 859 960 etiam
914 915 1078 962 cum
1140 892 1486 964 mediocri
1538 897 1791 968 amico.
1850 895 1991 967 Sed
2052 894 2162 967 sac
2217 897 2351 966 ista
2417 920 2566 967 esse
2623 921 2774 967 uon

647 1003 1143 1097 inopportuna
1164 1006 1229 1053 ²⁴
1258 1031 1272 1072 ε
1316 1002 1494 1099 quid
1528 1004 1621 1075 ad
1652 1007 2031 1076 utilitatem
2071 994 2367 1077 tantae²⁵
2405 1007 2779 1104 pecuniae?

646 1109 863 1182 Vides
900 1113 1141 1210 igitur,
1179 1113 1239 1182 si
1280 1114 1666 1185 amicitiam
1699 1140 1826 1186 sua
1877 1117 2171 1187 caritate
2213 1118 2552 1200 medere,
2595 1114 2776 1185 nihil

649 1245 805 1291 esse
843 1222 1335 1317 praestantiu33
1365 1224 1474 1292 sin
1494 1223 2020 1307 emolumentO,
2062 1249 2379 1296 summas
2411 1223 2775 1295 familiari-

649 1345 832 1402 tates
882 1329 1317 1431 proediorum
1369 1329 1904 1404 fructuosorum
1923 1331 1992 1377 ²⁶
2045 1333 2376 1404 mercede
2430 1336 2776 1432 superari.

645 1496 844 1560 quentia
861 1495 1125 1560 colligitur.
1155 1498 1381 1545 Ceterum
1404 1497 1526 1544 male
1553 1495 1669 1545 feeit

649 1578 793 1624 Grut.
842 1576 980 1639 quod
1022 1575 1294 1624 libertatem
1322 1609 1337 1633 ‚
1378 1575 1493 1623 licet
1538 1575 1668 1622 idem

645 1656 787 1703 etiam
811 1654 985 1719 optimi
1014 1657 1167 1702 nostri
1189 1656 1398 1702 referant
1414 1689 1429 1713 ,
1453 1670 1511 1702 ex
1537 1670 1672 1701 com·

644 1734 810 1798 pendii
827 1734 1143 1781 similitudine
1162 1743 1327 1779 natum
1345 1768 1359 1791 ,
1382 1750 1472 1798 pro
1494 1734 1667 1781 libera-

645 1814 715 1861 lie.
761 1813 1013 1876 reciperet.
1052 1813 1117 1858 G.
1160 1837 1229 1849 --
1272 1812 1432 1859 Vertit
1483 1812 1666 1876 interp.

646 1892 848 1955 gallicus
896 1887 1101 1954 perinde
1136 1904 1193 1936 ae
1232 1889 1273 1935 si
1304 1889 1411 1938 Cic.
1447 1889 1669 1938 laudaret

643 1972 694 2020 h.
720 1970 752 2018 1.
780 1968 1114 2017 liberalitatem
1138 1969 1373 2030 Torquati
1389 2002 1404 2024 ‚
1427 1967 1562 2031 quod
1582 1984 1669 2014 no·

644 2050 719 2096 bis
752 2048 910 2095 minus
948 2046 1137 2110 placet,
1176 2061 1322 2107 qnam
1367 2060 1421 2092 ea
1466 2061 1493 2091 a
1529 2048 1665 2095 Goer.

643 2143 787 2190 supra
814 2122 1030 2172 exhibita
1052 2123 1404 2186 interpretatio.

662 2248 671 2255 .
716 2223 799 2255 αα.
823 2207 934 2252 Hac
954 2208 1009 2253 P.
1029 2221 1128 2253 am.
1157 2208 1223 2252 Ea
1249 2217 1446 2254 revocat
1474 2222 1582 2270 quae
1614 2209 1664 2255 in

644 2284 741 2331 sine
768 2300 811 2331 c.
839 2292 908 2340 ⁹4
937 2282 999 2330 de
1024 2282 1117 2331 hac
1137 2282 1349 2332 amicitia
1376 2283 1506 2334 dicta
1528 2298 1660 2339 sunt.

716 2363 799 2410 23.
834 2361 997 2410 Etiam
1024 2361 1123 2410 sine
1140 2362 1235 2410 hac
1251 2363 1469 2425 Pyladea
1488 2365 1662 2415 amici·

643 2440 736 2488 tia.
759 2477 771 2488 .
794 2476 806 2488 .
820 2440 1021 2490 munies.
1042 2442 1137 2490 Pro
1156 2440 1304 2490 etiam
1323 2444 1459 2492 Goer.
1474 2444 1558 2494 dat
1579 2445 1665 2505 eis,

643 2526 881 2584 notatque
905 2534 918 2569 :
943 2520 1074 2568 Olim
1114 2520 1350 2570 edebatur
1380 2523 1439 2571 t'e‘s
1476 2524 1623 2572 eciam
1644 2543 1664 2582 ‚·

643 2601 809 2649 Davis.
834 2610 995 2648 autem
1023 2610 1072 2647 et
1097 2602 1212 2648 Em.
1248 2611 1432 2651 retenta
1477 2603 1624 2651 ett’am
1645 2640 1661 2662 ‚

645 2678 704 2725 iis
728 2678 1031 2743 abjecerunt3
1059 2681 1219 2727 Brem.
1245 2680 1507 2730 admissum
1546 2699 1663 2731 can-

644 2758 779 2805 cellis
825 2760 1043 2806 coercuit
1087 2772 1101 2807 τ
1147 2758 1326 2808 dubins
1376 2762 1458 2808 hic
1499 2773 1664 2810 tamen

642 2838 792 2885 haret
811 2872 826 2891 ‚
859 2852 987 2893 anne
1014 2837 1262 2886 ferendum
1284 2840 1348 2886 sit
1372 2856 1462 2903 per
1490 2836 1663 2889 ἀνακό·

639 2918 815 2965 >aueo-o.
862 2916 1003 2965 Prius
1044 2916 1359 2980 quterendum
1398 2927 1528 2976 erat,
1563 2932 1665 2981 quo

635 2998 745 3056 jure
774 2993 916 3046 etiam
937 3004 1218 3060 poneretur.
1241 2994 1366 3042 Nam
1388 2993 1515 3042 banc
1535 3007 1659 3060 part.

640 3076 811 3141 scripti
864 3075 1085 3140 plerique
1105 3110 1119 3131 ‚
1182 3073 1435 3138 nostrique
1496 3091 1664 3124 omnes

637 3156 902 3218 ignorant:
956 3164 1102 3217 atque
1143 3169 1199 3200 ea
1251 3169 1367 3200 sane
1417 3168 1518 3201 non
1565 3165 1662 3202 tam

639 3236 803 3283 omitti
851 3251 879 3282 a
930 3232 1133 3290 scribis,
1171 3247 1319 3294 quam
1365 3230 1478 3279 addi
1524 3233 1662 3281 solet.

640 3315 787 3377 Sique
810 3313 1069 3360 verborum
1088 3310 1374 3358 sententiam
1393 3313 1664 3360 accuratius

640 3407 829 3455 quaeras
844 3424 859 3447 ‚
877 3390 1047 3453 utique
1064 3387 1265 3436 molesta
1284 3389 1377 3437 erit
1394 3425 1409 3449 ‚
1440 3390 1663 3451 &ledea

639 3471 767 3516 enim
795 3467 1038 3525 amicitia,
1084 3466 1260 3514 intima
1300 3485 1505 3533 quaeque
1532 3469 1659 3517 dici-

642 3561 751 3610 tur,
783 3549 924 3610 eique
963 3561 1110 3611 supra
1150 3545 1411 3594 medioeres
1436 3547 1662 3595 amicitiae

640 3636 972 3692 opponuntur.
988 3624 1122 3688 Quid
1149 3624 1301 3688 igitur
1333 3625 1388 3675 h.
1418 3627 1456 3674 l.
1485 3625 1629 3674 etiam
1650 3663 1664 3685 ‚

640 3708 678 3755 i.
703 3723 748 3754 e.
774 3704 901 3753 adeo
923 3702 1074 3769 (nam
1096 3703 1167 3750 sic
1193 3714 1246 3750 nt
1266 3705 1507 3769 accipias,
1530 3707 1664 3769 posi-

642 3797 719 3832 tus
761 3786 866 3845 ejus
898 3778 1101 3846 cogit),
1129 3797 1257 3845 opus
1283 3783 1397 3829 est?
1440 3783 1665 3847 Denique

641 3863 811 3929 scripti
845 3876 956 3910 cum
1000 3860 1165 3909 multis
1214 3870 1334 3910 vett.
1388 3862 1635 3925 impressis
1651 3900 1666 3924 ,

642 3960 747 3992 non
766 3942 852 4001 iis,
878 3939 965 3988 sed
1001 3938 1070 3987 eis
1088 3974 1104 3998 ‚
1147 3939 1274 4004 Spir.
1308 3950 1360 3988 et
1390 3939 1489 3989 Erl.
1512 3958 1620 3989 eam
1646 3958 1665 3988 .·

642 4039 789 4090 prave
838 4036 1012 4084 nempe
1059 4018 1217 4067 scriba
1280 4036 1554 4086 pronomen
1601 4022 1664 4069 ad

642 4100 978 4151 liberalitatem
1000 4097 1184 4147 retulit.
1204 4126 1271 4136 -·-
1301 4102 1368 4149 At
1382 4100 1448 4147 eis
1464 4110 1666 4164 propter

643 4182 896 4229 multorum
940 4177 1257 4226 benivolentia
1293 4177 1454 4227 lucum
1484 4178 1662 4229 hahere

1752 1496 1951 1560 nequit!
1982 1498 2054 1544 Ita
2083 1506 2212 1544 eerte
2253 1498 2412 1544 Brem-
2453 1496 2549 1543 Sed
2571 1497 2653 1544 hic
2678 1512 2778 1543 non

1755 1574 1904 1634 vidit,
1943 1573 1998 1622 in
2024 1573 2174 1624 banio.
2209 1574 2360 1623 latere
2384 1572 2625 1621 ablativos
2665 1590 2779 1622 con-

1752 1654 2046 1717 sequendae,
2088 1653 2284 1717 dicique
2321 1669 2413 1718 pro
2450 1651 2770 1701 benivolentia

1756 1731 1778 1799 (
1794 1732 1942 1794 inde)
1961 1730 2236 1780 conciliata.
2261 1732 2389 1780 vide
2406 1731 2468 1778 ad
2483 1730 2675 1781 Acadd.
2697 1735 2747 1779 11
2761 1770 2777 1791 ,

1759 1826 1781 1858 1
1799 1847 1813 1868 ,
1849 1827 1911 1870 23
1936 1811 2060 1860 ibid.
2078 1826 2140 1873 9,
2164 1828 2248 1872 27.
2270 1812 2408 1877 Saepe
2435 1810 2647 1875 denique
2668 1828 2780 1876 pro·

1751 1891 1949 1938 nomina
1990 1890 2369 1938 demonstrativa
2427 1907 2540 1939 cnm
2595 1891 2647 1937 vi
2704 1891 2776 1939 sic

1751 1967 1893 2025 addi,
1918 1969 1970 2016 in
1993 1968 2167 2034 vulgus
2192 1979 2362 2017 notum
2385 1980 2473 2017 est.
2493 1971 2781 2019 G.—Pror-

1750 2060 1833 2092 sus
1874 2045 2017 2093 nobis
2057 2048 2253 2095 ridetur
2290 2049 2427 2096 Goer.
2458 2048 2778 2096 constructio-

1750 2141 1858 2172 nem
1895 2122 2042 2187 bujus
2083 2126 2314 2191 phraseos
2354 2144 2416 2175 ex
2450 2127 2654 2175 arbitrio
2688 2142 2779 2174 suo

1749 2204 2099 2270 contorquere,
2112 2223 2262 2270 quum
2283 2206 2408 2254 nihil
2427 2223 2622 2255 neeesse
2641 2206 2702 2253 sit
2725 2221 2778 2253 ea

1750 2293 1934 2332 mutare
1950 2301 2060 2349 qnae
2077 2302 2166 2351 per
2183 2303 2233 2333 se
2254 2286 2411 2334 facilia
2434 2296 2482 2332 et
2500 2285 2628 2333 clara
2646 2296 2777 2332 sunt.

1822 2373 1908 2422 24.
1930 2368 2279 2430 Inopporeema.
2319 2365 2452 2428 Spir.
2491 2374 2539 2411 et
2564 2363 2665 2412 Erl.
2701 2362 2778 2410 in-

1741 2454 2006 2508 portuna,
2024 2443 2171 2491 ceteri
2197 2444 2352 2490 nostri
2379 2442 2498 2504 imp.
2538 2442 2632 2489 Sed
2670 2459 2773 2489 ser·

1751 2535 1865 2572 vant
1897 2526 1996 2584 jam
2033 2524 2221 2570 Marsus
2255 2533 2306 2570 et
2336 2523 2470 2569 Crat.
2502 2522 2742 2585 vulgatam
2763 2557 2793 2591 ,,

1751 2620 1777 2650 a
1791 2601 2027 2650 lambino
2040 2616 2099 2649 ex
2117 2602 2394 2661 conjectura
2405 2598 2583 2647 editam
2601 2614 2615 2657 3
2633 2601 2775 2646 item-

1750 2697 1844 2744 que
1870 2680 1969 2728 Pal.
1999 2696 2020 2727 ι
2042 2716 2058 2741 ,
2085 2678 2127 2725 si
2162 2679 2360 2742 quidem
2389 2689 2518 2727 recte
2558 2679 2776 2727 Grutero

1749 2758 1870 2808 fides
1914 2769 1986 2806 est
2025 2757 2271 2817 habenda,
2311 2748 2466 2822 quum'
2484 2757 2593 2804 bini
2618 2759 2778 2805 nostri

1755 2837 2044 2886 dissentiant
2063 2854 2078 2897 ;
2101 2838 2165 2887 cf.
2180 2838 2317 2886 Orat.
2338 2840 2437 2899 nl,
2458 2838 2488 2885 5
2505 2873 2520 2896 ,
2546 2833 2625 2886 ¹8.
2645 2838 2710 2885 G.

1821 2919 1905 2965 25.
1949 2916 2086 2982 Quid
2133 2954 2145 2966 .
2168 2954 2181 2966 .
2204 2953 2216 2965 .
2256 2917 2518 2982 pecunia?
2562 2917 2775 2981 elliptica

1749 2997 1902 3043 sonna
1920 3033 1934 3055 ,
1956 3013 1981 3042 a
2005 3012 2164 3060 graeco
2185 2995 2227 3046 τί
2253 2995 2370 3066 πρὸς
2397 3032 2412 3046 .
2433 3031 2446 3043 .
2467 3031 2480 3043 .
2509 3014 2523 3055 ;
2545 2998 2779 3060 repetita,

1752 3075 1979 3139 Frequens
2002 3077 2189 3123 auctori
2217 3086 2315 3135 est,
2352 3075 2648 3140 demptaque
2691 3090 2777 3121 ro·

1752 3157 1949 3217 gatione
1977 3153 2102 3203 nihil
2134 3155 2208 3203 ad
2245 3165 2414 3214 sonat3
2453 3156 2517 3202 ef.
2557 3156 2775 3219 Legg.1‚

1750 3248 1808 3292 2,
1835 3234 2142 3281 6.-Tantoe
2166 3245 2327 3282 antem
2355 3232 2617 3298 pecuniae,
2662 3234 2697 3279 i.
2734 3247 2779 3281 e.

1744 3311 2093 3378 granariomm
2113 3312 2328 3359 Patentis
2344 3328 2362 3359 .·
2379 3328 2495 3359 nam
2515 3335 2540 3354 α
2558 3312 2778 3376 pecuniae

1750 3390 1972 3448 nomine,
2013 3406 2115 3438 non
2143 3390 2301 3438 solnm
2337 3403 2583 3438 numerata
2625 3406 2775 3454 pecu-

1755 3469 1833 3516 nia
1854 3505 1868 3527 ,
1892 3469 1979 3516 sed
2009 3482 2176 3517 omnes
2202 3486 2302 3528 res,
2341 3480 2437 3517 tam
2464 3469 2585 3527 soli,
2628 3484 2776 3532 quam

1747 3546 1975 3607 mobiles,
2008 3559 2060 3596 et
2079 3559 2175 3596 tam
2195 3562 2432 3613 corpora,
2457 3564 2599 3610 quam
2624 3548 2737 3607 jura
2762 3584 2777 3605 ,

1749 3626 2122 3675 continentur--
2157 3625 2317 3674 Verba
2355 3624 2459 3671 haec
2496 3636 2611 3672 sunt
2645 3628 2777 3673 Her-

1753 3706 2028 3769 mogeniani
2057 3706 2113 3753 1..
2158 3721 2257 3752 νυ
2280 3740 2295 3762 ,
2341 3704 2407 3751 D.
2438 3702 2500 3749 de
2526 3702 2697 3752 verbb.
2730 3715 2776 3750 et
2841 3748 2844 3753 .

1751 3800 1868 3831 rerr.
1896 3784 2062 3848 signif.
2091 3786 2153 3831 G.

1824 3865 1909 3911 26.
1943 3861 2245 3911 Praediomm
2252 3856 2639 3925 fructuosorum.
2658 3861 2780 3907 vnl-

1755 3941 1958 4006 gabatur
1979 3951 2092 3990 ante
2119 3940 2286 3988 Davis.
2301 3937 2629 4002 preciosorum
2649 3957 2667 3986 .·
2696 3940 2778 3987 sed

1755 4033 1886 4070 recte
1912 4021 1992 4069 hic
2020 4036 2078 4067 ex
2102 4019 2226 4075 suis,
2268 4016 2407 4082 quod
2433 4018 2586 4066 nostri
2612 4034 2779 4066 omnes

1753 4100 1968 4148 firmant.
2001 4098 2104 4145 Nec
2148 4098 2286 4146 aliter
2332 4097 2528 4145 Marsus
2573 4108 2623 4145 et
2663 4110 2773 4146 vett.

1751 4179 1995 4245 impressu
2019 4177 2198 4244 plures.
2222 4179 2352 4230 Crat.
2382 4201 2405 4220 ··
2425 4176 2576 4244 praed.
2595 4178 2776 4243 pretio-
