3217 4784
535 1436 602 1467 20

644 403 729 478 53

1300 392 1399 465 Μ.
1450 397 1526 462 Τ.
1580 388 2061 464 CICERONIS

639 549 946 626 quaeque
988 527 1062 592 in
1105 540 1193 589 eo
1239 528 1497 588 essent.
1560 516 1737 601 Quae
1796 533 2022 609 quum
2073 535 2188 583 res
2241 526 2390 583 tota
2438 512 2602 585 ficta
2654 515 2744 585 sit

639 635 1049 732 pueriliter,
1088 642 1244 697 tum
1282 646 1375 695 ne
1402 621 1622 695 efficit
1657 619 1951 718 quidem
1993 631 2055 677 ¹7
2108 620 2304 717 quod
2354 622 2524 692 vult.
2566 627 2744 696 Nam

641 762 713 819 et
748 750 897 842 ipsa
933 735 1314 809 declinatio
1344 731 1435 804 ad
1462 730 1833 803 libidinem
1873 730 2170 827 fingitur
2199 731 2226 819 (
2255 734 2353 802 ait
2392 732 2581 803 enim
2618 730 2744 803 de-

640 855 903 926 clinare
929 860 1246 917 atomum
1283 846 1434 912 sine
1463 865 1671 913 causa
1704 842 1772 935 ):
1801 864 2028 937 quum
2058 838 2237 911 nihil
2268 844 2545 938 turpius
2572 840 2748 938 phy-

641 966 827 1046 sien,
871 978 1086 1054 quam
1115 950 1288 1022 fieri
1344 952 1497 1022 sine
1550 973 1761 1021 causa
1814 949 2208 1046 quidquam
2260 948 2499 1021 dicere
2522 945 2631 1036 ¹⁸3
2674 963 2748 1020 et

641 1070 843 1141 illum
888 1077 1167 1134 motum
1205 1058 1601 1130 naturalem
1629 1059 1957 1129 omnium
1995 1058 2442 1158 ponderum,
2490 1072 2571 1128 ut
2595 1061 2748 1156 ipse

639 1173 1011 1255 constituit
1038 1225 1057 1257 ‚
1106 1194 1148 1241 e
1207 1172 1500 1266 regione
1551 1166 1966 1239 inferiorem
2009 1168 2254 1239 locum
2302 1169 2702 1265 petentium
2726 1221 2747 1249 ,

641 1291 793 1358 sine
834 1306 1043 1356 eausa
1077 1279 1343 1377 eripuit
1368 1279 1625 1348 atomis
1660 1304 1675 1344 :
1713 1301 1850 1347 uec
1876 1291 2114 1348 tamen
2147 1276 2257 1364 id,
2291 1277 2498 1371 cujus
2539 1300 2750 1347 causa

636 1398 787 1468 haec
836 1391 1143 1463 finxerat
1182 1399 1289 1475 ¹9,
1337 1400 1765 1483 assequutus
1815 1396 2024 1458 est20.
2071 1390 2252 1457 Nam
2304 1386 2435 1456 si²¹
2501 1407 2751 1456 omnes

635 1592 773 1653 Saepe
786 1585 929 1636 etiam
945 1584 1051 1632 δυο
1068 1582 1139 1630 sie
1157 1581 1533 1646 ponuntur.Att.
1553 1580 1646 1639 vt,

635 1682 717 1733 ep.
745 1683 765 1714 1
790 1701 806 1726 ,
841 1687 867 1708 α
886 1665 1141 1714 Cicerones
1173 1659 1311 1725 pueri
1332 1669 1494 1706 amant
1522 1658 1649 1704 inter

636 1764 687 1795 se
705 1769 749 1794 u.
768 1748 908 1793 Orat.
926 1745 950 1789 1
964 1772 980 1801 ,
1010 1742 1040 1788 8
1065 1773 1081 1798 ,
1102 1739 1163 1786 33
1183 1771 1200 1798 ,
1222 1759 1245 1781 ι
1258 1735 1395 1800 quod
1411 1733 1651 1799 colloqui*

636 1842 745 1874 mur
762 1824 889 1871 inter
906 1835 999 1867 nos
1015 1838 1061 1866 n.
1078 1817 1144 1865 G.

714 1918 796 1970 17.
821 1905 1005 1966 Quum.
1026 1932 1040 1946 .
1062 1931 1075 1943 .
1106 1894 1173 1943 sie
1201 1930 1215 1942 .
1235 1927 1250 1941 .
1272 1926 1284 1939 .
1313 1903 1413 1941 tum
1429 1888 1656 1958 neefficie

638 1983 850 2048 quidem.
880 1981 1040 2044 Quum
1057 2007 1075 2034 ,
1097 1982 1324 2037 sequente
1347 1981 1445 2018 cum
1469 2005 1485 2030 ‚
1523 1969 1655 2017 haud

643 2078 753 2111 raro
788 2074 899 2108 eum
940 2051 1256 2115 subjunctivo
1293 2049 1493 2114 ponitur
1507 2082 1523 2109 ,
1560 2063 1656 2096 uns

642 2156 753 2190 eum
805 2138 915 2197 eius
968 2140 1219 2180 structuras
1274 2128 1480 2194 ratione.
1536 2125 1657 2173 vid.

644 2221 789 2283 Legg.
809 2217 883 2271 11,
908 2219 969 2267 ιι
986 2244 1004 2270 ,
1023 2209 1107 2258 36.
1126 2206 1255 2256 Add.
1275 2207 1419 2253 Tusc.
1436 2204 1508 2251 IV
1522 2237 1539 2262 ‚
1557 2204 1622 2251 33
1641 2237 1658 2263 ,

644 2288 731 2338 fin.
762 2301 855 2351 pro
889 2284 1024 2330 Sat.
1050 2293 1106 2337 1,
1132 2288 1195 2337 23
1231 2276 1402 2339 Quint.
1435 2275 1498 2321 33
1520 2305 1538 2333 ,
1575 2274 1659 2335 75.

645 2364 778 2415 Male
799 2364 944 2427 igitur
976 2360 1087 2406 Bss.
1118 2367 1172 2405 et
1201 2355 1334 2403 cm.
1360 2363 1521 2400 tamen
1560 2368 1658 2400 non

648 2442 739 2511 effi
759 2441 939 2490 Endem
952 2439 1083 2488 Crat.
1092 2435 1285 2499 ignorat
1293 2432 1436 2479 etism
1449 2430 1662 2495 quidem,

650 2538 761 2587 qun
804 2526 929 2585 ps'rt.
973 2516 1098 2564 miro
1146 2525 1383 2561 eouseusu
1417 2526 1445 2557 s
1480 2508 1661 2557 Davisii

651 2600 843 2665 scriptis
867 2596 1029 2653 abest,
1056 2608 1206 2657 quum
1240 2591 1292 2639 in
1311 2587 1492 2637 nostris
1508 2586 1667 2639 omui-

652 2682 743 2730 bus
761 2679 959 2742 legatur.
978 2671 1100 2722 lude
1115 2686 1216 2718 non
1235 2668 1384 2719 modo
1399 2703 1416 2728 ,
1432 2665 1519 2716 sed
1528 2662 1668 2731 quod

653 2774 793 2809 sures
828 2756 971 2803 etiam
997 2751 1231 2812 abjectam
1256 2748 1307 2796 h.
1341 2747 1378 2794 l.
1414 2762 1514 2793 non
1548 2762 1667 2808 pro-

576 2845 582 2851 “
655 2840 800 2894 bant,
820 2831 1051 2898 quodque
1067 2826 1283 2876 eamdem
1298 2835 1413 2873 ente
1427 2839 1492 2888 qu
1509 2836 1537 2867 s
1555 2824 1671 2869 scri.

654 2917 733 2965 bis
756 2929 884 2979 saepe
914 2907 1179 2973 neglectam
1200 2902 1429 2961 vidimus,
1447 2897 1671 2959 stisio,

655 2997 739 3062 qui
766 2991 963 3061 quidem
992 2986 1197 3049 abjecit,
1239 2996 1341 3029 nou
1375 2980 1625 3044 paruimus
1650 2992 1665 3027 :

655 3077 769 3124 lieet
791 3088 853 3121 ne
879 3086 970 3136 pro
987 3084 1074 3114 ne.
1094 3099 1107 3113 .
1127 3099 1142 3113 .
1175 3059 1366 3127 quidem
1393 3075 1420 3106 ι
1438 3058 1674 3107 Cicerone

656 3156 755 3204 diei
797 3146 1050 3217 (quamvis
1088 3143 1141 3191 id
1178 3143 1335 3206 ipsum
1363 3137 1416 3186 h.
1453 3136 1489 3184 l.
1515 3134 1676 3184 Bremi

657 3227 912 3291 dubitet),
959 3232 1092 3273 certo
1111 3219 1326 3285 persuasi
1354 3231 1578 3266 essemus.
1591 3216 1671 3266 Cf.

659 3307 852 3359 Aesdd.
870 3306 951 3361 11,
975 3317 1031 3361 17
1059 3333 1077 3357 ,
1104 3301 1188 3347 52.
1206 3300 1273 3348 G.

736 3387 815 3435 18.
850 3384 1007 3445 Quum
1033 3376 1155 3426 nihil
1174 3376 1385 3441 turpius.
1405 3408 1422 3424 .
1441 3410 1454 3423 .
1490 3375 1670 3426 dicere.

660 3471 757 3516 Pro
783 3476 961 3528 quum,
986 3458 1195 3506 Goereuz
1220 3454 1305 3503 dat
1329 3470 1425 3518 quo
1441 3488 1459 3516 ‚
1477 3470 1567 3502 nee
1582 3470 1674 3519 pn-

659 3541 905 3595 renthesiu
959 3535 1055 3584 nisi
1100 3544 1217 3599 post
1265 3531 1427 3581 dicere
1475 3531 1674 3580 claudit.

661 3627 875 3688 —Quo‚
899 3615 1059 3679 iuquit
1073 3648 1089 3672 ‚
1106 3624 1179 3661 est
1196 3610 1307 3660 licet
1324 3626 1381 3658 eo
1397 3645 1413 3669 ‚
1446 3622 1505 3659 ut
1519 3627 1673 3675 saepe3

661 3704 728 3751 cf.
760 3696 947 3750 Acndd.
972 3696 1058 3753 11,
1085 3708 1151 3753 3,
1199 3697 1230 3746 4
1256 3725 1273 3751 ,
1320 3687 1371 3736 in
1391 3704 1521 3752 quo,
1558 3689 1595 3739 ἱ.
1621 3706 1670 3740 e,

662 3803 685 3824 ι
707 3791 995 3843 quemquam
1039 3774 1091 3821 in
1133 3784 1269 3826 θοις
1317 3764 1414 3824 25,
1456 3782 1555 3829 79,
1581 3779 1675 3817 ete.

662 3858 842 3906 Probet
885 3854 1012 3902 idem
1043 3852 1095 3899 in
1133 3846 1393 3911 exemplari
1423 3861 1515 3893 suo
1538 3848 1678 3896 ltu-2.

661 3936 864 3986 lsudsns
885 3933 951 3981 N.
977 3933 1040 3979 D.
1072 3931 1131 3987 1,
1174 3929 1270 3987 15,
1317 3927 1402 3976 38.
1444 3925 1595 3989 Quod
1633 3927 1676 3975 si

661 4017 899 4070 tenueris,
925 4008 1085 4057 omnis
1122 4004 1332 4062 eadunt,
1369 4020 1479 4067 qua
1514 4004 1586 4052 eis
1622 4019 1673 4056 et

660 4096 784 4145 ulam
802 4093 909 4140 VV.
931 4088 1039 4137 DD.
1060 4083 1226 4134 multis
1240 4080 1305 4130 ed
1323 4081 1436 4131 h.1.
1457 4082 1673 4147 disputa.

1735 1589 1867 1627 runt.
1917 1578 2147 1627 Omnium
2196 1577 2401 1641 pessime
2435 1577 2710 1638 iudicarunt
2734 1612 2747 1636 ,

1741 1658 1826 1722 qui
1850 1671 1960 1705 cum
1992 1656 2226 1705 lambino
2243 1655 2347 1703 haec
2372 1656 2515 1704 verbs
2550 1655 2751 1704 delenda

1736 1746 1960 1796 oensent,
1987 1752 2139 1800 quum
2181 1736 2277 1794 sie,
2317 1733 2454 1799 quod
2481 1746 2576 1782 tsm
2613 1745 2753 1798 turpe

1736 1815 1950 1880 physico
1975 1814 2038 1862 sit
2055 1848 2070 1873 ‚
2095 1830 2262 1879 parum
2290 1814 2416 1862 clare
2441 1822 2620 1877 petest.
2648 1812 2753 1861 Nee

1738 1893 1910 1941 melius
1935 1892 2046 1941 loeo
2086 1892 2369 1941 consuluere
2410 1894 2547 1947 Brut.
2588 1893 2754 1940 Devis.

1740 1973 1859 2020 Ern.
1885 1971 1972 2034 qui
1998 1986 2144 2033 quum
2172 1972 2445 2034 corrigunt.
2469 1970 2630 2018 Bremi
2670 1986 2758 2018 su·

1744 2060 1838 2098 tem
1865 2065 2025 2097 veram
2062 2049 2179 2097 nlius
2196 2049 2349 2114 legem
2377 2049 2547 2114 paullo
2577 2051 2757 2099 obscu-

1743 2130 1844 2176 rius
1867 2127 2097 2192 applicat.
2119 2128 2246 2176 Nam
2268 2144 2330 2178 ex
2357 2128 2479 2177 loeis
2503 2130 2562 2178 iis
2581 2164 2596 2189 ‚
2634 2145 2759 2194 quos

1747 2205 1942 2266 laudat,
1965 2206 2032 2256 N.
2054 2209 2118 2257 D.
2139 2210 2191 2266 1,
2222 2204 2316 2269 15,
2341 2209 2429 2271 38,
2449 2211 2557 2273 Quo
2574 2220 2646 2257 est
2667 2209 2763 2257 Sed

1747 2283 1857 2349 hoc,
1877 2297 1926 2334 et
1948 2285 2010 2334 de
2028 2288 2142 2336 Am.
2164 2295 2231 2343 ²4
2252 2322 2268 2348 ‚
2291 2301 2388 2355 90,
2414 2288 2550 2351 quod
2563 2304 2654 2352 pro
2672 2289 2762 2335 im·

1747 2380 1825 2411 mo
1840 2362 1931 2412 hoc
1945 2364 2137 2413 dieitur.
2148 2364 2462 2412 Multisnriam
2479 2375 2636 2412 sutem
2649 2381 2763 2413 eon·

1747 2441 2006 2489 sectationis
2033 2441 2133 2488 vim
2163 2442 2213 2486 in
2259 2441 2461 2488 relativo
2502 2442 2657 2489 inesse
2689 2442 2726 2489 ii
2746 2475 2763 2501 ,

1749 2520 1835 2583 qui
1857 2517 2181 2577 attenderunt,
2200 2517 2477 2566 observasse
2491 2518 2688 2568 debent.

1828 2611 1906 2657 ¹9-
1919 2594 2274 2663 Hoecfinoeerat.
2291 2596 2413 2642 Hoec
2422 2595 2635 2645 defendit
2651 2599 2766 2646 Bre-

1753 2675 1820 2723 mi
1853 2673 2043 2722 idoneis
2068 2672 2300 2736 exemplis
2329 2684 2501 2722 eontra
2528 2678 2644 2726 Em.
2679 2676 2764 2741 qui

1754 2755 1847 2806 Ιιοσ
1863 2751 2086 2802 malebat.
2105 2751 2334 2800 Similiter
2350 2774 2374 2794 οι
2388 2769 2496 2816 quae
2508 2789 2521 2813 ,
2550 2770 2605 2802 ea
2617 2789 2632 2813 ‚
2653 2755 2733 2803 ills
2752 2791 2767 2817 ,

1754 2837 1844 2882 im
1883 2855 1906 2878 ι
1944 2831 2125 2882 dieitur
2152 2843 2167 2880 ε
2196 2845 2305 2894 quae
2340 2831 2643 2895 negligentias
2682 2833 2767 2881 ad-

1758 2911 1935 2974 scripta
1974 2911 2108 2970 noli,
2153 2920 2207 2959 ut
2242 2909 2388 2974 vulgo
2423 2911 2622 2961 faciunt.
2655 2914 2770 2960 Hoec

1760 2997 1831 3034 at
1847 3022 1862 3047 ‚
1892 2987 1997 3036 lua-c
2022 3000 2068 3037 et
2100 2990 2238 3040 calla.
2253 2990 2380 3038 vide
2400 2990 2463 3037 sd
2476 2991 2663 3040 Acadd.
2689 2991 2767 3047 11,

1761 3079 1857 3127 29,
1883 3065 1971 3127 95.
2005 3068 2163 3115 Graeci
2190 3068 2363 3116 eodem
2401 3085 2600 3132 prorsus
2621 3069 2771 3117 modo

1766 3137 1893 3195 τάδε
1922 3156 1975 3196 et
2000 3151 2183 3199 ταῦτα..
2209 3145 2278 3200 G.

1834 3238 1915 3272 3ο.
1957 3225 2256 3289 Assequutus
2288 3236 2374 3276 est.
2404 3227 2524 3275 Hoee
2549 3238 2774 3292 transpo-

1759 3302 1851 3350 sita
1886 3302 2012 3350 inter
2049 3318 2099 3350 se
2146 3303 2200 3350 in
2235 3304 2482 3352 Bremiens
2502 3339 2517 3365 ,
2545 3321 2733 3354 esusnm
2757 3339 2773 3364 ‚

1761 3396 1851 3429 cur
1875 3380 1927 3428 id
1939 3380 2119 3429 fuctum
2133 3381 2198 3429 sit
2212 3397 2300 3440 ‚ue
2319 3384 2553 3447 suspicari
2577 3383 2774 3448 quidem

1763 3459 2064 3524 permittunt.
2086 3461 2151 3508 G.

1835 3530 1924 3588 21.
1961 3540 2093 3586 Nam
2119 3538 2163 3586 si
2188 3528 2352 3587 omnes
2376 3573 2424 3589 ..
2446 3573 2461 3587 .
2482 3574 2495 3586 .
2544 3540 2616 3590 sin
2645 3541 2776 3590 alite.

1763 3617 1970 3667 Goerenz
1987 3616 2069 3665 dat
2101 3630 2115 3666 t
2144 3634 2263 3665 nam
2287 3616 2332 3665 si
2353 3634 2517 3666 omnes
2544 3655 2559 3668 .
2582 3654 2595 3667 .
2618 3654 2632 3666 .
2649 3657 2662 3670 .
2682 3621 2780 3669 sive

1762 3695 1891 3745 ale'oe.
1918 3696 2073 3754 Male,
2100 3695 2289 3759 inquit,
2326 3712 2435 3743 cum
2476 3698 2640 3747 Davis.
2685 3715 2780 3763 pro

1762 3775 1888 3837 sive,
1931 3791 2040 3838 quae
2084 3785 2157 3822 est
2183 3774 2329 3823 eodd.
2374 3776 2591 3824 omnium
2620 3778 2639 3839 (
2665 3794 2776 3824 nam

1767 3853 1901 3903 Gud.
1916 3870 1945 3903 3
1959 3887 1975 3910 ‚
2001 3851 2239 3900 suavitate
2258 3852 2383 3903 decl.
2404 3870 2633 3917 peccans,
2650 3855 2780 3903 idem

1763 3933 2009 3997 vulgatum
2038 3931 2293 3998 defendit)
2321 3965 2339 3993 ‚
2376 3933 2450 3981 sin
2492 3934 2683 3984 edidit:
2725 3948 2783 3984 ut

1765 4022 1895 4060 recte
1910 4009 2035 4058 vidit
2055 4007 2284 4058 hocloco
2302 4011 2480 4059 Bremi.
2499 4013 2681 4059 Accura
2689 4013 2781 4060 tius

1761 4089 1851 4137 bac
1886 4088 1950 4138 de
1988 4097 2225 4137 structura
2265 4089 2448 4153 egimus
2482 4089 2546 4137 sd
2579 4091 2769 4145 Acadd.
