3217 4784
1122 401 1910 471 ARGUMENTUM.
2457 431 2588 503 129

540 528 650 575 tam
678 519 1008 598 voluptate,
1034 538 1210 599 quam
1239 525 1327 583 sui
1361 543 1557 583 amore
1586 525 1825 582 moveri.
1856 523 2147 602 Quodque
2175 527 2327 584 enim
2359 531 2588 600 animal,

534 616 721 673 statim
760 617 836 675 ab
866 631 1003 676 ortu
1037 639 1172 690 suo,
1204 634 1262 678 et
1303 642 1391 689 se,
1435 635 1494 679 et
1522 628 1724 698 partes
1762 642 1926 693 suas,
1972 622 2225 680 animum
2257 637 2316 683 et
2347 645 2587 704 corpus,

533 713 742 773 deinde
788 730 983 794 partes
1024 719 1275 795 partium
1312 720 1584 797 diligere,
1630 733 1909 798 appetens
1949 722 2199 779 maxime
2229 743 2359 799 quae
2399 726 2588 802 prima

532 812 645 867 sint
670 825 924 884 naturae3
954 816 1245 873 contraria
1275 835 1586 893 aspernans
1612 838 1626 872 ε
1659 817 1721 873 in
1742 816 1955 893 quibus
1983 831 2179 875 utrum
2207 819 2471 898 voluptas
2499 824 2587 879 in-

532 907 635 978 sit,
669 928 775 964 nec
803 929 907 980 ne,
936 909 1200 984 judicatu
1231 930 1354 968 esse
1380 909 1802 968 difficillimum.
1825 916 2019 970 Inesse
2046 927 2204 972 certe
2232 934 2349 972 non
2373 917 2552 974 solam
2569 962 2584 989 ‚

532 1018 705 1082 atque
738 1005 873 1063 inde
902 1020 1097 1064 enatas
1116 1026 1238 1064 esse
1263 1006 1516 1065 diversas
1544 1007 2029 1086 philosophorum
2059 1009 2130 1067 de
2160 1012 2272 1070 fine
2297 1010 2586 1072 bonorum

532 1104 877 1175 sententia53
906 1105 1056 1162 inter
1081 1125 1223 1182 quas
1246 1105 1370 1163 sola
1394 1105 1631 1183 Epicuri
1655 1104 1765 1163 sibi
1801 1126 1919 1163 non
1943 1120 2188 1165 constet.
2214 1113 2364 1167 Nam
2393 1112 2452 1168 in
2482 1133 2587 1183 00,

532 1200 692 1283 quod
724 1200 1116 1279 voluptatem,
1145 1214 1209 1259 ut
1237 1201 1488 1269 bonum,
1529 1222 1599 1258 ex
1633 1203 1757 1259 solo
1788 1222 2056 1260 sensuum
2079 1203 2301 1279 judicio
2330 1221 2587 1284 repetat,

532 1297 665 1373 plus
709 1296 888 1355 tribui
922 1298 1182 1357 sensibus
1203 1340 1220 1365 ,
1257 1317 1429 1376 quam
1462 1299 1660 1370 liceat,
1704 1299 1923 1377 quippe
1954 1300 2055 1376 qui
2096 1299 2168 1357 de
2199 1301 2374 1361 rebus
2412 1305 2587 1362 modo

533 1395 730 1471 quales
754 1409 1100 1473 appareant,
1117 1395 1405 1473 judicent,
1422 1414 1541 1452 non
1572 1396 1773 1473 quales
1799 1397 1940 1473 ipsae
1960 1397 2108 1466 sint,
2138 1404 2169 1468 S
2193 1400 2389 1471 33-37.
2414 1402 2589 1459 Adhi-

530 1490 780 1550 bendam
809 1513 931 1551 esse
956 1492 1213 1570 judicem
1241 1495 1557 1561 rationem,
1597 1512 1841 1569 eamque
1868 1492 2019 1549 hanc
2048 1496 2424 1569 pronuntiare
2462 1518 2587 1555 scn-

530 1591 804 1647 tentiam:
842 1604 1067 1649 tantum
1098 1589 1339 1661 abesse,
1382 1602 1449 1645 ut
1484 1589 1755 1666 voluptas
1794 1607 2080 1646 summurn
2119 1588 2337 1648 bonum
2373 1593 2482 1664 sit,
2528 1609 2591 1653 ut

530 1686 820 1744 honestati
860 1707 931 1743 ne
962 1706 1070 1763 per
1111 1686 1498 1742 accessionem
1528 1683 1762 1760 quidem
1790 1682 1926 1741 addi
1965 1685 2183 1761 possit:
2219 1686 2488 1764 idemque
2516 1690 2589 1747 de

529 1783 812 1840 vacuitate
846 1781 1066 1839 doloris
1092 1781 1303 1837 valere.
1328 1783 1483 1836 Duas
1502 1778 1679 1836 modo
1697 1822 1713 1849 ‚
1749 1778 1960 1855 rejecta
1982 1780 2312 1852 Carneadis,
2336 1783 2587 1862 relinqui

529 1882 782 1938 rationes
798 1922 813 1951 ‚
833 1878 1161 1938 Stoicorum
1182 1921 1198 1949 ‚
1213 1898 1342 1955 quae
1369 1878 1550 1935 solam
1570 1877 1952 1945 honestatem,
1974 1890 2033 1934 et
2052 1880 2588 1956 Peripateticorum,

529 1996 658 2053 quae
683 1995 816 2033 cum
837 1974 947 2031 hac
972 1975 1161 2050 prima
1184 1973 1470 2030 naturalia
1498 1972 1886 2050 amplectatur
1914 1995 1926 2028 :
1959 1973 2210 2050 reliquas
2242 1976 2414 2032 etiam
2447 1978 2591 2035 reli-

530 2091 779 2148 quorum
822 2090 938 2128 non
980 2090 1102 2128 esse
1134 2069 1480 2141 audiendas,
1513 2075 1544 2140 §
1575 2070 1778 2143 37·43.
1815 2068 2160 2146 Epicuream
2184 2083 2374 2129 autem
2406 2074 2590 2130 ratio-

529 2185 659 2223 nem
690 2186 760 2223 eo
798 2167 928 2243 plus
963 2167 1100 2224 inde
1136 2168 1412 2226 facessere
1457 2165 1711 2243 negotii,
1764 2165 1923 2242 quod
1954 2186 1987 2221 e
2022 2164 2242 2244 duplici
2276 2168 2591 2246 voluptatis

530 2283 739 2341 genere
759 2274 1011 2332 constet,
1036 2262 1309 2339 quodque
1338 2264 1463 2340 ipsa
1490 2274 1577 2319 tot
1599 2274 1911 2320 sectatores
1931 2260 2174 2321 habeat:
2200 2265 2302 2322 sed
2328 2265 2437 2322 nisi
2465 2265 2589 2323 haec

528 2358 929 2437 redarguatur,
948 2358 1218 2416 virtutem
1248 2357 1560 2435 periclitari
1591 2377 1841 2414 omnem.
1865 2357 2137 2435 Relinqui
2164 2360 2340 2437 igitur
2363 2363 2590 2421 virtutis

529 2455 708 2533 ipsius
740 2475 870 2512 cum
895 2453 1194 2531 voluptate
1219 2466 1526 2510 certamen.
1551 2452 1664 2512 Sed
1684 2494 1701 2521 ,
1723 2453 1769 2509 si
1797 2451 2135 2509 ostendatur
2159 2454 2460 2515 honestum
2486 2479 2588 2515 sua

527 2554 707 2631 ipsius
739 2552 796 2610 vi
825 2550 1214 2631 expetendum
1246 2571 1367 2609 esse
1389 2594 1403 2621 ,
1439 2563 1618 2607 totam
1648 2568 1772 2606 eam
1805 2550 2195 2621 concisurum,
2221 2557 2253 2621 S
2281 2561 2372 2619 44.

603 2701 731 2755 Jam
763 2695 954 2773 pergit
980 2708 1184 2752 auctor
1215 2694 1559 2771 Epicuream
1588 2693 1898 2764 rationem,
1943 2712 2010 2750 ea
2038 2692 2362 2752 Stoicorum
2397 2716 2588 2775 oppo-

524 2796 635 2853 sita
655 2838 671 2865 ‚
691 2795 771 2851 ita
796 2794 1076 2864 refutare,
1105 2807 1170 2850 ut
1194 2804 1347 2850 totus
1372 2792 1493 2870 ipse
1517 2792 1747 2850 Stoicus
1773 2790 2085 2869 Chrysippi
2112 2792 2358 2851 maxime
2385 2809 2586 2852 aucto-

528 2892 698 2948 ritate
714 2888 947 2945 nitatur.
973 2893 1115 2959 Quae
1143 2887 1335 2946 Stoica
1359 2908 1430 2945 eo
1459 2887 1816 2945 contractius
1841 2886 2085 2944 indicari
2105 2889 2269 2960 licet,
2294 2908 2473 2964 quum
2496 2894 2584 2947 111

526 3001 587 3045 et
616 2989 698 3045 lv
731 2983 882 3043 libro
912 2984 1138 3061 plenius
1169 2996 1508 3042 tractantur.

605 3142 927 3195 Honestum
952 3131 1129 3209 igitur
1147 3131 1206 3189 id
1237 3132 1428 3209 ponit,
1458 3132 1618 3208 quod
1648 3131 1908 3188 detracta
1938 3128 2096 3185 omni
2125 3128 2371 3187 utilitate
2394 3151 2503 3208 per
2523 3153 2585 3191 se

522 3236 717 3313 ipsum
749 3231 930 3309 possit
958 3228 1090 3306 jure
1118 3228 1377 3285 laudari:
1404 3240 1716 3304 partesque
1753 3227 1876 3302 ejus
1912 3225 2180 3302 quatuor,
2209 3228 2583 3304 sapientiam,

518 3332 798 3407 justitiam
823 3376 839 3403 ‚
870 3326 1300 3397 fortitudinem,
1327 3323 1766 3402 temperantiam
1798 3322 2080 3398 explicat,
2115 3322 2326 3399 quibus
2354 3327 2584 3403 expleta

529 3426 843 3484 honestatis
867 3427 1053 3482 forma
1078 3422 1465 3491 contineatur,
1495 3425 1525 3490 S
1550 3418 1757 3487 45-48.
1785 3417 1900 3476 Sed
1927 3418 2239 3496 Epicurum
2268 3420 2580 3481 honestum

522 3522 667 3581 illud
712 3540 947 3599 prorsus
982 3522 1273 3593 ignorare,
1314 3517 1395 3575 sic
1419 3528 1483 3574 ut
1516 3515 1625 3572 hos
1648 3558 1662 3585 ,
1693 3514 1793 3592 qui
1832 3534 1902 3572 eo
1938 3527 2206 3585 utantur,
2248 3518 2408 3576 inani
2436 3540 2580 3577 voce

526 3640 731 3680 sonare
753 3618 907 3676 dicat
931 3640 943 3674 ε
969 3618 1144 3674 immo
1154 3605 1394 3674 lionesti
1416 3613 1650 3671 nomine
1677 3611 1735 3669 id
1766 3612 2111 3690 intelligere,
2130 3614 2287 3690 quod
2304 3616 2580 3694 populari

528 3720 677 3776 fama
710 3715 1022 3793 gloriosum
1051 3717 1160 3781 sit,
1197 3725 1371 3789 atque
1400 3710 1715 3788 voluptatis
1747 3729 1922 3766 causa
1954 3722 2278 3787 expetatur.
2315 3713 2428 3771 Sed
2467 3713 2579 3771 hoe

524 3815 830 3872 honestum
858 3831 1010 3889 saepe
1040 3823 1209 3887 turpe
1237 3829 1389 3877 esse,
1423 3822 1512 3880 et,
1538 3809 1587 3866 si
1612 3805 1848 3884 quando
1880 3817 2052 3882 turpe
2083 3826 2200 3864 non
2233 3809 2338 3881 sit,
2373 3807 2433 3866 id
2462 3830 2580 3868 non

520 3910 602 3970 ob
632 3908 1012 3969 multitudinis
1033 3907 1261 3965 laudem
1295 3925 1415 3963 esse
1435 3948 1453 3977 ,
1481 3904 1581 3963 sed
1609 3903 1767 3981 quod
1803 3915 2026 3961 rectum
2061 3922 2167 3981 per
2193 3920 2255 3962 se
2277 3905 2351 3963 sit
2375 3906 2582 3964 lauda-

525 4007 641 4066 bile
663 4049 678 4076 ,
721 4014 751 4078 ς
782 4006 874 4075 48,
907 4014 1003 4079 49.
1039 4008 1169 4076 Qua
1203 4003 1431 4061 honesti
1456 4002 1695 4059 notione
1724 4000 1876 4070 fieri,
1904 4013 1969 4057 ut
1997 4001 2283 4079 Epicurus
2309 4003 2433 4081 ipse
2464 4016 2584 4061 sta-

529 4116 648 4161 tuat
669 4147 685 4175 ,
705 4123 822 4161 non
842 4122 1008 4180 posse
1029 4099 1287 4178 jucunde
1318 4100 1466 4172 vivi,
1493 4098 1602 4156 nisi
1626 4101 1801 4156 etiam
1827 4096 2069 4156 honeste
2097 4119 2109 4154 :
2133 4118 2252 4175 quo
2282 4098 2407 4176 ipso
2432 4099 2588 4157 aliud

640 4203 729 4270 11.
783 4218 872 4264 Cic.
895 4233 1006 4281 pars
1030 4218 1166 4263 certia.
2307 4218 2354 4287 9
