3217 4784
717 410 859 507 396

1331 406 1346 423 ⁸
1392 416 1489 482 Μ.
1541 417 1619 483 Τ.
1673 416 2169 488 CICERONIS

716 549 797 606 ut
829 559 944 606 res
982 534 1506 632 intelligatur),
1539 536 1674 606 alia
1702 552 1938 610 autem
1970 536 2381 627 efficientia,
2422 563 2584 635 quae
2613 542 2850 611 Graeci

713 642 1036 726 ποιητικὰ,
1072 640 1206 710 alia
1263 654 1672 738 utrumque.
1738 645 1847 714 De
1906 644 2480 741 pertinentibm,
2515 642 2692 714 nihil
2731 661 2850 716 est

713 750 1027 837 bonum,
1070 753 1687 847 praeter'actiones
1727 751 2113 843 honestas,
2172 753 2262 825 de
2314 751 2844 841 efficientibuS,

713 858 890 931 nihil
926 872 1187 956 praeter
1228 862 1562 932 amicum.
1611 862 1753 934 Sed
1780 878 1852 935 et
1883 867 2365 961 pertinentem
2409 879 2479 935 et
2522 862 2844 936 efficien-

710 985 856 1041 tem
894 971 1313 1067 sapientiam
1359 971 1618 1042 volunt
1657 984 1906 1045 esse9:
1939 1000 2107 1046 nam
2146 976 2316 1072 quia
2348 975 2697 1071 sapientia
2727 990 2845 1047 est

708 1083 1150 1152 conveniens
1176 1083 1364 1154 actio
1387 1093 1472 1170 ¹⁰,
1502 1098 1611 1153 est
1647 1083 1770 1154 illo
1800 1087 2189 1182 pertinenti
2227 1109 2490 1184 genere
2512 1095 2597 1171 ¹¹,
2632 1086 2836 1182 quod

705 1188 873 1261 (lixi.
927 1190 1146 1279 Quod
1189 1206 1431 1263 autem
1468 1191 1807 1265 honestas
1838 1196 2155 1267 actiones
2196 1193 2404 1266 affert
2456 1209 2530 1264 et
2573 1193 2836 1281 efficit,

704 1299 871 1372 ideo
907 1300 1229 1374 efficiens
1273 1301 1413 1373 dici
1453 1317 1696 1399 potest
1734 1315 1817 1372 ¹².

699 1462 1045 1529 compendium
1069 1463 1305 1513 excidisse
1324 1464 1569 1522 videatur3
1594 1464 1721 1513 nihil

697 1559 791 1610 pro
811 1553 947 1591 certo
966 1542 1279 1592 statuendum
1299 1543 1410 1591 suit.
1431 1543 1579 1609 Quod
1594 1543 1723 1592 valet

697 1624 895 1688 quoad,
922 1634 974 1672 et
1000 1639 1138 1686 aeque
1156 1622 1227 1670 sic
1243 1622 1554 1681 indicativus,
1575 1632 1723 1686 atque

697 1703 828 1764 conj.
873 1702 1089 1752 additur.
1119 1704 1184 1750 G.
1219 1728 1291 1739 —
1326 1706 1466 1753 Hauc
1503 1702 1723 1751 eamdem

702 1782 991 1833 divisionem
1020 1782 1191 1831 iisdem
1238 1782 1340 1830 sere
1374 1781 1534 1829 verbis
1573 1781 1723 1830 tradit

698 1862 972 1910 Laert.V11
990 1896 1006 1922 ,
1042 1861 1126 1925 96.
1154 1860 1299 1912 Cous.
1337 1876 1536 1926 quoque
1577 1860 1719 1910 stoh.

700 1942 749 1990 11
765 1976 781 2000 ,
805 1958 859 2007 p.
886 1942 999 2002 167.
1341 1981 1361 2003 s

768 2036 819 2083 9.
844 2021 943 2068 Sed
956 2029 1006 2066 et
1007 2018 1331 2084 pertinentem
1340 2053 1357 2076 ,
1378 2028 1429 2066 et
1439 2015 1720 2085 efficientem

694 2098 983 2162 sapientiam
1008 2099 1186 2147 volunt
1209 2098 1327 2148 esse.
1355 2098 1526 2147 Nostri
1548 2113 1719 2146 omues

693 2176 989 2241 eapientem,
1025 2189 1080 2224 ut
1100 2177 1181 2224 alii
1218 2177 1419 2241 plures:
1446 2175 1534 2224 sed
1567 2177 1635 2225 ita
1657 2194 1720 2226 ex

696 2254 993 2319 compendio
1017 2271 1111 2321 pro
1147 2272 1283 2305 more
1303 2266 1508 2320 peccant
1525 2255 1716 2305 scribae.

694 2332 909 2392 Deinde,
922 2350 983 2382 ue
996 2334 1047 2381 in
1063 2334 1318 2382 verborum
1335 2336 1502 2400 positu
1521 2334 1719 2392 haeress,

694 2413 967 2461 notandum
1001 2425 1097 2473 est,
1124 2415 1333 2475 volunt,
1361 2415 1427 2463 ad
1456 2414 1718 2463 verborum

695 2493 890 2542 dicendi
907 2494 1182 2558 exemplum
1195 2526 1211 2552 ‚
1224 2495 1485 2558 interponi.
1501 2494 1716 2544 Similem

697 2573 811 2622 vide
837 2574 1001 2622 locum
1035 2575 1186 2622 Tusc.
1221 2574 1282 2631 V,
1307 2589 1398 2633 21,
1434 2574 1499 2623 62
1525 2587 1587 2622 :a
1619 2575 1719 2623 De·

696 2655 845 2716 nique
863 2653 1084 2701 exoravit
1110 2651 1411 2716 (Damocles)
1429 2662 1716 2716 tyranuum,

696 2741 752 2779 ut
771 2729 903 2778 abire
920 2729 1087 2778 liceret
1099 2764 1114 2789 ‚
1140 2730 1395 2794 quodiam
1414 2731 1583 2780 beatus
1605 2731 1717 2779 nol·

694 2810 762 2859 let
781 2825 909 2858 esse»
919 2810 958 2857 i.
974 2825 1018 2858 e.
1032 2829 1054 2851 α
1068 2809 1235 2859 dicens
1251 2826 1303 2857 se
1318 2808 1452 2857 nolle
1460 2810 1578 2872 jam,
1590 2821 1717 2859 etc.-

695 2890 774 2939 Sic
811 2888 974 2937 omnia
1012 2903 1071 2935 ex
1106 2886 1278 2935 ordine
1318 2888 1596 2952 procedunt
1620 2889 1718 2936 hoc

695 2985 839 3019 sensu
879 2983 893 3018 τ
936 2990 962 3012 κ
997 2967 1095 3017 Sed
1120 2966 1253 3015 aliud
1280 2967 1528 3032 sapientiae
1565 2984 1718 3032 genus

693 3050 970 3115 pertinens,
995 3047 1131 3096 aliud
1154 3045 1371 3095 efficiens
1402 3047 1576 3095 dicunt
1597 3048 1718 3111 (sta-

697 3130 861 3195 tuunt)
893 3145 996 3177 esse
1031 3149 1074 3175 ι.
1106 3130 1180 3175 Eo
1217 3126 1416 3190 quidem
1457 3127 1686 3192 exemplo
1703 3162 1722 3187 ‚

693 3223 797 3271 quo
814 3207 1044 3256 scribitur
1064 3206 1165 3255 Off.
1194 3207 1244 3253 11
1262 3239 1278 3266 ‚
1302 3208 1384 3263 15,
1406 3222 1432 3268 7
1462 3220 1518 3254 :a
1538 3207 1719 3257 Melius

693 3285 841 3336 etiam
857 3321 874 3347 ,
895 3285 1034 3350 quod
1054 3285 1365 3348 largitionem
1390 3287 1717 3350 corruptelam

696 3362 823 3411 dixit
847 3358 961 3411 ess!
981 3384 1022 3409 ι.
1052 3365 1243 3409 Invent.
1279 3365 1303 3410 1
1324 3396 1340 3423 ‚
1366 3366 1432 3423 43
1461 3383 1473 3411 =
1502 3386 1526 3405 «-
1566 3363 1719 3427 Quod

695 3440 887 3503 siguum
922 3457 1025 3489 esse
1066 3440 1327 3487 adversarii
1365 3441 1620 3503 dixerunt,
1666 3443 1722 3491 id

696 3518 937 3579 ejusmodi
961 3529 1165 3581 negatur
1193 3535 1295 3566 esse
1313 3554 1330 3581 ,
1364 3530 1461 3569 etc.
1485 3544 1511 3564 .-
1555 3523 1631 3570 De
1668 3538 1719 3570 re

695 3598 762 3645 cs.
791 3597 938 3660 Diog.
975 3600 1130 3646 Laert.
1158 3598 1278 3655 vn,
1299 3596 1332 3665 S
1367 3614 1481 3662 107,
1499 3609 1549 3648 et
1577 3600 1715 3650 Stob.

698 3675 899 3739 Eclogg.
926 3675 1039 3723 Eth.
1067 3693 1113 3739 p.
1152 3677 1268 3737 174.
1296 3678 1362 3727 G.

781 3769 864 3802 ro.
891 3755 1036 3802 conv.
1059 3755 1210 3801 actio.
1237 3757 1343 3803 Hac
1362 3774 1413 3805 v.
1434 3758 1720 3823 exprimitur

698 3849 906 3899 graecum
941 3830 1287 3901 ὁμολογουμένη
1310 3830 1477 3902 πρᾶξις
1494 3870 1508 3895 ,
1532 3836 1585 3883 id
1617 3848 1688 3884 est
1703 3872 1718 3897 ,

697 3913 770 3962 ad
795 3909 1047 3980 ὁμολογίαν
1075 3911 1323 3975 percinens
1349 3915 1532 3979 agendi
1553 3917 1682 3963 ratio
1697 3935 1718 3974 ,-

656 3994 768 4043 ,εἰ
792 4008 936 4056 supra
960 3993 1196 4051 6,21.G.

779 4090 799 4121 ι
816 4091 833 4120 ι
845 4111 859 4122 .
882 4073 973 4119 Est
994 4071 1079 4120 mo
1092 4069 1357 4136 pertinenti
1366 4088 1562 4139 genere.
1586 4074 1720 4122 Goer.

702 4153 873 4202 scribit
896 4173 906 4200 ε
931 4163 1003 4201 est
1026 4169 1134 4200 cum
1161 4152 1265 4202 illo.
1294 4151 1412 4200 Cum
1427 4187 1443 4214 ,
1461 4152 1620 4216 inquit
1635 4187 1651 4212 ,
1675 4163 1724 4201 et

1809 1465 1945 1515 abest
1962 1466 2139 1533 vulgo,
2161 1482 2251 1514 nec
2272 1466 2326 1515 id
2350 1476 2625 1531 agnoscunt
2656 1464 2757 1513 Pal.
2783 1480 2832 1523 1,

1809 1547 1936 1611 spir.
1965 1545 2065 1594 Erl.
2100 1557 2149 1595 et
2183 1545 2318 1594 Gud.
2362 1561 2427 1608 ²3
2466 1556 2518 1594 at
2547 1545 2601 1593 in
2634 1544 2835 1609 reliquia

1810 1625 2029 1686 Gruteri,
2050 1624 2261 1682 Davisii,
2278 1627 2478 1675 Oxonn.
2500 1625 2678 1674 uostris
2695 1623 2832 1672 adest

1809 1705 2037 1753 omnibus
2063 1724 2074 1752 :
2102 1705 2315 1771 itemque
2337 1704 2450 1752 edd.
2472 1714 2593 1753 vett.
2616 1719 2735 1766 quas
2754 1705 2830 1750 vi-

1808 1783 1994 1843 dimus,
2028 1795 2245 1832 tuentur.
2281 1782 2538 1850 Vulgatam
2569 1793 2696 1830 stare
2722 1798 2825 1830 non

1807 1880 1949 1928 posse
1964 1898 1981 1924 ,
2003 1862 2230 1911 viderunt
2251 1862 2420 1910 Lamb.
2442 1873 2491 1909 et
2520 1861 2686 1909 Davis.
2705 1877 2828 1925 quo·

1807 1959 1914 1990 rum
1934 1942 2016 1989 ille
2044 1956 2135 2005 pro
2162 1957 2304 2000 cum,
2328 1955 2423 1998 ατς
2450 1939 2531 1987 hie
2551 1938 2600 1987 in
2623 1955 2684 1987 ex
2707 1954 2822 1986 con·

1800 2023 1989 2082 iectura
2017 2029 2321 2083 receperunt.
2358 2020 2475 2067 Ern.
2507 2018 2653 2079 hujus
2677 2016 2824 2066 ratio-

1805 2116 1917 2148 nem
1936 2135 1952 2162 ,
2004 2099 2164 2148 Bremi
2217 2099 2347 2147 illius
2401 2096 2599 2163 probat.
2643 2101 2821 2146 Harum

1805 2179 2189 2240 conjecturarum
2207 2178 2408 2244 optione
2422 2179 2543 2226 facta
2552 2211 2568 2237 ,
2577 2176 2758 2224 Davisii
2772 2175 2824 2223 in

1805 2259 1973 2322 utique
2004 2258 2222 2323 praefcrri
2258 2269 2484 2315 meretur,
2504 2272 2653 2320 quum
2681 2255 2822 2303 toties

1804 2338 1907 2387 Cic.
1931 2338 2136 2385 formam
2154 2336 2309 2396 banc,
2333 2351 2432 2384 esse
2454 2336 2504 2381 in
2528 2350 2738 2399 genere,
2761 2349 2820 2380 ex

1804 2417 2056 2482 graecismo
2090 2427 2292 2481 usurpet
2308 2448 2324 2473 ,
2348 2414 2413 2461 cs.
2429 2412 2617 2460 Acadd.
2638 2413 2685 2459 11
2701 2446 2716 2470 ‚
2738 2413 2826 2470 30,

1805 2497 1891 2560 95.
1914 2468 2126 2544 Se'uos
2147 2511 2256 2542 eam
2273 2491 2537 2556 probamus
2567 2506 2626 2537 ac
2651 2489 2821 2537 defen-

1804 2576 1982 2625 dimus.
2040 2578 2176 2638 Saepe
2234 2572 2389 2627 enim,
2432 2585 2494 2617 ex
2535 2568 2786 2632 graecismo
2802 2601 2819 2627 ,

1801 2672 1909 2704 cum
1944 2653 2111 2718 aliquo
2136 2666 2241 2700 esse
2264 2650 2301 2697 ii
2328 2648 2577 2704 dicuntur,
2608 2646 2695 2710 qui
2728 2644 2821 2693 ali·

1803 2736 1945 2797 cujus
1985 2742 2140 2798 partes
2183 2739 2467 2793 sequuntur,
2507 2726 2569 2774 ad
2613 2725 2824 2789 aliquem

1804 2829 1857 2861 se
1875 2812 2147 2877 applicant3
2166 2808 2296 2857 unde
2316 2830 2340 2850 α
2363 2822 2489 2856 uxor
2518 2822 2632 2854 cum
2650 2805 2825 2853 marito

1804 2908 1908 2940 esse
1926 2914 1952 2934 ι·
1966 2926 1981 2950 ,
1999 2890 2200 2956 proprie
2217 2888 2419 2936 dicitur.
2438 2886 2646 2934 Videtur
2669 2895 2825 2932 autem

1804 2969 2033 3017 consulto
2052 2979 2225 3015 auctor
2247 2966 2462 3013 noluisse
2500 2964 2661 3012 dicere
2677 2997 2692 3021 ‚
2708 2985 2732 3003 α
2751 2977 2829 3009 sa-

1802 3049 1987 3113 pientia
2018 3057 2092 3095 est
2111 3047 2164 3094 in
2197 3047 2295 3094 hoc
2317 3060 2491 3110 genere
2509 3059 2565 3101 »ς
2589 3058 2741 3107 quum
2772 3056 2829 3088 ea

1804 3143 1910 3175 non
1934 3137 2031 3174 tam
2051 3124 2168 3172 huic
2186 3123 2328 3184 insit,
2346 3139 2488 3188 quam
2508 3121 2670 3186 potius
2698 3118 2828 3167 idem

1805 3206 2169 3270 complectatur.
2205 3206 2369 3267 Quare
2387 3202 2437 3250 h.
2468 3201 2506 3250 l.
2528 3200 2792 3267 conjuncta
2806 3230 2824 3257 ‚

1805 3284 2101 3340 conciliata,
2131 3293 2226 3330 etc.
2255 3280 2513 3345 intelliges.
2549 3280 2665 3328 Post
2691 3294 2831 3327 com·

1806 3350 2093 3429 pendium-e
2116 3372 2276 3411 autem
2295 3348 2508 3425 comps}-
2524 3358 2744 3407 excidere
2763 3356 2806 3402 fa
2818 3382 2829 3390 ·

1807 3442 1987 3491 cillimc
2018 3443 2183 3508 potuit
2204 3461 2215 3489 ε
2238 3441 2335 3489 nisi
2353 3437 2639 3504 prepositio
2665 3450 2691 3481 a
2712 3434 2829 3480 scri-

1806 3523 1883 3571 bis
1926 3538 2034 3570 eam
2085 3538 2188 3569 non
2248 3518 2555 3582 capientibus
2604 3512 2833 3560 consulto

1806 3603 1983 3651 omissa
2020 3612 2111 3649 est.
2150 3595 2418 3647 Pettinenti
2453 3591 2607 3642 nostri
2641 3606 2831 3640 omues.

1806 3683 1896 3730 Est
1908 3690 2070 3727 autem
2092 3689 2222 3727 recte
2238 3710 2253 3735 ‚
2291 3686 2340 3723 et
2357 3689 2468 3721 cum
2484 3671 2835 3718 asseveratione

1805 3760 2120 3825 praemittitur
2141 3777 2154 3804 ι
2175 3771 2266 3803 nec
2287 3753 2396 3809 erit,
2412 3749 2560 3798 lectio
2578 3758 2695 3797 vett.
2717 3748 2835 3796 edd.

1807 3839 2171 3894 nonnullarum,
2190 3837 2241 3882 in
2256 3831 2432 3897 quibus
2447 3832 2573 3878 Ven.
2597 3836 2728 3892 1494
2747 3838 2839 3879 est,

1806 3918 2078 3983 quidquam
2094 3913 2237 3963 valet.

1887 4012 1964 4047 tn.
1993 3995 2114 4043 Ideo
2141 3989 2351 4058 efficiens
2384 3986 2485 4034 dici
2504 3998 2680 4050 potest.
2703 3988 2839 4035 Goer.

1811 4076 1981 4124 scribit
2016 4072 2073 4121 id
2084 4086 2177 4135 pro
2199 4067 2327 4117 ideo.
2366 4065 2835 4133 Vulgatam,inquit

1814 4154 1922 4202 ideo
1960 4168 2023 4200 ex
2067 4150 2174 4199 solo
2215 4146 2394 4198 miensi
2443 4163 2461 4195 ι
2505 4146 2641 4196 dedit
2676 4145 2839 4194 Davis.
