3217 4784
673 492 696 539 ι
710 464 807 541 66
1334 471 1428 537 Μ.
1483 470 1560 536 Τ.
1613 469 2102 539 CICERONIS

660 590 1037 687 probaret,
1076 603 1161 659 ut
1206 585 1506 685 probat,
1551 584 2112 686 conjungen-«21¹⁶
2161 586 2433 660 doloris
2486 590 2793 660 vacuita-

557 731 620 783 19
659 705 806 773 tem
835 725 1002 773 cum
1030 698 1438 796 voluptate,
1475 713 1548 769 et
1582 698 1876 770 duobus
1906 700 2179 770 ultimis
2204 712 2549 769 uteretur.
2579 698 2791 768 Multi

657 812 855 881 enim
916 821 988 879 et
1042 807 1281 904 magni
1342 808 1760 907 philosophi
1823 808 1976 881 haec
2026 809 2277 880 ultima
2298 817 2363 871 ι7
2422 807 2790 879 bonorum

649 920 905 1015 juncta
939 915 1307 1005 fecerunt,
1331 934 1413 989 ut
1438 919 1886 1000 Aristoteles..
1914 921 2041 1017 qui
2074 920 2359 991 virtutis
2385 943 2597 991 usum
2624 943 2790 989 cum

653 1029 813 1099 vitae
867 1025 1201 1126 perfectae
1263 1031 1738 1127 prosperitate
1815 1030 2214 1126 conjunxit.
2271 1029 2602 1129 Callipho
2665 1028 2792 1099 ad-

651 1138 896 1235 junxit
951 1136 1042 1209 ad
1084 1136 1578 1227 honestatem,
1625 1140 2073 1239 voluptatem
2113 1168 2130 1211 :
2188 1139 2561 1213 Diodorus
2598 1135 2660 1186 ¹3
2701 1138 2791 1212 ad

654 1246 981 1320 eamdem
1001 1248 1453 1321 honestatem
1467 1248 1812 1321 addidit¹9
1830 1252 2255 1323 vacuitatem
2276 1249 2568 1322 doloris
2590 1250 2792 1321 Idem

651 1356 933 1429 iecisset
962 1361 1355 1457 EpicuruS,
1389 1362 1447 1430 si
1479 1362 1910 1431 sententiam
1946 1360 2168 1443 hane,
2211 1386 2373 1457 quae
2406 1365 2792 1431 nunc-Hie·

650 1470 934 1567 ronymi
965 1482 1107 1557 est,
1139 1471 1633 1565 conjunxisset
1661 1493 1828 1540 cum
1855 1472 2199 1569 Aristippi
2227 1485 2471 1542 vetere
2497 1483 2791 1541 senten-

651 1582 771 1649 tia.
813 1577 925 1649 Illi
961 1579 1155 1649 enim
1201 1579 1392 1650 inter
1434 1603 1510 1651 se
1551 1578 2030 1669 dissentiunt;
2067 1594 2453 1678 propterea
2495 1578 2793 1676 siugulis

650 1687 921 1761 finibus
939 1703 1251 1760 utuntur
1270 1716 1285 1759 ε
1310 1704 1406 1776 et,
1420 1714 1649 1787 quum
1664 1703 1976 1788 uterque
1995 1715 2223 1789 graece
2242 1691 2523 1788 egregie
2545 1689 2793 1786 loqua-

652 1814 795 1889 tur,
831 1823 969 1871 nec
994 1801 1437 1897 Aristippus,
1474 1801 1602 1897 qui
1631 1799 2077 1896 voluptatem
2116 1824 2481 1872 summum
2511 1798 2791 1889 bonum

652 1910 827 1981 dicit
838 1963 855 1996 ,
872 1911 946 1979 in
960 1907 1330 2005 voluptate
1347 1910 1556 2006 ponit
1569 1934 1716 1978 non
1742 1909 2012 1999 dolere,
2032 1937 2272 2010 neque
2287 1911 2793 2008 Hieronymus,

655 2090 815 2147 uitur,
846 2102 998 2150 quum
1017 2096 1189 2133 auctor
1213 2101 1383 2134 vocem
1407 2102 1435 2134 s
1464 2102 1514 2133 se
1531 2102 1678 2150 supra

651 2165 816 2215 fietsm
833 2164 1153 2212 indolentiam
1170 2179 1273 2213 uon
1300 2164 1446 2212 nimis
1462 2164 1681 2229 frequen·

654 2256 757 2294 tere
777 2243 941 2292 vellet.
976 2243 1040 2291 G.

730 2322 815 2371 16.
832 2320 1170 2387 conjungeret.
1190 2324 1341 2372 Recte
1358 2327 1483 2372 st.
1497 2340 1680 2388 sequu-

657 2414 735 2451 tus
763 2412 836 2450 est
862 2401 1082 2449 Bremius
1098 2438 1112 2462 ,
1152 2419 1305 2466 quum
1342 2404 1507 2454 nescio
1544 2404 1682 2469 quod

655 2480 807 2529 satum
826 2482 1102 2530 Ernestium
1122 2483 1185 2530 ad
1205 2483 1455 2546 vulgatum
1481 2485 1683 2549 conjun-

650 2574 770 2623 gere
808 2561 1116 2619 retraxisset3
1160 2562 1298 2626 quod
1338 2562 1401 2610 sd
1423 2563 1530 2611 haee
1555 2579 1679 2611 con-

656 2651 789 2691 texts
840 2641 953 2689 ferri
996 2642 1141 2707 plsue
1185 2645 1374 2708 nequit.
1410 2645 1684 2707 Receptum

645 2728 851 2767 'servant
873 2720 1031 2767 nostri
1072 2736 1242 2769 omues
1284 2733 1567 2786 veteresque
1594 2724 1686 2770 im·

660 2797 813 2862 pressi
832 2797 1070 2862 plerique.
1090 2802 1153 2849 G.

734 2892 814 2944 ¹7·
842 2877 962 2925 Hae
981 2876 1158 2926 ultima
1204 2881 1451 2930 bonorum.
1493 2880 1685 2942 Quarit

655 2959 892 3019 Bremius,
909 2972 1121 3020 quonam
1139 2958 1246 3007 hoee
1261 2958 1430 3008 teudst
1448 2974 1462 3009 :
1484 2975 1596 3007 uam
1623 2959 1685 3008 sd

655 3038 954 3086 vacuitatem
1006 3036 1214 3097 doloris,
1261 3050 1312 3088 et
1351 3040 1650 3104 voluptatem
1665 3074 1682 3096 ‚

657 3117 867 3166 absurde
893 3116 1017 3165 trshi
1032 3153 1048 3177 ,
1084 3134 1237 3182 quum
1279 3118 1342 3166 ad
1372 3117 1685 3167 Aristotelem

659 3197 966 3260 respiciatur.
989 3198 1095 3247 Nec
1119 3213 1292 3262 posse,
1318 3199 1462 3247 -haec
1484 3199 1545 3247 de
1572 3200 1685 3261 qui-

659 3274 752 3323 bus
779 3275 1028 3338 loquimur
1042 3298 1092 3334 n,
1110 3289 1287 3340 praeter
1303 3276 1394 3324 slis
1407 3313 1422 3337 ‚
1442 3276 1685 3340 ambigui·

661 3353 774 3403 tatis
818 3355 1027 3402 maximo
1063 3371 1229 3414 causa,
1278 3356 1508 3421 intelligi.
1546 3355 1684 3405 Nihil

661 3432 778 3480 inde
803 3433 893 3497 ipsi
918 3433 1148 3493 dubium,
1174 3435 1296 3499 quin
1334 3435 1441 3484 hoec
1467 3435 1684 3501 imperiti

661 3511 727 3559 sit
762 3512 964 3563 librarii.
1009 3517 1078 3563 At
1107 3515 1213 3563 sine
1244 3515 1341 3565 ulls
1377 3516 1685 3564 dubitatione

661 3591 813 3655 ipsius
848 3593 1062 3641 auctoris
1094 3604 1201 3651 est3
1245 3605 1295 3642 et
1335 3594 1400 3642 sd
1436 3595 1685 3658 sequentis

661 3670 865 3720 relatum
885 3707 900 3733 ,
929 3682 985 3720 ut
1027 3671 1174 3720 toties
1213 3672 1366 3731 solet,
1395 3672 1534 3720 «haec
1574 3688 1686 3736 quae

662 3749 893 3814 deinceps
914 3750 1091 3799 addam
1105 3773 1129 3792 ι·
1151 3786 1166 3812 ,
1192 3762 1345 3800 notet.
1368 3751 1420 3798 Si
1440 3761 1553 3814 post
1570 3749 1688 3814 plei-

661 3826 852 3891 Iosoplu'
868 3827 1055 3892 virgula
1071 3861 1086 3885 ‚
1105 3845 1250 3892 quam
1268 3828 1545 3876 addidimus
1558 3861 1573 3886 ,
1598 3843 1689 3892 po-

661 3906 751 3952 sits
782 3905 978 3965 suisset,
997 3907 1103 3969 ipse
1126 3907 1249 3955 forte
1275 3908 1435 3956 Brem.
1468 3906 1590 3955 nihil
1608 3908 1685 3955 of·

664 3984 877 4032 fenden-et
898 3999 910 4031 :
933 3984 1077 4031 nimis
1101 3987 1230 4033 euim
1250 4003 1378 4051 saepe
1402 4002 1583 4050 prouu.
1607 3985 1686 4034 hic

661 4074 708 4110 et
729 4063 768 4110 is
787 4062 850 4110 sb
876 4063 1113 4110 enuntiati
1141 4064 1284 4112 initio
1312 4065 1382 4112 sic
1406 4077 1685 4128 ponuntur,

663 4153 717 4190 ut
737 4141 799 4189 ad
823 4141 1071 4206 sequeutia
1097 4143 1554 4206 pertineant.-Ut‚
1574 4162 1684 4210 quae

600 4258 609 4267 .
661 4221 993 4283 sequitur,est
1012 4219 1081 4269 sic
1107 4222 1323 4286 exempli
1346 4239 1514 4271 causa.
1552 4225 1615 4272 G.

1846 2090 1925 2138 18.
1953 2085 2223 2139 Diodorus.
2262 2091 2433 2140 Csrius
2465 2099 2592 2148 erst,
2627 2098 2677 2136 et
2699 2103 2797 2135 ms·

1767 2184 1892 2233 gnus
1919 2168 2220 2222 dialecticus.
2241 2172 2408 2234 Quum
2430 2185 2528 2218 uns
2546 2184 2659 2215 cum
2682 2165 2798 2214 stil-

1768 2263 1899 2312 poue
1922 2259 2048 2296 esset
2068 2249 2200 2313 apud
2221 2249 2537 2298 Ptolemaeum
2558 2247 2794 2306 Soterem,

1767 2337 1915 2390 atque
1939 2343 1967 2375 s
1997 2327 2218 2393 Stilpoue
2271 2328 2598 2390 iuterrogatus
2633 2325 2794 2372 statim

1770 2404 2063 2471 respondere
2077 2422 2178 2453 nou
2198 2406 2465 2468 potuisset;
2483 2404 2598 2451 inde
2616 2401 2796 2469 Κρόνος

1770 2500 1839 2534 se.
1863 2494 2121 2533 cunctator
2147 2484 2425 2531 nominatus
2447 2493 2538 2531 est.
2558 2481 2794 2528 Referunt

1769 2564 1868 2611 hoc
1891 2565 1936 2610 ei
1959 2573 2096 2610 tauto
2127 2561 2288 2610 dolori
2314 2559 2460 2608 fuisse
2476 2595 2491 2618 ,
2514 2571 2568 2607 ut
2587 2574 2796 2607 moerore

1772 2652 2090 2705 consumptus
2116 2639 2323 2697 obierit,
2367 2654 2660 2703 quamquam
2683 2637 2796 2685 Stil-

1772 2721 1917 2785 ponis
1942 2722 2262 2783 quaestiouem
2289 2730 2460 2785 postes
2477 2719 2630 2783 longo
2648 2734 2795 2784 opere

1772 2800 2098 2863 explicuisset.

1850 2893 1929 2941 19.
1978 2877 2205 2926 Addidit.
2248 2876 2413 2925 Deleri
2460 2876 2556 2925 hoc
2593 2876 2795 2924 verbum

1775 2957 1942 3007 Ursiu.
1961 2967 2011 3006 et
2032 2961 2218 3021 Guyet.
2238 2968 2294 3005 ut
2312 2956 2583 3014 abundans,
2596 2956 2793 3016 jubent:

1772 3039 1857 3086 sed
1877 3039 2097 3086 Bremius
2124 3047 2226 3085 tum
2259 3036 2528 3083 orationem
2551 3034 2795 3081 duriorem

1772 3116 1976 3165 evadere
1995 3126 2185 3173 monet,
2205 3113 2335 3162 haud
2355 3112 2619 3161 admodum
2639 3112 2797 3158 curio·

1773 3211 1878 3243 sum
1919 3196 1971 3243 in
2009 3195 2088 3243 his
2126 3193 2461 3256 similibusque
2506 3190 2795 3240 Ciceronem

1773 3290 1995 3339 arguens.
2026 3275 2178 3337 Quasi
2204 3272 2432 3337 scriptori
2455 3285 2558 3317 uon
2584 3278 2716 3315 recte
2736 3268 2798 3315 li-

1773 3364 1878 3402 cest
1900 3355 2118 3419 exempla
2134 3389 2148 3412 ‚
2172 3368 2282 3417 quae
2309 3350 2474 3407 affert,
2498 3347 2686 3410 singula
2705 3361 2797 3393 suo

1773 3433 1924 3481 verbo
1949 3432 2179 3480 distincta
2224 3428 2528 3495 proponere!
2566 3427 2618 3473 si
2646 3424 2800 3489 suspi-

1772 3512 1934 3559 ciosus
1954 3527 2056 3559 esse
2077 3510 2197 3558 velis
2213 3544 2228 3565 ,
2244 3507 2422 3556 rectius
2445 3505 2505 3554 de
2523 3502 2800 3568 praeceden·

1773 3602 1822 3638 te
1834 3590 2068 3655 adiunxit
2079 3588 2333 3638 dubitaris.
2343 3588 2655 3634 praeessent
2668 3583 2798 3629 euim

1773 3684 1873 3717 non
1890 3669 2049 3718 solum
2065 3666 2328 3732 conjunxit
2339 3698 2356 3720 ,
2381 3663 2467 3712 sed
2485 3660 2687 3710 verbum
2708 3661 2800 3708 ad-

1767 3748 1973 3814 jungere
1995 3746 2140 3812 ponit
2178 3744 2352 3794 Cicero
2389 3743 2442 3789 iu
2491 3739 2798 3804 philosophis

1774 3826 1836 3874 de
1862 3827 1945 3886 iis,
1982 3841 2092 3890 quae
2117 3824 2180 3872 sd
2221 3839 2321 3870 rem
2363 3818 2640 3886 primariam
2685 3829 2800 3866 tam-

1773 3921 1917 3969 qusm
1938 3901 2218 3952 secundaria
2237 3898 2478 3948 accedunt
2498 3931 2514 3957 ‚
2533 3913 2686 3961 quum
2704 3898 2800 3946 hoc

1775 3985 1887 4031 loco
1925 3983 1987 4031 de
2023 3979 2220 4045 paribus
2267 3978 2475 4027 dicatur.
2526 3976 2623 4023 Sed
2673 3977 2799 4025 idem

1777 4063 1977 4111 verbum
1998 4075 2144 4123 supra
2164 4074 2362 4122 quoque
2383 4058 2416 4122 S
2445 4058 2504 4104 ιδ
2530 4058 2694 4120 vegius
2715 4074 2800 4121 po·

1775 4143 1919 4190 situm
1952 4140 2175 4188 vidimus.
2204 4140 2266 4186 G.
2291 4166 2352 4174 -—
2377 4140 2438 4185 Iu
2465 4136 2627 4185 dubiis
2656 4137 2800 4185 tutis·

1774 4222 1946 4271 simum
1975 4230 2046 4268 est
2069 4218 2189 4268 libb.
2213 4219 2551 4272 auctoritatem
2576 4218 2729 4282 sequi.
