3217 4784
768 462 893 529 DE
937 459 1112 529 Fm.
1163 458 1367 527 ΒοΝ.
1418 457 1531 526 ET
1579 456 1801 525 MAL.
1852 458 1995 542 111,
2046 452 2109 523 5.

2359 449 2499 538 345

476 586 741 653 Rerum
778 595 1019 652 autem
1056 577 1543 674 cognitione5‚
1582 576 1731 663 vel,
1776 578 1836 648 si
1883 576 2034 647 haec
2087 573 2307 646 verba
2380 588 2503 645 aut

382 692 618 760 minus
655 688 966 786 placent,
1004 697 1128 755 aut
1162 683 1401 752 minus
1434 681 1961 778 intelliguntur,
1991 681 2361 773 καταλήψεις
2385 703 2504 778 ap·

300 780 305 785 .
382 798 733 896 pellemus
779 796 945 866 licet
969 803 1068 881 ¹⁰,
1129 815 1247 862 eas
1299 788 1578 887 igitur-¹¹
1628 791 1816 888 ipsas
1866 807 2164 889 propter
2205 816 2282 862 se
2330 790 2504 861 asci-

382 906 679 979 sceudas
706 904 1160 988 arbitramur,
1176 899 1376 997 quod
1403 899 1720 971 habeant
1741 900 2175 998 quiddamin
2202 926 2277 974 se
2304 901 2506 998 quasi

384 1017 845 1115 complexum
890 1027 965 1085 et
1004 1012 1383 1083 continens
1408 1012 1816 1082 wei-itatem.
1850 1011 1934 1081 Id
1971 1025 2212 1082 autem
2242 1012 2316 1081 in
2344 1034 2510 1107 par-

384 1127 490 1195 vis
524 1123 825 1220 intelligi
859 1135 1137 1219 potest3
1171 1114 1357 1218 quos
1388 1119 1728 1192 delectari
1767 1119 2094 1191 videmus
2114 1129 2201 1207 ¹²,
2237 1120 2509 1191 etiamsi

385 1256 638 1303 eorum
674 1230 851 1301 nihil
886 1234 1200 1318 intersit,
1248 1230 1306 1300 si
1338 1228 1517 1330 quid
1553 1231 1833 1301 ratione
1874 1253 2006 1326 per
2040 1254 2117 1300 se
2154 1231 2291 1326 ipsi
2320 1231 2512 1300 inv-e-

389 1352 674 1412 nerunt.
711 1344 911 1412 Artes
944 1342 1161 1411 etiam
1197 1341 1385 1439 ipsas
1420 1353 1719 1437 propter
1750 1361 1828 1409 se
1865 1338 2331 1410 assumendas
2376 1363 2511 1439 pu·
2555 1347 2618 1396 ¹8

385 1506 556 1555 sblett.
588 1522 786 1570 conseq.
813 1522 917 1555 non
949 1507 1108 1573 plenis
1134 1522 1264 1571 sepe
1297 1521 1405 1553 mo·

387 1588 601 1635 unimus.
619 1584 846 1650 virgula
859 1583 908 1635 h.
930 1582 965 1635 l.
986 1584 1281 1642 addidimus,
1300 1583 1407 1647 qui·

388 1656 482 1711 bus
501 1663 918 1728 dignoscerentur.
942 1663 1077 1711 G.—
1092 1665 1247 1727 Supra
1268 1664 1402 1711 Goer.

388 1754 551 1791 notem
564 1745 731 1791 Moser
739 1742 963 1791 observet
978 1741 1227 1805 :equidem
1243 1756 1408 1811 qnem-

387 1838 536 1885 qusm
559 1822 799 1883 ejusmodi
831 1820 1069 1869 ablativos
1099 1835 1405 1883 consequen·

391 1902 470 1947 tite
516 1900 647 1964 apud
688 1901 792 1949 Cic.
835 1910 883 1948 et
927 1915 1056 1963 sape
1103 1914 1315 1964 agnosco
1359 1908 1409 1947 et

388 1979 495 2026 fero
511 2014 527 2040 ‚
565 1988 724 2026 nmen
748 1978 799 2026 h.
834 1978 870 2027 l.
900 1979 1060 2026 minus
1085 1979 1268 2043 probo,
1294 1978 1408 2043 quin

390 2073 556 2105 sensus
594 2073 738 2120 quem
775 2057 933 2106 verbis
972 2058 1078 2105 istis
1113 2059 1270 2106 inesse
1304 2056 1410 2107 vult

392 2134 526 2183 Goer.
545 2134 709 2182 nescio
728 2135 979 2198 quomodo
997 2136 1118 2184 mihi
1143 2136 1318 2201 frigere
1335 2137 1411 2183 vi-

393 2212 555 2262 detur.
580 2212 745 2261 Liceat
768 2213 919 2276 igitur
948 2214 1046 2261 illis
1072 2215 1279 2264 aliorum
1298 2217 1409 2265 VV.

390 2293 500 2340 DD.
521 2293 652 2353 conj.
670 2307 825 2339 meum
842 2291 1240 2357 qualemcumque
1256 2310 1415 2341 emen-

392 2369 640 2417 dationem
678 2368 873 2417 addere.
921 2370 972 2417 Si
1012 2371 1183 2419 Cicero
1217 2371 1414 2436 scripsit

394 2447 592 2496 easdem
613 2448 710 2511 (vel
728 2449 961 2513 quodam)
980 2466 1096 2498 casn
1121 2448 1414 2509 imminutas,

394 2526 533 2574 facile
568 2525 700 2574 abire
733 2528 902 2591 potuit
924 2529 1170 2592 posterius
1200 2528 1415 2577 vocabu·

391 2604 492 2653 lum
518 2605 572 2652 in
593 2621 681 2653 usu
701 2623 719 2653 :
737 2621 839 2671 quo
859 2607 989 2655 sacto
1013 2608 1148 2671 prius
1170 2606 1417 2655 immutari

392 2699 586 2732 necesse
603 2685 717 2743 fuit,
738 2686 1006 2749 prasertim
1026 2702 1199 2750 quum,
1215 2685 1416 2750 quando

393 2761 542 2809 semel
566 2773 773 2810 emtum
791 2797 806 2821 ,
835 2763 913 2811 vel
939 2776 1195 2829 peccatum
1221 2776 1325 2823 est,
1360 2765 1413 2811 in

394 2841 557 2889 omnia
593 2841 686 2888 slis
710 2840 842 2888 abire
880 2844 1044 2905 potius
1078 2844 1265 2890 soleant
1296 2843 1410 2891 scri-

396 2917 489 2978 boe,
508 2934 651 2982 quam
677 2916 742 2965 sd
769 2928 947 2966 rectem
971 2919 1206 2968 rationem
1234 2919 1411 2970 redire.

473 3011 553 3045 ιο.
583 2998 757 3044 Rerum
773 3006 938 3043 autem
955 2996 1249 3062 cognitiones
1263 3031 1279 3055 ‚
1303 2998 1412 3056 vel,

397 3077 462 3126 si.
476 3074 821 3141 ..appellemus
841 3074 966 3124 licet.
988 3077 1195 3124 Goerenz
1216 3076 1415 3126 scribit:

398 3156 576 3203 Rerum
614 3164 775 3201 autem
815 3153 1114 3220 cognitiones
1148 3153 1294 3219 (quas
1336 3155 1424 3203 vel

399 3233 868 3296 comprehensiones,
925 3232 1016 3281 vel
1053 3233 1384 3297 perceptiones
1398 3268 1417 3291 ,

398 3312 510 3362 vel.
526 3347 540 3360 .
554 3307 864 3376 .κατοιλτἰψιις
878 3313 917 3376 ).
974 3311 1137 3360 Verba
1158 3348 1172 3373 ,
1227 3312 1387 3377 inquit
1406 3347 1422 3371 ,

400 3414 425 3434 σι
442 3408 563 3457 ques
587 3392 663 3439 vel
690 3392 1169 3456 comprehensiones,
1202 3391 1278 3439 vel
1311 3407 1424 3456 per·

399 3474 704 3538 ceptionem»,
726 3473 777 3519 in
793 3471 936 3519 editis
953 3487 1055 3519 non
1074 3471 1320 3536 leguntur,
1336 3470 1422 3518 sed

400 3566 526 3599 novs
548 3567 679 3599 nunc
700 3561 1002 3598 secesserunt
1028 3566 1055 3597 e
1087 3550 1215 3616 SpIr.
1242 3562 1291 3599 et
1316 3550 1420 3599 Eri.

402 3630 573 3694 Neque
609 3645 735 3694 opus
771 3638 867 3687 est,
894 3640 948 3676 nt
982 3630 1084 3694 ipss
1112 3628 1277 3676 multis
1304 3645 1423 3694 pro-

402 3707 587 3767 hemus,
602 3724 752 3773 quum
766 3718 929 3772 aperte
947 3707 1016 3756 sic
1026 3709 1163 3756 locus
1185 3708 1303 3755 olim
1318 3724 1425 3757 mu-

404 3786 521 3835 tilus
545 3797 702 3835 coeat.
722 3774 1070 3854 ὁμοιοτίλιυτα
1087 3787 1141 3834 in
1160 3802 1303 3835 censs
1320 3788 1425 3836 sue·

404 3877 545 3926 runt,
573 3877 627 3915 ut
651 3865 947 3917 exciderent.
977 3866 1074 3915 Sed
1105 3866 1257 3930 magis
1280 3867 1424 3915 etiem

406 3958 462 3990 es
484 3943 737 3994 Ciceronis
754 3962 856 3994 esse
875 3945 1093 4012 putabis,
1113 3948 1154 3994 si
1174 3946 1428 3994 intellexe-

407 4020 472 4068 ris
488 4054 503 4078 ,
525 4022 683 4072 verbis
704 4024 1102 4091 comprehendere
1118 4036 1168 4073 et
1179 4025 1429 4090 percepere

400 4100 608 4161 junctis,
646 4102 908 4154 innumeris
947 4122 1087 4170 paene
1135 4105 1257 4154 locis
1295 4105 1430 4153 hunc

407 4194 614 4242 groecum
639 4179 1018 4249 καταλιμῧάνιιν
1052 4184 1318 4251 exprimere
1345 4200 1427 4232 so-

1486 1503 1602 1551 lere.
1638 1502 1783 1551 Adde
1813 1501 2002 1550 Acsdd.
2033 1505 2106 1561 11,
2131 1505 2183 1560 6,
2214 1518 2271 1564 ¹7
2298 1505 2510 1566 :oeQuid

1486 1593 1612 1633 esset
1637 1581 1884 1645 cognitio,
1905 1592 1989 1629 sut
2005 1581 2260 1647 perceptio
2276 1614 2292 1641 ‚
2314 1593 2398 1629 sut
2416 1614 2432 1640 ‚
2469 1583 2510 1629 si

1487 1661 1691 1710 verbum
1708 1676 1736 1707 e
1755 1659 1905 1708 verbo
1923 1659 2175 1717 volumus,
2193 1660 2511 1725 comprehen-

1488 1740 1590 1801 sio,
1604 1754 1749 1802 qnam
1769 1734 2030 1803 κατάληψιν
2049 1738 2121 1786 illi
2141 1749 2320 1787 vocent
2342 1759 2365 1782 ι
2384 1775 2398 1797 ,
2416 1754 2519 1802 quo

1489 1819 1604 1868 loco
1629 1819 1793 1866 stis.
1815 1834 1934 1866 usus
1961 1827 2034 1865 est
2047 1850 2065 1878 ‚
2085 1828 2143 1867 ut
2160 1834 2223 1865 cx
2239 1819 2518 1879 conjecturs

1493 1898 1581 1948 ve!
1619 1897 2062 1963 comprehensiones
2106 1897 2222 1945 addi
2249 1896 2518 1954 .snsderet;

1494 1977 1735 2043 probante
1772 1976 1900 2025 idem
1949 1976 2121 2025 Reizio
2170 1975 2235 2023 sd
2274 1974 2520 2040 exemplar

1494 2074 1636 2106 suum
1654 2090 1670 2117 ,
1689 2056 2020 2120 ›laudenteque
2047 2071 2097 2104 c.
2133 2056 2194 2104 15
2208 2090 2224 2115 ,
2256 2064 2339 2117 49.
2360 2058 2520 2118 Qum

1494 2136 1641 2185 anxie
1679 2145 1850 2184 contre
1877 2152 1938 2184 ex
1975 2135 2167 2199 vulgata
2202 2136 2254 2182 iu
2284 2135 2522 2198 proximis

1496 2213 1603 2263 haec
1621 2214 1778 2262 ‘verba
1805 2213 2093 2279 explicanda
2121 2215 2264 2262 sunt!

1577 2310 1596 2340 1
1614 2310 1660 2342 1.
1684 2294 1788 2341 Eas
1806 2294 1872 2358 ig.
1895 2295 2041 2342 Vieu.
2066 2293 2155 2341 has
2177 2293 2323 2341 refert
2339 2328 2354 2353 ,
2373 2292 2524 2357 idque

1498 2373 1692 2436 penitus
1715 2388 1778 2418 ex
1800 2373 2012 2419 auctoris
2035 2387 2173 2420 more
2191 2408 2207 2434 ,
2234 2372 2278 2418 si
2302 2373 2405 2419 sine
2431 2388 2524 2435 ps-

1498 2450 1710 2499 renthesi
1725 2485 1739 2510 ,
1761 2460 1874 2514 post
1896 2466 2252 2515 quemcumque
2274 2444 2523 2518 παριμῧο-

1497 2528 1580 2585 λήν
1615 2528 1764 2594 igitur
1793 2544 1888 2593 pro
1924 2527 2131 2592 inquam
2171 2529 2406 2593 sequitur.
2451 2533 2526 2578 Its

1498 2612 1646 2659 Tusc.
1666 2612 1716 2669 1,
1740 2609 1826 2666 36,
1853 2604 1938 2667 88,
1964 2608 2057 2656 hoc
2075 2608 2255 2674 ἰδίων,-
2283 2608 2406 2658 ibid.
2431 2610 2526 2669 lv,

1506 2691 1587 2750 15,
1639 2688 1705 2744 34
1720 2722 1736 2746 ‚
1788 2686 1928 2753 hujus
1963 2686 2116 2753 igitur
2156 2688 2351 2736 virtutis
2366 2705 2387 2745 ‚·
2431 2688 2524 2737 Ca·

1502 2766 1573 2816 til.
1600 2769 1672 2815 lv
1684 2801 1700 2825 ‚
1732 2783 1752 2812 ι
1769 2782 1814 2827 1,
1840 2770 1904 2816 23
1921 2800 1937 2826 ‚
1955 2788 1982 2809 α
1999 2783 2092 2831 pro
2110 2767 2186 2815 bis
2204 2768 2353 2832 igitur
2371 2766 2528 2815 omni·

1502 2846 1594 2896 bns
1611 2847 1754 2895 rebus
1770 2867 1815 2895 ι.
1831 2848 1994 2911 Atque
2019 2847 2084 2895 ite
2099 2846 2222 2894 locis
2244 2846 2385 2911 plene
2405 2845 2531 2892 mul-

1503 2926 1566 2973 tis
1587 2937 1788 2975 :contre
1812 2940 1932 2973 vero
1954 2924 2168 2972 minime.
2190 2925 2307 2985 Ejus
2328 2921 2525 2987 quidem

1504 3005 1572 3051 rei
1597 3004 1723 3052 ratio
1750 3019 1812 3050 ex
1846 3017 1966 3065 vaga
1996 3000 2190 3048 alterins
2220 2998 2529 3064 pronominis

1505 3083 1580 3141 vi,
1609 3098 1762 3147 quum
1779 3080 1976 3129 alterins
1992 3090 2122 3126 certa
2144 3090 2194 3125 et
2215 3078 2526 3126 determinate

1504 3162 1601 3220 sit,
1640 3177 1725 3208 sus
1757 3168 1933 3222 sponte
1967 3156 2275 3220 intelligitur.
2318 3158 2526 3219 sequuti

1507 3238 1657 3302 igitur
1674 3237 1854 3285 rectius
1874 3251 2056 3283 snmus.
2078 3237 2141 3282 G.

1586 3331 1669 3365 ια.
1710 3315 1958 3363 Videmus.
1989 3316 2197 3362 Goerenz
2219 3327 2233 3361 ε
2257 3314 2529 3362 videamus.

1507 3398 1660 3445 Recte
1674 3429 1689 3453 ,
1712 3393 1873 3457 inquit
1890 3429 1904 3451 ‚
1941 3393 2308 3455 conjunctivum
2343 3396 2530 3441 auctori

1510 3474 1671 3522 Bremi
1693 3473 1985 3532 vindicavit,
2006 3490 2150 3538 quem
2167 3477 2283 3525 Ern.
2306 3491 2368 3522 ex
2392 3476 2530 3537 inge-

1508 3553 1595 3601 nio
1611 3552 1838 3601 videmus
1855 3552 2018 3611 edens,
2040 3553 2332 3603 oblitereret-
2345 3554 2530 3602 Eodem

1509 3631 1662 3680 modo
1699 3643 1746 3680 et
1774 3631 1989 3681 habeant
2011 3633 2270 3699 precedit,
2298 3644 2347 3681 et
2372 3634 2534 3697 sequi·

1512 3722 1608 3771 tur,
1646 3711 1738 3771 sit,
1779 3723 1998 3760 constent
2013 3747 2028 3771 ,
2068 3710 2349 3760 contineant
2385 3728 2405 3759 .·
2448 3712 2532 3760 sed

1509 3789 1698 3838 intersit
1711 3824 1726 3849 ,
1743 3802 1801 3839 ut
1820 3791 1982 3839 Bremi
1998 3789 2122 3847 vult,
2139 3806 2394 3839 commune
2410 3790 2532 3837 nihil

1511 3868 1688 3929 hehet,
1711 3868 1895 3933 qnippe
1921 3867 2055 3933 quod
2096 3867 2157 3915 ab
2191 3867 2384 3916 etiamsi
2407 3856 2532 3931 pen*-

1513 3947 1643 4009 dest‚
1661 3961 1854 4012 semper
1868 3948 2000 3997 hunc
2021 3946 2224 3996 modum
2245 3948 2534 4012 requirente,

1514 4028 1555 4074 si
1576 4043 1697 4092 mag
1711 4025 1839 4074 auch
1852 4025 2013 4092 gleich
2042 4026 2186 4075 velet.
2204 4029 2277 4076 De
2299 4027 2389 4074 bsc
2415 4041 2533 4073 con—

1509 4106 1845 4166 junctivorum
1868 4105 2055 4156 interna
2083 4105 2270 4154 ratione
2298 4104 2393 4152 alio
2418 4104 2534 4152 loco

1516 4198 1728 4247 agemus.
