3217 4784
829 366 953 485 [ΒΕ
1000 418 1173 485 FIN.

1227 414 1439 482 BON.
1484 414 1597 480 ET
1638 413 1857 480 MAI..
1905 413 2002 495 II,
2047 409 2114 479 6.

2407 414 2541 488 163

415 555 553 625 est,
604 542 930 635 inquam,
968 537 1106 607 hoc
1155 524 1410 606 stoici5
1446 563 1460 604 ε
1508 557 1802 604 omnem
1844 533 1987 602 vim
2032 533 2419 631 loquendi,
2458 554 2541 630 ut

409 651 550 745 jam
603 665 770 721 ante
819 647 1238 720 Aristoteles
1260 642 1315 730 6,
1348 648 1421 714 in
1463 643 1642 714 duas
1685 641 2028 714 tributam
2073 669 2227 717 esse
2269 664 2540 744 partes:

414 762 866 847 rhetoricam,
887 759 1175 859 palmae3
1210 756 1695 841 dialecticam,
1737 759 1963 852 pugni
2001 756 2351 827 similem⁷
2388 784 2541 831 esse

413 869 736 957 dicebat,
781 868 982 967 quod
1017 868 1228 938 latius
1280 866 1756 961 loquerentur
1782 864 2148 954 rhetores,
2192 866 2546 943 dialectici

411 995 653 1051 autem
687 979 1169 1076 compressius
1185 969 1238 1046 ⁸.
1290 976 1674 1071 obsequar
1709 977 1929 1071 igitur
1969 976 2324 1050 voluntati
2360 995 2501 1051 tuae
2529 1038 2548 1067 ,

411 1091 824 1187 dicamque,
853 1092 911 1160 si
942 1103 1232 1187 potem,
1259 1086 1653 1172 rhetorice;
1687 1083 1813 1156 sed
1843 1084 1976 1155 hac
2002 1085 2361 1158 rhetorica
2386 1090 2548 1189 phi-

485 1322 536 1369 5.
583 1319 798 1367 Zenonis
831 1329 905 1367 est
921 1351 937 1378 ,
978 1318 1081 1380 inq.
1125 1316 1217 1363 hoc
1269 1312 1430 1361 Stoici.

415 1399 548 1447 Idem
576 1398 709 1446 Gud.
738 1414 758 1444 1
784 1396 877 1445 hoc
893 1396 1093 1445 meliore
1109 1396 1224 1443 loco
1240 1404 1352 1441 ante
1364 1403 1437 1440 ese

413 1480 572 1544 ponit.
603 1477 734 1525 Ferri
784 1488 945 1525 tamen
988 1476 1184 1539 vulgata
1234 1483 1400 1537 potest
1419 1507 1432 1529 ,

411 1572 560 1621 quum
585 1567 757 1604 auctor
783 1544 989 1619 inqu‘am
1032 1553 1201 1601 media
1223 1550 1435 1599 orationi

412 1638 689 1700 interponat
712 1652 727 1697 ;
756 1634 1070 1699 praedicatum
1091 1643 1253 1679 autem
1288 1628 1439 1676 Stoici

410 1715 580 1779 (quod
605 1715 826 1762 additum
864 1723 961 1769 est,
989 1728 1053 1758 ne
1075 1711 1340 1774 Epicureus
1362 1709 1436 1755 in-

412 1791 737 1857 telligeretur)
784 1789 1074 1855 separatim,
1100 1797 1157 1833 ut
1200 1787 1430 1842 fecimus,

408 1871 849 1936 interpungendum
867 1869 946 1916 sit.
961 1869 1156 1916 G.—-1n
1175 1881 1280 1929 sqq.
1298 1866 1434 1913 Goer.

409 1952 492 1998 dat
512 1948 672 2015 partis
698 1959 976 2015 propones
998 1963 1024 1992 e
1051 1945 1182 1992 binis
1207 1946 1430 2003 suis‚no-

411 2040 579 2092 tatque
603 2040 717 2092 post
745 2028 797 2077 h.
838 2044 886 2074 v.
922 2026 976 2072 in
999 2023 1290 2088 quibusdam
1316 2023 1430 2072 addi

410 2109 588 2157 dicere.
616 2109 677 2155 Et
704 2121 795 2171 pro
822 2105 1079 2162 tributam,
1106 2104 1173 2153 al.
1203 2100 1432 2152 diser-ibu-

411 2199 530 2235 eam.

480 2266 531 2313 6.
566 2267 631 2312 Ue
656 2264 772 2329 J'am
815 2274 931 2308 ante
966 2260 1268 2309 Aristoteles.
1293 2263 1429 2308 Goer.

412 2339 1060 2408 interpungitzlenonis...
1108 2338 1285 2397 Stoici,
1328 2354 1431 2386 om·

408 2439 515 2471 nem
541 2423 641 2472 vd.
663 2421 868 2487 (ursam
895 2436 947 2467 a.
974 2419 1167 2481 Arist.)
1186 2418 1221 2467 i.
1249 2418 1302 2467 d.
1327 2429 1363 2467 e.
1387 2434 1428 2466 c.

440 2499 563 2549 arcis
592 2518 611 2548 .·
643 2500 773 2550 rhet.
791 2535 803 2548 .
819 2536 830 2549 .
844 2536 858 2547 .
898 2500 1092 2547 dicebat
1112 2516 1133 2555 ,·
1181 2497 1337 2562 quod.
1354 2533 1366 2545 .
1383 2532 1394 2543 .

407 2579 738 2645 compressius.
767 2580 819 2627 Si
845 2579 970 2627 hane
986 2614 1000 2638 ,
1029 2579 1189 2643 inquit
1204 2612 1218 2635 ,
1256 2592 1429 2642 paren

409 2661 579 2708 thesim
624 2659 809 2707 dudum
847 2661 959 2706 VV.
1002 2660 1113 2707 DD.
1153 2656 1426 2713 dedissent,

408 2755 564 2803 neque
608 2738 863 2787 Walkerus
909 2754 965 2785 ea
1009 2736 1277 2784 necessario
1312 2746 1428 2800 post

410 2818 557 2866 Stoici
567 2816 925 2880 transponenda
943 2851 957 2875 ,
973 2831 1063 2862 nec
1082 2816 1241 2861 Bremi
1259 2814 1423 2861 eadem

407 2899 493 2945 sic‘
514 2897 788 2945 excusanda
824 2904 1039 2959 putaret,
1068 2904 1123 2940 ut
1142 2894 1423 2941 Ciceronem

407 2975 723 3040 negligentia
749 2972 949 3021 crimine
973 2972 1264 3021 cumularet:
1284 2971 1425 3019 Cice-

408 3073 574 3105 ronem
601 3057 807 3112 scilicet,
845 3054 933 3117 qui
976 3052 1068 3099 sibi
1114 3067 1175 3098 ex
1211 3054 1426 3099 castitate

406 3136 644 3187 orationis
684 3146 732 3183 et
778 3133 1010 3196 elegantia
1046 3130 1308 3195 plurimum
1337 3131 1425 3176 tri·

340 3207 349 3213 ⁸
407 3217 585 3265 buebat
607 3232 623 3274 3
648 3231 791 3279 quem
815 3212 957 3260 toties
977 3212 1120 3257 anxie
1147 3208 1206 3256 de
1225 3208 1428 3271 singulis

409 3295 484 3343 vel
502 3294 661 3342 verbis
676 3327 691 3352 ,
717 3290 793 3338 vel
821 3287 1016 3339 dicendi
1032 3288 1202 3335 formis
1218 3303 1279 3333 ex
1301 3286 1430 3334 Atti·

310 3378 337 3411 ‘-
405 3390 467 3422 co
493 3389 584 3421 suo
606 3370 941 3436 queritantem
963 3368 1213 3423 videmus3
1238 3366 1325 3430 qui
1344 3366 1427 3413 de-

311 3448 331 3513 ,⁸
406 3454 555 3517 nique
574 3452 665 3499 hos
689 3451 821 3514 ipsos
841 3449 994 3496 libros
1022 3458 1117 3494 tam
1147 3445 1233 3492 diu
1268 3459 1424 3508 expo·

406 3531 553 3580 liebet
574 3545 587 3580 ε
608 3530 668 3578 de
696 3530 819 3588 hoc,
842 3530 1041 3591 inquam
1056 3560 1071 3581 ,
1093 3524 1312 3572 omnium
1325 3526 1426 3572 Ro-

406 3624 660 3658 manorum
685 3609 864 3671 linguae
897 3606 1067 3669 patriae
1102 3602 1392 3667 peritissimo
1410 3640 1425 3665 ,

405 3704 506 3754 quo
530 3689 723 3737 demum
751 3686 900 3734 modo
925 3683 1068 3732 nobis
1092 3693 1188 3729 tam
1206 3697 1427 3730 severum

400 3768 641 3827 judicium
672 3764 963 3820 conveniet,
999 3763 1087 3825 qui
1128 3771 1230 3816 tot,
1260 3761 1337 3808 vel
1364 3760 1426 3808 ab

405 3850 519 3897 Em,
546 3846 691 3905 inde,
715 3854 845 3893 recte
873 3842 1000 3891 dicta
1018 3856 1120 3888 esse
1137 3840 1428 3887 intellexeri-

406 3940 539 3986 mus,
571 3940 680 3990 quae
703 3924 785 3972 hic
808 3922 888 3969 vel
908 3922 1093 3987 primus
1112 3920 1329 3984 aperuit,
1351 3920 1429 3967 vel

406 4007 511 4069 ipse
535 4014 591 4052 ut
615 4004 729 4052 vitia
756 4001 1000 4058 con-exin
1028 4011 1077 4047 et
1103 3999 1284 4063 quibus
1321 4009 1428 4046 tan·

410 4094 512 4130 tum
541 4097 702 4145 opere
742 4082 796 4128 in
839 4079 1084 4128 erroribus
1122 4077 1429 4126 dediscendis

408 4161 727 4221 consumitur,
739 4171 793 4209 ut
812 4158 1113 4224 paucissimis
1129 4158 1193 4205 ad
1210 4158 1313 4222 ipsa
1331 4158 1430 4207 lin

1527 1327 1634 1375 guae
1659 1311 1907 1360 interioris
1930 1310 2078 1375 adyta
2095 1323 2348 1377 pernen-are
2377 1315 2544 1367 liceat!

1525 1390 1622 1438 Sed
1658 1390 1872 1438 redimus
1896 1390 1949 1437 in
1977 1390 2146 1439 orbem
2173 1391 2269 1440 hoc
2290 1392 2503 1446 iddituri
2526 1434 2542 1457 ,

1525 1470 1757 1517 imitatam
1781 1470 1862 1516 hic
1902 1486 2004 1517 esse
2029 1470 2130 1518 vivi
2165 1476 2398 1523 sermonis
2424 1494 2548 1527 con·

1525 1546 1857 1605 suetudinem,
1876 1549 1963 1611 qni
1981 1548 2114 1597 haud
2151 1565 2263 1599 raro
2291 1557 2549 1616 pai-emhe-

1523 1645 1598 1676 ses
1619 1638 1723 1676 tum
1748 1627 2018 1691 interponit
2032 1662 2047 1686 ,
2076 1644 2226 1692 quum
2248 1633 2411 1681 animo
2430 1636 2549 1696 0in-

1524 1708 1742 1765 ciuntur,
1763 1706 1816 1754 id
1846 1718 1946 1765 est,
1973 1709 2042 1754 sic
2066 1718 2125 1756 ut
2149 1710 2337 1774 aptiore
2354 1712 2467 1761 loco
2484 1716 2547 1762 ad

1522 1789 1748 1835 amussim
1778 1788 1888 1835 talia
1920 1788 2252 1851 exigentibus,
2288 1794 2409 1855 poni
2450 1811 2547 1859 po-

1524 1868 1672 1914 tuisse
1692 1865 1966 1914 videantur.
1997 1869 2063 1915 At
2097 1883 2159 1915 ne
2195 1868 2313 1917 licet
2347 1872 2546 1934 quidem

1522 1945 1683 1994 alieno
1710 1945 1826 1993 loco
1869 1946 2095 2009 pareuth.
2139 1947 2367 1997 insertam
2410 1951 2540 2011 dici,

1523 2040 1675 2088 quum
1693 2039 1747 2072 ea
1774 2039 1876 2071 non
1893 2022 1956 2072 ad
1981 2024 2184 2073 verbum
2206 2027 2407 2092 aliquod
2430 2032 2548 2079 sim-

1520 2104 1668 2168 plex,
1697 2102 1782 2151 sed
1824 2090 1888 2151 ad
1930 2103 2193 2153 verborum
2233 2109 2544 2173 complexum

1522 2183 1787 2247 pertineat,
1807 2181 1885 2229 cui
1903 2182 2095 2230 media‘
2077 2188 2422 2250 interponitur.
2439 2191 2545 2240 Nos

1524 2261 1584 2309 de
1627 2260 1985 2324 parenthesium
2007 2265 2220 2311 auctoris
2253 2277 2520 2318 naturaco
2459 2285 2544 2318 co-

1521 2342 1720 2404 gitasse,
1744 2338 1878 2386 haud
1903 2340 2067 2403 paucis
2083 2343 2303 2406 priorum
2330 2347 2539 2396 volumi-

1521 2437 1639 2468 num
1661 2420 1786 2468 locis
1823 2419 2087 2469 ostendisse
2112 2424 2253 2471 nobis
2292 2426 2540 2490 videmur,

1520 2517 1568 2547 v.
1587 2516 1633 2547 c.
1658 2497 1847 2548 Acadd.
1871 2503 1948 2558 11,
1978 2500 2040 2559 6,
2075 2504 2169 2563 16,
2196 2504 2279 2554 en.
2318 2508 2465 2573 Legg.
2490 2510 2542 2568 1,

1527 2579 1606 2637 18,
1628 2580 1712 2635 48.
1723 2578 1949 2628 Ceterum
1952 2579 2400 2647 ficttcogttandum
2420 2604 2542 2651 esse,

1517 2674 1664 2705 nemo
1684 2674 1786 2706 non
1814 2658 1964 2708 videt.

1594 2754 1642 2799 7.
1667 2737 1829 2803 Pugni
1848 2738 2072 2789 similem.
2096 2742 2169 2789 Ita
2186 2745 2370 2793 Davisii
2384 2747 2540 2808 jussu,

1518 2830 1612 2879 pro
1637 2812 1772 2879 vulg.
1792 2832 1968 2881 pugno
1988 2854 2004 2879 ,
2033 2817 2167 2866 dedit
2190 2822 2375 2872 Bremi:
2392 2836 2539 2887 atque

1517 2895 1582 2942 ita
1606 2894 1754 2958 plane
1769 2895 1873 2944 Erl.
1897 2896 2094 2961 Reliqui
2113 2901 2294 2957 nostri,
2315 2904 2538 2966 complu-

1517 2990 1689 3038 resque
1717 2976 1947 3031 aliorum,
1970 2976 2176 3040 pugnis,
2206 2995 2269 3025 ex
2294 2983 2538 3043 sequentis

1518 3054 1655 3100 vocis
1695 3056 1851 3117 prima
1888 3054 2027 3101 litera
2066 3071 2089 3101 s
2115 3054 2410 3106 adhaerente.
2436 3059 2539 3106 Re·

1516 3133 1726 3179 ctissime
1748 3147 1759 3176 :
1783 3147 1894 3178 unm
1914 3132 2027 3178 licet
2041 3147 2116 3178 res
2133 3136 2454 3197 comparanda
2473 3137 2536 3186 sit

1517 3225 1779 3266 sensuum,
1804 3219 1965 3256 tamen
2009 3222 2284 3274 comparata
2332 3216 2536 3264 rationis

1517 3299 1608 3335 est.
1619 3288 1843 3334 Ceterum
1857 3298 1968 3351 apte
1982 3289 2172 3337 confert
2185 3291 2247 3338 ad
2265 3308 2364 3340 rem
2382 3295 2535 3359 ipsam

1517 3367 1683 3414 Davis.
1706 3369 1840 3416 Sext.
1861 3369 2000 3433 Emp.
2025 3371 2182 3419 Math.
2210 3374 2283 3432 11,
2301 3372 2334 3438 S
2360 3393 2409 3436 7.
2440 3376 2535 3426 Sed

1513 3462 1574 3493 ex
1600 3446 1835 3495 Cicerone
1857 3447 1968 3511 ipso
1995 3449 2132 3497 locus
2157 3450 2388 3500 classicus
2408 3471 2535 3519 prte-

1514 3523 1780 3572 tereundus
1807 3541 1906 3572 non
1946 3538 2076 3587 erat;
2114 3527 2215 3576 vid.
2255 3532 2391 3580 Orat.
2438 3535 2502 3582 32
2518 3570 2534 3596 ,

1519 3619 1540 3650 ι
1556 3611 1638 3659 14.
1661 3602 1846 3653 Eodem
1869 3606 2093 3670 exemplo
2110 3606 2240 3655 idem
2267 3610 2400 3659 Zeno
2417 3628 2534 3660 usus

1515 3692 1588 3730 est
1607 3682 1671 3730 ad
1694 3681 1953 3749 φαντασίας
1979 3696 2025 3731 et
2050 3683 2358 3752 καταλήψεως
2376 3689 2533 3738 diver·

1515 3764 1702 3812 uitatem
1744 3763 2046 3824 docendam3
2095 3767 2161 3815 cf.
2208 3768 2400 3818 Acadd.
2449 3774 2497 3820 11
2515 3809 2531 3831 ,

1517 3850 1601 3904 47,
1635 3846 1749 3899 145.
1769 3844 1834 3892 G.

1586 3919 1636 3972 8.
1667 3922 2008 3987 compressius.
2048 3924 2183 3973 Crat.
2221 3929 2533 3993 comprehen-

1515 3999 1629 4049 sius.
1665 4000 1831 4049 Male:
1863 4003 2222 4053 accommodata
2259 4009 2388 4055 enim
2436 4026 2534 4055 vox

1516 4079 1829 4143 compressius
1852 4091 1925 4127 est
1950 4080 2012 4129 ed
2031 4098 2222 4130 manum
2244 4084 2294 4131 iu
2313 4102 2529 4149 pugnum

1516 4174 1856 4224 compressam.
1881 4160 1947 4207 G.

2138 4268 2239 4312 ΙΙ.
