3217 4784
568 931 631 982 32

672 342 813 415 366
1345 344 1442 412 M.
1493 343 1572 411 T.
1628 344 2124 414 CICERONIS

668 466 946 538 bonum
1006 465 1098 537 sit
1119 519 1138 552 ,
1195 463 1437 533 vivere
1460 472 1523 506 ¹⁰
1591 463 1959 533 scientiam
2021 460 2487 535 adhibentem
2546 488 2804 538 earum

667 601 944 663 rerum,
975 598 1135 671 quae
1165 587 1423 644 natura
1452 574 1793 643 eveniant
1815 598 1837 660 ;
1863 572 2280 669 seligentem
2303 626 2326 659 ‚
2345 596 2507 670 quae
2542 598 2800 646 secun-

668 688 841 759 dum
880 700 1247 770 naturam3
1284 698 1396 773 et,
1433 683 1490 754 si
1524 707 1689 781 quoe
1715 686 1931 754 etiam
1971 695 2224 754 contra
2261 697 2590 755 naturam
2627 688 2799 772 sint,

670 797 1139 891 rejicientem3
1172 794 1249 865 id
1288 809 1396 866 est
1426 796 1946 866 convenienter
1989 807 2622 891 congruenterque
2666 820 2799 865 na-

672 920 848 977 turae
876 906 1139 977 vivere.
1171 902 1312 976 Sed
1329 905 1406 976 in
1428 906 1689 976 ceteris
1710 902 1984 976 artibus
2001 914 2060 949 ¹¹
2094 928 2323 1001 quum
2339 903 2604 975 dicitur
2628 907 2799 976 arti-

671 1015 939 1103 ficiose,
965 1029 1340 1113 posterum
1358 1013 1676 1111 quodam
1693 1012 1942 1095 modo,
1976 1028 2050 1086 et
2069 1038 2522 1113 consequens
2547 1031 2800 1112 putan-

672 1120 847 1193 dum
862 1135 1000 1192 est:
1036 1118 1239 1218 quod
1266 1119 1989 1218 illitmyewnpambvu
2011 1120 2395 1219 appellant.
2425 1121 2645 1211 Quod
2680 1145 2800 1192 au·

676 1246 819 1303 tem
858 1235 937 1302 in
976 1254 1127 1327 quo
1158 1230 1517 1328 sapienter
1553 1229 1898 1316 dicimus,
1935 1228 2012 1300 id
2044 1253 2087 1300 a
2135 1231 2372 1328 primo
2411 1231 2801 1323 rectissime

670 1338 1042 1412 dicitur13.
1094 1338 1471 1437 Quidquid
1512 1342 1704 1413 enim
1742 1365 1783 1411 a
1814 1339 2135 1436 sapiente
2170 1336 2685 1435 proficiscitur,
2727 1338 2803 1410 id

670 1529 835 1580 multis
879 1529 1092 1578 auctoris
1147 1527 1386 1593 exemplis
1424 1528 1528 1576 haec
1566 1526 1694 1575 ratio

670 1609 920 1673 firmetur,
955 1619 1004 1657 et
1031 1607 1214 1673 ubique
1240 1607 1508 1656 scribarum
1549 1607 1696 1672 igno·

672 1692 826 1737 tantia
845 1688 952 1737 haec
978 1686 1021 1735 si
1044 1686 1372 1735 subtrabatur.

749 1784 828 1818 10.
846 1764 1168 1831 Relinquitur,
1185 1777 1240 1811 ue
1259 1779 1503 1811 summum
1519 1760 1697 1812 bonum

673 1846 737 1895 sie
760 1881 774 1893 .
792 1882 804 1894 .
818 1881 833 1895 .
868 1845 1048 1893 vivere.
1070 1843 1189 1890 Hac
1214 1840 1479 1906 Chrysippi
1504 1853 1618 1890 snut
1634 1859 1698 1890 ex

670 1927 834 1992 primo
851 1925 999 1985 huius
1020 1916 1132 1989 περὶ
1159 1923 1303 1968 τελῶν
1324 1920 1472 1977 libro,
1501 1935 1611 1983 qnae
1637 1937 1700 1968 ex

671 2017 809 2071 parte
833 2003 997 2061 laudat
1026 2002 1184 2049 laert.
1214 2000 1339 2058 vn,
1368 2001 1430 2060 87
1447 2031 1463 2057 ,
1488 2002 1598 2047 κατ’
1615 1997 1699 2066 ἐμ-

672 2083 854 2152 πειρίαν
891 2086 985 2131 τῶν
1025 2078 1160 2146 φύσιι
1198 2072 1545 2145 συμῧαινόντων
1580 2073 1661 2142 ζῇν
1679 2112 1697 2137 ,

675 2164 756 2213 cn.
791 2162 931 2211 Stob.
950 2159 1152 2222 Eulogg.
1177 2158 1292 2205 Eth.
1318 2159 1393 2219 11,
1428 2172 1537 2221 pag.
1585 2158 1698 2211 134.

675 2242 883 2303 Reliqua
917 2238 959 2285 si
995 2236 1168 2300 grecis
1220 2237 1502 2284 Stoicorum
1539 2234 1701 2283 verbis

677 2318 885 2384 exprimi
910 2314 1122 2364 volueris
1137 2348 1153 2375 ,
1179 2314 1251 2362 sic
1279 2315 1378 2362 sere
1417 2313 1660 2362 sonabunt
1682 2329 1695 2361 :

676 2398 898 2466 αἱροῦντα
917 2391 983 2444 τὰ
1007 2390 1136 2443 κατὰ
1172 2392 1303 2462 φύσιν
1325 2391 1468 2455 ὄντα,
1504 2389 1584 2442 καὶ
1602 2428 1617 2451 ,
1661 2389 1703 2440 εἴ

674 2495 780 2528 τινα
827 2473 964 2545 παρὰ
1010 2473 1143 2542 φύσιν
1200 2469 1298 2522 ieri
1315 2510 1329 2535 ,
1385 2470 1650 2524 ἐκκλίνοντα
1683 2507 1699 2531 ,

675 2559 800 2606 τοῦτ’
826 2555 956 2615 ἔστι,
982 2551 1366 2621 ὁμολογουμένως
1401 2548 1699 2619 (συμφώνως)

677 2637 735 2698 τῇ
757 2632 890 2701 φύσει
910 2630 1007 2696 ζῇν.
1025 2631 1232 2679 G.—Ee
1249 2662 1266 2689 ,
1284 2630 1329 2677 εἰ
1342 2646 1394 2694 q.
1417 2630 1561 2677 etiam
1587 2646 1633 2681 ο.
1651 2645 1700 2677 η.

677 2724 770 2761 etc.
794 2714 923 2759 Dav.
960 2730 982 2752 ι
996 2718 1044 2756 et
1066 2724 1122 2771 q.
1139 2716 1273 2755 cont.
1289 2724 1338 2755 n.
1357 2719 1470 2755 sunt
1488 2709 1622 2770 rejie.
1646 2731 1698 2767 n,

676 2791 857 2853 Eliens.
888 2776 1164 2850 r'seqnens.
1194 2786 1435 2832 Preterea
1460 2784 1567 2833 Pal.
1596 2801 1618 2834 1
1653 2797 1702 2834 et

678 2868 859 2933 Scalig.
890 2867 1118 2930 ignorant
1141 2864 1185 2911 si
1199 2881 1218 2921 ‚·
1243 2862 1324 2910 ed.
1347 2863 1537 2911 Victor.
1564 2865 1704 2929 igno·

675 2960 748 2998 rat
769 2948 938 2996 etiam.
959 2942 1172 2991 —Vide
1193 2957 1336 3006 supra
1358 2941 1407 2988 Π
1422 2975 1436 3000 ,
1467 2957 1546 2989 11.

754 3045 776 3077 1
790 3044 811 3077 1
824 3065 835 3075 .
883 3024 981 3073 Sed
1001 3025 1052 3072 in
1072 3021 1242 3071 ceteris
1259 3019 1438 3070 artibus
1455 3036 1603 3084 quum
1622 3021 1700 3069 di·

678 3111 803 3158 citur
839 3103 1117 3175 artificiose.
1154 3102 1453 3151 mentorum
1495 3115 1604 3164 qun
1639 3100 1702 3149 ab

680 3190 865 3238 artibus
889 3198 939 3236 et
963 3199 1075 3250 qut
1109 3198 1137 3230 a
1174 3181 1408 3247 sapientia
1441 3180 1492 3229 in
1518 3196 1702 3229 conve-

679 3270 869 3318 nienter
894 3277 1081 3315 naturae
1116 3260 1332 3311 vivendo
1360 3262 1515 3326 posita
1547 3258 1703 3325 profi-

681 3349 945 3403 ciscuntur,
960 3343 1219 3391 discrimen
1230 3342 1401 3407 sperit.
1423 3341 1577 3404 Quod
1589 3341 1705 3389 artis

682 3426 908 3474 effectum
926 3456 941 3480 ,
964 3432 1067 3469 arte
1086 3422 1189 3485 ipsa
1218 3421 1459 3484 posterius
1484 3421 1549 3468 sit
1565 3431 1614 3468 et
1632 3420 1706 3468 in·

681 3505 832 3552 ferias
854 3517 869 3552 ε
888 3512 938 3549 st
963 3500 1096 3565 quod
1124 3501 1311 3564 sapiens
1340 3499 1580 3563 sapienter
1596 3497 1703 3548 effi-

682 3582 749 3633 cit
760 3615 776 3639 ,
793 3596 892 3628 non
906 3578 1148 3643 posterius
1165 3579 1389 3642 gignatur
1403 3615 1420 3641 ,
1438 3594 1581 3642 quam
1598 3579 1703 3642 ipsa

683 3660 814 3708 nude
832 3655 1156 3724 proficiscitur
1176 3657 1410 3721 snpientia
1430 3672 1444 3706 ε
1469 3658 1702 3721 qnodque

686 3740 877 3788 virtutis
910 3752 1119 3795 munus,
1154 3736 1208 3783 id
1245 3737 1435 3785 virtutis
1475 3736 1702 3785 omnibus

684 3816 905 3883 partibus
930 3816 997 3865 sit
1022 3815 1299 3863 absolutum
1335 3827 1385 3864 et
1414 3817 1698 3882 perfectum.

686 3900 811 3947 Nam
827 3908 886 3946 nt
901 3912 1002 3944 non
1027 3895 1092 3942 ad
1125 3895 1474 3958 perfectionem
1504 3910 1702 3961 progre-

685 3979 843 4028 diatur
890 3973 1120 4041 sapientia
1140 4006 1155 4031 ‚
1210 3985 1368 4023 tamen
1409 3975 1496 4024 nbi
1536 3975 1700 4022 statim

684 4056 946 4127 προαίρισις
974 4069 1149 4104 nunnus
1186 4070 1327 4103 suum
1355 4053 1614 4121 praestitit,
1651 4055 1702 4103 in

1784 1525 2133 1575 convenienter
2154 1538 2339 1575 natnrae
2361 1526 2609 1592 seligendo
2621 1563 2636 1587 ,
2656 1545 2804 1594 appe-

1788 1605 1942 1654 tendo
1954 1639 1970 1665 ‚
2004 1615 2097 1655 etc.
2117 1607 2217 1667 jam
2236 1607 2485 1671 sapientie
2503 1619 2574 1657 est
2590 1607 2802 1659 effectio.

1782 1688 1903 1735 Eam
1926 1684 2056 1733 enim
2079 1686 2238 1746 foras,
2271 1695 2324 1733 ut
2355 1685 2663 1751 perficiatur,
2700 1703 2803 1737 non

1783 1765 2284 1824 estnecesseexire,
2322 1764 2802 1832 sedapudseipsa

1784 1858 1988 1891 manens
2008 1877 2024 1901 ,
2064 1843 2210 1890 etiam
2261 1855 2389 1892 recta
2437 1842 2592 1894 efficit
2612 1880 2629 1906 ‚
2684 1846 2799 1895 dnm

1785 1917 1990 1989 εὐλόγως
2010 1921 2208 1985 propria
2235 1922 2442 1970 instituit
2478 1933 2527 1972 et
2566 1925 2804 1989 proponit

1785 2013 2002 2049 munera.
2035 2002 2107 2048 At
2146 2001 2262 2048 artis
2298 2016 2397 2048 non
2443 2013 2598 2051 exstat
2626 2020 2803 2052 manns

1785 2077 1940 2125 ullum
1960 2114 1975 2140 ,
2012 2077 2151 2142 quod
2189 2096 2293 2128 non
2338 2082 2637 2132 extrinsecus
2679 2082 2762 2132 fiat
2783 2117 2801 2145 ,

1785 2156 1924 2219 qnod
1948 2173 2051 2205 non
2067 2168 2221 2206 artem
2238 2158 2495 2224 relinquat.
2515 2165 2798 2213 mosmos.

1863 2251 1885 2283 t
1894 2251 1922 2282 α
1931 2271 1942 2284 .
1954 2225 2397 2307 ἐπιγεννηιατικόν.
2408 2242 2561 2290 Stoici
2578 2244 2800 2291 virtutem

1786 2313 1837 2364 in
1877 2314 2105 2387 ὁμολογίᾳ
2133 2317 2379 2382 ponebant
2397 2354 2412 2379 ,
2446 2320 2500 2368 id
2527 2335 2633 2383 est,
2659 2326 2714 2373 in
2746 2339 2801 2372 ea

1786 2396 2028 2444 sentiendi
2063 2396 2412 2459 judicandique
2438 2400 2653 2459 ratione,
2692 2418 2803 2466 qne

1789 2474 1933 2540 plene
1958 2492 2071 2523 cnm
2099 2486 2264 2522 natura
2289 2477 2547 2524 consentit.
2570 2480 2693 2539 Qnae
2716 2496 2803 2527 an-

1789 2565 1885 2603 tem
1922 2569 1983 2604 ex
2019 2554 2110 2601 hac
2151 2551 2390 2600 constanti
2424 2553 2573 2600 enimi
2598 2557 2799 2611 mentis-

1786 2650 1883 2698 que
1898 2631 2210 2697 dispositione
2226 2632 2520 2679 cenationes
2542 2632 2803 2697 orirentur,

1785 2725 1842 2762 nt
1878 2710 2130 2777 gandium,
2163 2709 2310 2758 animi
2333 2709 2580 2771 hilaritas,
2606 2722 2701 2759 ete.
2719 2729 2802 2762 eas

1788 2787 1838 2850 ἐξ
1885 2786 2244 2860 ἐπιγεννήματα
2259 2825 2274 2850 ,
2332 2792 2473 2855 qnasi
2513 2793 2803 2842 accensorias

1787 2870 1958 2918 virtuti
1976 2906 1992 2933 ,
2019 2869 2270 2932 dixerunt;
2297 2870 2481 2936 qnippe
2506 2886 2614 2935 qna
2637 2886 2701 2918 ex
2720 2872 2801 2920 illa

1787 2948 2110 3012 dispositione
2165 2951 2433 2999 necessario
2509 2951 2801 3001 exsisterent.

1786 3030 1901 3078 Non
1943 3028 2094 3092 igitur
2127 3039 2221 3077 tam
2248 3030 2302 3078 in
2323 3042 2518 3079 externa
2539 3018 2729 3078 actione
2754 3042 2804 3078 et

1788 3106 1968 3173 effectu
1995 3107 2192 3157 virtutis
2217 3110 2315 3157 vim
2339 3122 2388 3157 et
2412 3120 2627 3158 naturam
2653 3124 2805 3173 pone-

1785 3186 1905 3236 bant
1918 3221 1933 3244 ,
1958 3203 2106 3251 quam
2129 3189 2180 3237 in
2203 3201 2382 3239 conatu
2399 3200 2446 3237 et
2465 3191 2571 3238 nisu
2588 3186 2806 3255 {qnippe

1787 3269 1891 3314 sine
1910 3281 2010 3331 qno
2024 3283 2085 3315 ne
2111 3268 2244 3316 actio
2265 3268 2460 3334 quidem
2479 3280 2604 3317 esset
2625 3285 2639 3319 :
2658 3270 2808 3319 aetio·

1789 3361 1899 3394 nem
1930 3344 2059 3393 enim
2084 3347 2227 3410 quasi
2258 3347 2451 3396 virtutis
2475 3349 2807 3412 complemen-

1789 3435 1895 3474 tum
1940 3424 2238 3488 spectabant.
2294 3426 2656 3491 Explicavimus
2699 3426 2806 3475 δυο

1791 3503 1947 3552 verbis
1992 3505 2361 3563 communibus,
2411 3504 2540 3554 unde
2583 3505 2804 3563 facilius.

1790 3598 1900 3646 quae
1936 3598 2000 3631 ex
2024 3581 2224 3633 adversa
2250 3594 2386 3648 parte
2414 3584 2474 3632 de
2500 3596 2709 3647 peceato
2733 3601 2808 3632 ae·

1789 3672 2036 3724 quuntnr,
2075 3663 2439 3727 intelliguntur,
2465 3665 2604 3723 enjus
2625 3663 2809 3732 ὶπιγιν·

1788 3737 1981 3807 νήματα
1997 3777 2012 3799 ,
2039 3736 2292 3808 δυσθυμίαν
2307 3753 2364 3791 et
2375 3736 2690 3810 δυσφροσύνην
2712 3759 2811 3792 me-

1788 3833 1949 3869 morat
1971 3823 2128 3870 Lnen.
2147 3823 2241 3869 vu
2254 3856 2268 3879 ,
2293 3827 2360 3883 94
2380 3837 2484 3885 seq.
2509 3839 2657 3886 quem
2679 3833 2809 3873 recte

1786 3900 2025 3948 conseres.
2041 3901 2104 3948 G.

1867 3980 1949 4027 13.
1990 3977 2137 4042 Quod
2159 3989 2320 4025 autem
2352 3977 2403 4026 in
2431 3996 2533 4044 quo
2563 3982 2814 4046 sapienter

1790 4057 1994 4108 dicimus
2003 4074 2024 4115 ;
2045 4055 2100 4104 id
2113 4073 2147 4104 a
2157 4056 2320 4120 primo
2347 4057 2602 4110 rectissime
2617 4060 2810 4112 dicitur.
