3217 4784
410 514 558 533 mw
564 512 986 534 “mmm
994 511 1352 533 mmmm
1358 511 1784 531 CMWQQWQm
1790 511 1877 529 m
1885 508 2528 529 mmmmm-&m

868 734 1936 839 ARGUMENTU
1982 736 2090 835 M

743 971 1033 1037 LIBRI
1092 967 1495 1053 QUARTI
1558 967 1694 1035 DE
1751 969 2207 1038 FINIBUS.

411 1177 540 1231 Hoc
592 1170 742 1229 libro
787 1172 991 1228 Cicero
1047 1168 1120 1226 ad
1171 1169 1405 1228 Catonis
1451 1169 1903 1247 disputationem
1965 1169 2046 1225 sic
2097 1171 2436 1247 respondet,
2489 1187 2551 1230 ut

488 1268 737 1327 Stoicam
791 1268 1073 1325 rationem
1134 1265 1527 1343 comparando
1590 1286 1722 1324 cum
1795 1265 2175 1343 Peripatetica
2233 1267 2549 1347 impugnet.

489 1365 683 1423 Primo
744 1364 1064 1443 paullulum
1130 1364 1570 1439 tergiversatur,
1620 1362 1870 1440 spatium
1940 1361 2012 1419 ad
2083 1365 2551 1441 respondendum

490 1462 828 1539 postulans,
868 1481 943 1518 ne
981 1472 1183 1517 contra
1229 1457 1561 1535 diligentem
1606 1458 1843 1516 Catonis
1881 1458 2333 1535 expositionem,
2375 1460 2554 1520 disci-

490 1559 821 1638 plinamque
846 1571 1117 1618 accurate
1146 1556 1448 1614 fundatam
1478 1567 1978 1632 exstructamque,
2006 1556 2064 1613 in
2101 1576 2218 1633 qua
2255 1559 2437 1616 multa
2464 1559 2555 1616 in-

490 1660 634 1727 sint,
664 1677 795 1734 quae
824 1658 925 1713 vix
964 1653 1280 1729 intelligat,
1326 1663 1543 1709 temere
1580 1649 1843 1709 disserat.
1889 1657 2036 1711 Rem
2076 1652 2292 1713 deinde
2332 1655 2411 1713 ita
2447 1675 2554 1733 ag-

490 1754 780 1831 greditur,
823 1765 891 1810 ut
934 1750 1187 1810 Stoicam
1236 1748 1671 1827 philosophiam
1719 1768 1950 1807 omnem
1996 1771 2068 1809 ex
2117 1771 2189 1809 eo
2232 1751 2555 1830 improbet,

490 1851 649 1926 quod
680 1849 755 1908 ab
787 1850 886 1907 illa
913 1861 1109 1906 vetere
1134 1846 1445 1905 Academia
1476 1859 1535 1904 et
1564 1847 1952 1925 Peripatetica
1971 1847 2119 1906 nihil
2145 1851 2265 1907 fere
2294 1850 2555 1923 differat,

490 1946 595 2003 nisi
650 1944 967 2002 verborum
1016 1943 1363 2013 novatione,
1418 1941 1859 2019 disserendique
1904 1943 2146 2002 rationis
2195 1945 2257 2002 in
2299 1945 2555 2005 deterius

493 2041 830 2098 mutatione.
881 2045 1020 2099 Haec
1064 2038 1444 2117 reprehensio
1488 2023 1596 2116 per
1644 2058 1875 2097 omnem
1915 2038 2131 2098 librum
2162 2056 2431 2100 accurate
2459 2063 2556 2100 re-

493 2144 699 2215 gnat‚§
729 2158 778 2207 1,
803 2157 861 2194 a.
884 2141 937 2194 A
959 2137 1199 2195 Platone
1223 2136 1377 2193 enim
1394 2136 1820 2213 Aristoteleque
1851 2137 1923 2195 ad
1954 2137 2326 2197 Polemonem
2348 2159 2556 2217 usque,

494 2249 606 2292 tam
646 2233 796 2291 bene
834 2232 1007 2290 fuisse
1049 2231 1410 2310 disciplinam
1441 2233 1848 2304 constitutam,
1893 2247 1956 2291 ut
1984 2253 2170 2293 causae
2199 2235 2345 2294 nihil
2375 2250 2557 2309 esset,

492 2352 596 2388 cur
640 2336 798 2388 Zeno
835 2328 909 2387 ab
958 2329 1071 2387 illis
1111 2326 1451 2386 discederet.
1504 2329 1643 2386 Illos
1694 2343 1810 2386 tres
1858 2330 1917 2386 in
1965 2344 2191 2407 parteS,
2233 2333 2294 2389 in
2330 2354 2557 2394 morum

498 2427 1045 2497 conformationem,
1076 2425 1396 2485 disserendi
1422 2425 1737 2497 rationem,
1768 2427 2277 2506 cognitionemque
2300 2442 2556 2498 naturae,

499 2522 928 2601 philosophiam
958 2521 1358 2600 descripsisse3
1394 2541 1501 2579 nec
1531 2521 1700 2580 aliter
1732 2522 1906 2580 hunc.
1948 2526 2018 2580 In
2050 2524 2266 2601 prima,
2296 2525 2453 2586 hunc
2487 2527 2560 2584 ab

500 2617 613 2674 illis
649 2636 713 2674 re
746 2615 887 2672 nihil
927 2614 1180 2672 differre.
1220 2615 1355 2672 Illos
1390 2614 1621 2673 civilem
1657 2614 1919 2692 inprimis
1955 2615 2281 2677 doctrinam
2309 2620 2565 2697 graviter

500 2713 851 2790 copioseque
874 2725 1179 2783 tractasse,
1210 2724 1268 2768 et
1299 2730 1431 2789 quae
1453 2731 1544 2769 res
1584 2725 1858 2771 ornatum
1894 2713 2296 2787 admitterent,
2336 2735 2433 2775 eas
2458 2736 2563 2794 po-

502 2813 602 2870 lite
623 2809 1038 2887 splendideque
1061 2810 1447 2888 proposuisse.
1477 2816 1772 2869 Zenonem
1799 2825 1858 2869 et
1881 2812 2110 2872 Stoicos
2133 2814 2205 2872 de
2230 2813 2528 2892 republica
2545 2858 2563 2883 ‚

502 2906 577 2965 de
618 2904 867 2984 legihu5‚
901 2919 967 2963 ut
1017 2908 1253 2963 omnino
1307 2907 1381 2965 de
1435 2907 1730 2981 moribus,
1776 2908 2126 2987 squalidius,
2170 2923 2229 2968 et
2276 2910 2562 2987 jejunius3

501 3005 720 3082 quippe
761 3003 863 3079 qui
908 3000 1137 3060 dicendi
1181 3005 1652 3064 exercitationem
1706 3006 2094 3083 neglexerint,
2143 3013 2173 3077 5
2214 3007 2335 3063 3-6.
2366 3005 2564 3079 Quid?

503 3102 613 3158 hos
647 3100 738 3157 vel
769 3112 920 3169 tum,
956 3096 1056 3155 ubi
1083 3099 1253 3157 altius
1282 3120 1592 3179 exsurgere
1624 3114 1925 3171 conentur,
1951 3114 2015 3157 ut
2044 3100 2118 3159 de
2149 3100 2392 3170 mundo,
2414 3122 2566 3160 com-

506 3197 666 3254 muni
688 3195 930 3253 deorum
955 3194 1374 3272 hominumque
1396 3195 1572 3267 urbe,
1608 3210 1674 3253 ut
1704 3197 1764 3254 in
1793 3195 1967 3253 laude
1994 3196 2300 3274 sapientiS,
2323 3210 2565 3276 anguste

506 3293 722 3351 versari
751 3302 924 3369 atque
952 3291 1196 3364 exiliter,
1224 3298 1257 3363 ς
1279 3311 1331 3364 7.
1366 3293 1437 3349 In
1468 3291 1790 3350 disserendi
1825 3311 2062 3369 quoque
2090 3294 2314 3351 ratione
2345 3294 2453 3353 hos
2488 3294 2565 3353 ab

505 3391 618 3448 illis
644 3410 751 3448 nec
785 3387 978 3460 rebus,
988 3410 1093 3447 nec
1112 3408 1306 3446 rerum
1333 3399 1705 3446 tractatarum
1728 3387 1933 3445 ordine
1961 3387 2289 3448 discedere:
2316 3391 2564 3469 topicam

505 3499 725 3558 artem,
771 3504 947 3562 quam
993 3484 1078 3542 illi
1124 3485 1351 3563 egregie
1400 3483 1790 3553 tradiderant,
1835 3486 2095 3563 quamvis
2146 3507 2212 3544 ea
2268 3486 2441 3564 probi
2494 3490 2567 3546 sit

505 3605 676 3653 usus,
723 3582 833 3641 hos
874 3602 948 3641 ne
990 3582 1245 3660 attigisse
1281 3581 1550 3660 quidem,
1602 3586 1633 3653 ς
1684 3583 1849 3640 8-ιο.
1921 3587 2045 3642 Nec
2094 3585 2273 3663 magis
2329 3585 2567 3644 differre

508 3693 786 3758 utrosque
826 3680 884 3736 in
919 3679 1330 3737 constitutione
1358 3691 1611 3750 naturae3
1652 3678 1713 3736 in
1738 3679 2086 3757 gravissimis
2110 3680 2471 3760 quibusque,
2503 3698 2568 3741 ut

506 3777 579 3835 de
618 3777 754 3849 diis,
789 3776 942 3835 unde
975 3776 1086 3835 illae
1122 3778 1365 3835 vinnites
1406 3776 1727 3835 cardinales
1760 3776 2065 3849 ducantur,
2098 3777 2287 3857 deque
2314 3793 2571 3857 quatuor

507 3873 828 3946 elementis,
862 3873 1011 3932 idem
1040 3872 1375 3932 sentientes:
1409 3873 1507 3932 sed
1534 3873 1644 3931 hos
1670 3872 1746 3932 ab
1777 3874 2007 3932 illorum
2036 3872 2298 3934 ubertate
2322 3878 2566 3936 multum

509 3968 725 4028 abesse.
786 3973 1019 4030 Nullam
1071 3991 1209 4048 ergo
1267 3991 1431 4029 novae
1490 3982 1658 4029 sectae
1711 3970 2030 4030 condendae
2083 3992 2311 4031 causam
2364 3974 2568 4047 fuisse,

504 4072 540 4135 5
573 4087 661 4137 11,
704 4087 804 4138 ια,
849 4070 936 4125 13.

590 4167 787 4240 Neque
822 4165 893 4223 dc
923 4187 1147 4226 summo
1172 4165 1355 4241 bonu,
1385 4187 1502 4245 quo
1532 4166 1902 4246 philosophia
1933 4187 2160 4226 morum
2191 4166 2568 4244 comprehen-
