3217 4784
842 474 966 541 DE
1017 473 1187 541 FIN.
1237 473 1442 540 BON.
1494 474 1607 541 ET
1656 475 1875 541 MAL.
1931 474 2027 557 11,
2068 473 2131 543 6.
2424 474 2552 547 165

426 597 601 682 cari,
647 592 846 690 quod
881 595 1248 691 quaeritur,
1283 618 1433 664 non
1462 608 1726 690 potest.
1764 598 2000 684 Quam
2036 598 2093 664 si
2132 597 2552 694 explicavis-

424 720 564 791 set‚
612 729 759 775 non
810 719 949 774 tam
1005 704 1379 773 haesitaret.
1436 709 1580 773 Aut
1648 705 1841 774 euim
1894 730 2047 777 eam
2105 707 2549 804 voluptatem

425 828 779 897 tueretur,
821 838 1040 909 quam
1082 814 1489 910 Aristippus
1513 866 1530 899 ,
1570 812 1644 882 id
1687 828 1827 894 est,
1867 840 2008 912 qua
2048 839 2297 886 sensus
2334 817 2557 889 dulci-

425 938 533 994 ter
591 947 673 993 ac
727 921 1051 1017 jucunde
1106 936 1473 1009 movetur3
1530 946 1750 1019 quam
1810 925 2021 994 etiam
2084 925 2435 1021 pecude5‚
2497 935 2553 999 si

424 1031 625 1128 loqui
664 1046 993 1129 possent,
1027 1029 1472 1128 appellarent
1506 1031 1952 1129 voluptatem
1985 1063 2000 1105 :
2040 1050 2197 1121 aut,
2237 1037 2296 1106 si
2333 1041 2555 1135 magis

427 1143 741 1239 placeret
783 1165 918 1213 suo
965 1166 1166 1212 more
1198 1140 1436 1238 loqui,
1481 1165 1704 1238 quam
1743 1153 1904 1213 ut¹²

805 1284 1020 1339 Omnes
1048 1273 1231 1338 Danai
1255 1283 1662 1355 Mycenenses»,
1692 1279 1884 1337 Attica
1914 1277 2176 1356 pubes¹³,

422 1412 832 1510 reliquique
867 1413 1091 1481 Graeci
1115 1465 1133 1495 ‚
1173 1410 1301 1505 qui
1354 1408 1496 1478 hoc
1537 1426 1897 1506 anapaesto
1923 1409 1982 1465 ¹4
2030 1411 2377 1501 citantur;
2416 1415 2554 1486 hoe

426 1548 575 1593 non
641 1518 968 1594 dolere¹⁵
1031 1521 1267 1597 solum
1330 1518 1718 1614 voluptatis
1775 1522 2068 1591 nomine
2123 1523 2550 1619 appellaret,

424 1631 601 1703 illud
666 1633 1148 1730 Aristippeum
1209 1641 1705 1699 contemneret
1762 1655 1777 1697 ε
1836 1644 1991 1717 aut,
2049 1632 2105 1699 si
2160 1646 2552 1728 utrumque

499 1843 579 1877 η.
599 1829 763 1893 Magis
772 1828 849 1896 pl.
870 1843 957 1874 suo
971 1841 1105 1874 more
1120 1825 1273 1889 loqui,
1295 1839 1444 1887 quam

424 1917 477 1952 ut
490 1908 682 1961 Omnes,
696 1916 789 1955 etc.
820 1907 899 1953 Sc.
925 1904 1211 1968 loquuntur,
1229 1902 1367 1968 quod
1388 1918 1448 1949 ex

424 1984 730 2046 praecedente
768 1983 905 2047 loqui
935 1981 1306 2045 intelligendum
1339 1994 1412 2031 est
1433 2015 1447 2038 ‚

425 2074 481 2109 ut
506 2063 783 2127 saepissime.
812 2064 890 2112 cf.
928 2064 1037 2113 Att.
1065 2064 1219 2119 v111,
1245 2078 1322 2126 ep.
1356 2079 1376 2109 ι
1394 2080 1412 2110 ι
1432 2098 1445 2119 ,

425 2156 536 2203 quae
554 2141 730 2204 incipit
758 2163 779 2184 ι
800 2143 865 2189 Α.
898 2141 947 2189 d.
968 2142 1066 2187 XV
1086 2140 1276 2187 kalend.
1296 2153 1441 2188 mart.

427 2219 630 2265 Formiis
655 2222 823 2283 accepi
846 2231 951 2267 tuas
973 2219 1135 2267 literas
1156 2234 1170 2268 ε
1188 2236 1250 2266 ex
1267 2220 1444 2282 quibus

424 2315 478 2346 ea
495 2332 510 2356 ‚
538 2315 648 2362 quae
672 2301 723 2349 in
752 2315 869 2362 agro
898 2300 1076 2347 Piceno
1105 2309 1235 2362 gesta
1279 2308 1444 2355 erant,

425 2378 637 2441 cognovi
648 2376 978 2424 commodiora
991 2393 1093 2423 esse
1108 2376 1278 2431 multo,
1298 2392 1442 2439 quam

425 2467 479 2503 ut
514 2467 615 2503 erat
641 2455 785 2502 nobis
820 2456 1148 2505 nuntiatum».
1188 2459 1304 2504 Haec
1342 2454 1441 2501 duo

422 2534 530 2583 loca
564 2534 710 2582 nobis
750 2534 1065 2598 persuadent,
1105 2551 1280 2599 parum
1312 2545 1442 2582 recte

422 2615 650 2679 praecipi,
678 2625 792 2678 post
818 2614 1172 2678 comparativos
1203 2614 1266 2661 ad
1289 2630 1440 2677 quam

422 2694 537 2742 addi
566 2695 760 2757 quidem
803 2706 856 2741 ue
879 2695 1276 2755 conjunctionem
1296 2727 1311 2750 ‚
1338 2709 1441 2740 non

420 2784 582 2821 sutem
609 2773 892 2820 adverbium
912 2789 1083 2836 posse,
1110 2790 1170 2820 ex
1196 2789 1296 2837 quo
1318 2788 1441 2836 prae·

423 2864 568 2917 cepto
605 2852 666 2901 ab
705 2856 897 2902 Ernest.
941 2853 1079 2913 inde,
1119 2854 1352 2901 Turnebo
1394 2865 1439 2901 et

423 2931 717 2981 Marklando
734 2932 1034 2987 auctoribus,
1047 2943 1101 2978 ue
1112 2942 1279 2978 contra
1292 2932 1440 2980 codd.

423 3027 592 3059 omnes
629 3011 680 3058 b.
719 3010 757 3059 l.
788 3012 1099 3058 exterminata
1129 3021 1220 3058 est.
1254 3011 1442 3058 Eodem

424 3090 575 3139 modo
597 3090 797 3151 jubetur
815 3089 932 3137 alibi
953 3100 1062 3152 post
1080 3105 1273 3153 compp.
1293 3107 1441 3153 quam

424 3170 562 3233 qnod
582 3169 699 3217 solis
734 3169 1004 3230 conjunctt.
1027 3169 1242 3214 construi
1261 3201 1274 3223 ‚
1292 3185 1442 3231 quum

426 3259 584 3295 tamen
609 3263 745 3311 aeque
767 3248 904 3309 plura
923 3246 1141 3310 exempla
1165 3262 1303 3293 secus
1329 3263 1442 3294 sus-

426 3328 590 3375 deant.
611 3325 672 3373 Id
691 3337 849 3373 tamen
870 3326 1167 3372 verissimum
1191 3336 1289 3382 est,
1321 3340 1444 3372 sem-

424 3422 513 3470 per
534 3406 631 3452 fere
656 3415 905 3452 auctorem
927 3405 1013 3462 sie,
1029 3414 1084 3450 m
1100 3405 1296 3451 omisso.
1324 3403 1444 3451 Inde

422 3484 653 3532 Rstbium
681 3498 781 3530 non
805 3483 1049 3546 capimus,
1068 3484 1110 3529 si
1135 3485 1252 3530 Em.
1272 3493 1445 3530 contra

422 3578 724 3610 commanem
750 3578 937 3609 sensum
962 3562 1130 3609 secisse
1149 3561 1444 3624 dicit,quum

423 3652 481 3689 ue
492 3641 694 3691 deleret.
728 3643 788 3688 G.

501 3723 583 3771 13.
636 3724 817 3769 Omnes
868 3720 1042 3767 Danai
1086 3723 1399 3780 Mycenenses
1429 3756 1443 3781 ‚

426 3801 587 3849 Am'ca
607 3801 779 3866 pubes.
810 3800 890 3848 Sic
914 3801 1050 3849 dedit
1074 3803 1125 3849 J.
1143 3800 1207 3851 V.
1236 3803 1290 3848 L.
1315 3801 1446 3849 unde

422 3880 678 3944 probabile
717 3891 791 3928 est
836 3891 887 3929 et
922 3881 991 3928 sic
1028 3880 1220 3928 dedisse
1255 3881 1444 3928 Ernest.

424 3976 571 4022 quem
600 3961 650 4009 J.
671 3961 734 4005 V.
761 3960 815 4007 1..
861 3959 959 4008 fere
1000 3959 1237 4022 sequitur.
1282 3961 1364 4007 Sic
1401 3971 1450 4008 et

425 4037 608 4086 olivet.
653 4038 746 4086 nisi
781 4038 916 4101 quod
961 4038 1098 4086 addit
1142 4051 1296 4102 atque
1336 4049 1451 4087 snte

430 4116 763 4181 Mycenenses.
816 4118 933 4165 Hoec
980 4116 1099 4166 olim
1153 4134 1255 4166 uno
1312 4135 1452 4167 versu

426 4194 608 4263 scripta
629 4195 969 4261 vulgabantnr.
1006 4199 1141 4245 Goer.
1174 4214 1252 4246 vv.
1282 4197 1451 4245 Attica

1530 1824 1682 1886 pubes
1719 1826 1919 1874 alterius
1949 1844 2114 1875 versus
2146 1826 2443 1891 principium
2488 1828 2556 1875 ss·

1535 1904 1622 1952 cit.
1647 1905 1726 1951 sic
1744 1940 1758 1961 ‚
1785 1907 1970 1968 inquit,
1989 1907 2271 1970 scripsimus
2308 1923 2420 1952 cum
2448 1908 2553 1954 vul·

1532 1994 1667 2045 gata,
1697 2000 1837 2032 versu
1865 1987 2042 2032 Bremii
2071 1986 2133 2032 sd
2169 1985 2444 2049 exemplum
2483 1985 2555 2032 di·

1532 2063 1738 2119 stincte,
1764 2064 1878 2113 licet
1921 2065 2093 2112 incerti
2132 2064 2448 2119 haereremus,
2489 2080 2553 2111 an

1531 2153 1663 2191 recte
1685 2161 1704 2189 .·
1720 2160 1832 2192 nam
1861 2161 2030 2193 omnes
2062 2145 2219 2193 nostri
2245 2161 2338 2208 pro
2360 2154 2512 2208 aeque
2531 2179 2546 2199 ,

1529 2233 1644 2278 aue,
1673 2233 1721 2270 et
1749 2236 1862 2272 ante
1891 2224 2058 2271 Attica
2103 2223 2207 2270 Erl.
2247 2234 2295 2270 et
2335 2220 2464 2286 Spir.
2499 2234 2553 2269 m

1529 2298 1903 2365 addunt.Vulgo
1915 2313 2061 2365 atque
2076 2302 2224 2349 deest.
2239 2303 2395 2350 Possis
2409 2303 2550 2350 etiam

1530 2377 1705 2424 Aceica
1723 2379 1880 2442 pubes
1906 2382 2333 2443 conjicerc,quum
2353 2382 2452 2428 Erl.
2467 2398 2548 2427 ar·

1530 2456 1656 2510 tica,
1687 2459 1822 2505 Gud.
1862 2474 1890 2505 2
1922 2459 2099 2517 accita,
2144 2469 2192 2505 et
2217 2461 2324 2506 Bas.
2366 2460 2550 2507 arctica

1531 2538 1759 2584 referant.
1808 2537 1905 2584 Sed
1950 2537 2057 2584 vide
2095 2537 2159 2585 ad
2188 2539 2328 2601 Legg.
2359 2540 2441 2595 11,
2492 2556 2552 2597 α,

1533 2616 1579 2663 5.
1605 2642 1673 2651 —
1715 2618 1889 2663 Omnes
1929 2617 2108 2665 Danai.
2148 2619 2326 2663 Versus
2352 2627 2423 2663 est
2440 2633 2553 2665 ana-

1528 2697 1780 2757 paesticus,
1809 2697 1894 2758 qui
1913 2697 2123 2759 speciem
2141 2696 2287 2743 babet
2305 2696 2554 2760 proverbii

1529 2773 1590 2821 ad
1613 2773 1981 2837 significandum
2003 2775 2280 2823 universum
2301 2790 2452 2837 genus
2471 2786 2555 2823 :ut

1530 2853 1737 2901 dicimus
1750 2855 1893 2912 ,caelo
1911 2889 1925 2910 ‚
1945 2866 2075 2901 terra
2098 2887 2114 2911 ‚
2134 2854 2360 2916 marique
2373 2888 2389 2912 ‚
2405 2869 2553 2916 quum
2607 2896 2612 2903 ,

1532 2932 1713 2995 ubique
1735 2933 1984 2995 designare
2017 2932 2263 2978 volumus.
2293 2932 2498 2978 Momm.

1608 3022 1688 3068 14.
1720 3016 2004 3076 Anapoesto.
2036 3012 2142 3056 Nos
2161 3021 2456 3071 anapaestum
2475 3011 2552 3055 in-

1532 3090 1791 3153 telligimus
1821 3100 1968 3137 totam
1997 3105 2101 3135 eam
2140 3103 2284 3149 quam
2310 3087 2552 3150 appellant

1532 3170 1691 3216 Graeci
1740 3164 2083 3218 ἀναπαιστικὴν
2125 3162 2289 3224 βάσιν,
2321 3182 2428 3228 quae
2484 3179 2554 3215 est

1531 3248 1718 3315 μέτρων
1757 3250 2015 3313 συναγωγὴ
2055 3244 2165 3299 ἤτοι
2203 3238 2293 3294 860
2338 3245 2556 3300 ἣπλειό-

1531 3345 1641 3381 νων,
1661 3324 1693 3380 ἢ
1710 3323 1904 3394 ὁμοίων,
1925 3324 1957 3380 ἢ
1982 3323 2244 3393 ἀνομοίων,
2267 3340 2377 3388 quae
2412 3327 2555 3373 etiam

1531 3404 1629 3451 alio
1673 3404 1872 3451 nomine
1920 3402 2135 3469 σύστημα.
2166 3403 2451 3468 appellatur.
2485 3408 2555 3452 Ita

1533 3482 1764 3546 anapesti
1782 3516 1795 3537 ‚
1822 3483 1896 3529 vel
1925 3494 1981 3530 ut
2013 3483 2095 3531 slii
2125 3482 2323 3545 legunt,
2368 3499 2550 3546 anspae·

1534 3563 1642 3609 stici
1674 3561 1894 3617 nomine,
1921 3562 2102 3609 muitos
2130 3562 2259 3609 inter
2278 3578 2327 3608 sc
2347 3564 2557 3624 conjun-

1534 3653 1642 3689 ctos
1665 3657 1829 3688 versus
1845 3641 2182 3704 intelligimus.
2205 3640 2285 3690 Sic
2305 3652 2557 3703 nuncupat

1533 3720 1726 3777 Cicero,
1742 3720 1938 3767 Tuscul.
1967 3722 2063 3778 111,
2088 3734 2253 3767 versus
2283 3720 2517 3782 quosdam
2541 3756 2556 3780 ‚

1536 3802 1620 3863 qui
1657 3801 1709 3849 in
1750 3799 2002 3864 Iphigenia
2056 3799 2309 3846 Aulidensi
2348 3800 2556 3863 expositi

1537 3890 1676 3938 sunt,
1707 3890 2034 3944 anapaestum:
2056 3880 2198 3928 «Nec
2247 3877 2413 3924 siletur
2433 3913 2446 3930 .
2483 3878 2557 3924 in·

1539 3961 1672 4024 quit,
1697 3959 1818 4007 illud
1846 3957 2171 4023 potentissimi
2200 3958 2326 4020 regis
2361 3973 2557 4021 anapae-

1539 4049 1668 4086 stum
1683 4072 1698 4097 ,
1721 4038 1806 4102 qui
1833 4036 2021 4094 laudnt,
2043 4047 2141 4084 etc.
2163 4056 2185 4077 ·
2218 4038 2424 4099 Μοιιῐ..

1619 4119 1697 4166 15.
1720 4119 1830 4164 Hoc
1855 4133 1954 4163 non
1982 4115 2159 4163 dolere.
2191 4115 2300 4162 Non
2332 4113 2492 4160 dolere
2513 4122 2562 4159 et

1540 4197 1588 4244 b.
1614 4197 1652 4245 Ι.
1680 4207 1728 4244 et
1748 4196 1803 4244 in
1834 4212 1968 4260 seqq.
1997 4211 2125 4260 saepe
2152 4193 2450 4242 substantive
2473 4208 2561 4255 po-
