3217 4784
863 413 984 478 DE
1033 413 1205 480 FIN.
1261 414 1473 480 BoN.
1531 415 1644 480 ET
1694 416 1905 483 MAL.
1965 419 2050 500 V,
2107 418 2217 487 26.

2482 423 2624 507 643

496 536 762 630 percipi
794 534 965 603 mihi
1001 557 1206 631 posse
1244 533 1608 622 videatur,¹
1649 538 1782 607 nisi
1820 538 2017 633 quod
2044 542 2487 638 percipiendi
2519 549 2624 615 vis

497 645 588 711 ita
623 641 966 713 definitur
988 668 1026 712 a
1056 645 1329 728 stoicis,
1363 658 1445 711 ut
1481 660 1751 738 negent
1781 646 2177 744 quidquam
2208 675 2420 747 posse
2457 679 2622 752 per-

495 754 672 849 cipi,
727 755 862 822 nisi
899 754 1040 823 tale
1078 777 1370 838 verum,
1422 751 1639 848 quale
1680 751 1939 825 falsum
1979 783 2130 829 esse
2176 785 2322 831 non
2372 769 2620 861 possit.

495 867 746 956 Itaque
794 862 942 931 haec
979 886 1144 931 cum
1182 861 1462 932 illisest
1500 860 1886 952 dissensio,
1935 892 2098 938 cum
2149 874 2627 970 peripateticis

493 969 690 1038 nulla
717 994 905 1039 sane.
935 969 1072 1040 Sed
1103 968 1254 1040 haec
1283 973 1741 1058 omittamu53
1779 973 2053 1047 habent
2079 978 2315 1051 enim⁸
2345 1000 2416 1054 et
2438 984 2626 1056 bene

492 1079 819 1174 longam,
859 1094 929 1149 et
970 1082 1136 1149 satis
1175 1079 1549 1175 litigiosam
1591 1080 2176 1178 disputationem.

589 1189 772 1260 Illud
815 1190 991 1260 mihi
1030 1216 1070 1260 a
1101 1205 1172 1260 te
1216 1192 1516 1260 nimium
1557 1188 1978 1266 festinanter
2015 1195 2287 1270 dictum
2319 1202 2627 1294 videtur,
2665 1239 2730 1290 77

490 1303 849 1397 sapientes
882 1326 1134 1371 omnes
1167 1324 1319 1371 esse
1348 1325 1633 1397 semper
1652 1301 1923 1375 beatos.
1944 1310 2201 1379 Nescio
2230 1334 2380 1405 quo
2409 1316 2629 1386 modo
2726 1386 2733 1394 ,

491 1412 1013 1507 praetervolavit
1027 1410 1540 1499 oratio9.Quod
1562 1414 1697 1482 nisi
1719 1414 1814 1484 ita
1830 1411 2628 1516 efficitur¹⁰,quae'l'heo-

491 1520 829 1618 phrastus
866 1521 956 1591 de
992 1520 1322 1607 fortuna,
1358 1520 1446 1590 de
1485 1520 1772 1609 dolore,
1819 1524 1909 1594 de
1949 1530 2273 1600 cruciatu
2310 1540 2631 1630 corporis

489 1630 675 1699 dixit
696 1685 714 1716 ,
748 1655 912 1700 cum
943 1629 1215 1727 quibus
1243 1630 1586 1727 conjungi
1611 1630 1894 1703 beatam
1921 1639 2136 1706 vitam
2173 1640 2375 1711 nullo
2410 1645 2629 1716 modo

496 1765 704 1837 posse
742 1743 1059 1837 putavit,
1106 1765 1360 1811 vereor
1407 1765 1502 1811 ne
1548 1765 1713 1812 vera
1754 1747 1916 1814 sint.
1969 1749 2151 1818 Nam
2191 1751 2369 1820 illud
2415 1754 2628 1825 vehe-

497 1865 776 1920 menter
806 1865 1201 1946 repugnat,
1245 1849 1578 1920 eumdem
1623 1866 1694 1923 et
1731 1851 2024 1925 beatum
2064 1882 2248 1947 esse,
2285 1878 2356 1932 et
2388 1864 2629 1934 multis

492 1959 696 2029 malis
753 1984 1203 2056 oppressum.
1261 1965 1426 2030 Haec
1480 1985 1632 2056 quo
1690 1963 1908 2034 modo
1961 1973 2430 2058 conveniant,
2477 1998 2625 2044 non

491 2092 661 2139 sane
706 2070 1050 2166 intelligo.
1105 2073 1366 2140 Utrum
1422 2071 1638 2164 igitur
1676 2071 1808 2142 tibi
1852 2100 1998 2145 non
2048 2077 2313 2173 placet,
2351 2083 2626 2178 inquit,

490 2180 775 2250 virtutis
812 2195 1083 2250 tantam
1133 2181 1273 2248 vim
1313 2188 1570 2265 esse¹¹,
1617 2195 1696 2250 ut
1740 2183 1825 2253 ad
1872 2184 2078 2258 beate
2115 2191 2497 2262 vivendum
2548 2218 2622 2263 se

480 2432 622 2479 posse
630 2417 876 2466 videatur.
893 2420 1028 2466 Goer.
1044 2430 1232 2481 transp.
1253 2415 1371 2464 mihi
1389 2412 1513 2463 nihil

479 2497 912 2561 percipiNulgatae
922 2531 937 2555 ‚
952 2498 1134 2562 inquit,
1149 2496 1339 2563 positus
1356 2511 1507 2559 quum

485 2593 573 2639 per
595 2595 646 2624 56
673 2580 735 2626 sit
758 2578 989 2638 vitiosus,
1015 2588 1118 2625 tum
1140 2595 1203 2625 ex
1225 2593 1284 2624 eo
1303 2576 1356 2624 h.
1377 2575 1410 2622 l.
1431 2592 1506 2624 re-

481 2656 722 2715 jiciendus
747 2669 819 2705 651
847 2696 861 2718 ,
904 2658 1041 2721 quod
1086 2659 1156 2705 vis
1182 2657 1430 2705 sententiae
1454 2657 1506 2703 in

485 2735 606 2783 mihi
622 2737 744 2784 inest
761 2772 774 2796 ,
802 2749 850 2785 et
886 2753 966 2784 vv.
1007 2736 1130 2785 nihil
1150 2731 1154 2735 ’
1160 2734 1346 2800 percipi
1359 2751 1507 2798 posse

484 2827 615 2861 arcte
643 2817 902 2864 cohaerent.
948 2819 1101 2864 Recte
1146 2817 1293 2879 igitur
1338 2830 1505 2862 omnes

482 2893 660 2948 nostri,
686 2894 1071 2957 Viennensisque
1098 2906 1344 2957 receptum
1372 2893 1503 2941 ordi-

483 2985 592 3016 nem
636 2968 849 3019 firmant.
887 2998 955 3007 —
989 2975 1122 3018 Pete.
1142 2971 1222 3017 vis
1248 2971 1318 3016 ita
1347 2972 1497 3038 defin.

482 3066 514 3095 a
533 3049 734 3108 Stoicis,
766 3062 859 3099 etc.
888 3052 962 3096 De
989 3051 1080 3097 hac
1107 3050 1385 3096 Stoicorum
1416 3052 1499 3098 de-

480 3125 706 3175 finitione
730 3140 951 3177 accurate
969 3129 1127 3192 agitur
1145 3127 1332 3176 Acadd.
1362 3132 1426 3184 11,
1448 3131 1497 3185 6,

479 3205 510 3268 S
536 3208 622 3265 18;
657 3208 749 3265 13,
776 3207 805 3272 §
839 3217 929 3264 40,
957 3199 1056 3267 41;“
1082 3210 1165 3264 26,
1194 3206 1223 3272 S
1251 3208 1338 3265 83,
1361 3209 1442 3262 84.

552 3285 600 3333 8.
629 3287 819 3333 Habent
851 3285 1000 3333 enim.
1018 3319 1058 3333 ..
1105 3284 1493 3349 disputationem.

479 3365 641 3412 Vertit
672 3366 878 3429 interpr.
911 3366 1141 3428 gallicus:
1174 3381 1264 3411 car
1280 3382 1334 3411 66
1349 3364 1498 3412 serait

478 3459 571 3490 une
594 3442 780 3507 disputo
810 3443 842 3490 ὰ
861 3460 924 3491 ne
938 3462 1031 3507 pas
1047 3444 1178 3511 fim'r
1198 3443 1243 3491 .ςί
1278 3443 1360 3491 τότ.
1400 3445 1496 3492 Sed

480 3538 698 3570 veremur
717 3535 773 3572 ut
795 3540 961 3570 verum
980 3539 1172 3571 sensnm
1194 3524 1492 3587 perceperit3

478 3618 588 3650 nam
613 3603 755 3650 nobis
780 3604 951 3651 Cicero
965 3604 1156 3651 videtur
1181 3599 1516 3650 Academico?

479 3697 584 3728 rum
612 3682 846 3730 librorum
873 3683 1167 3730 mentionem
1201 3682 1353 3728 facere
1369 3717 1384 3742 ,
1407 3680 1491 3727 ubi

477 3759 579 3807 haec
600 3761 794 3825 longius
816 3761 1139 3826 disputantur.
1159 3762 1239 3810 Cf.
1261 3772 1362 3810 not.
1379 3777 1486 3825 sup.

545 3855 597 3902 9.
637 3841 811 3888 Nescio
849 3857 945 3904 quo
972 3841 1114 3888 modo
1134 3839 1493 3903 praetervolavit

473 3918 647 3964 oracio.
676 3921 856 3967 Omnes
874 3914 1058 3980 nostri,
1080 3928 1270 3981 tresque
1284 3920 1487 3966 Oxonn.

475 3996 618 4042 modo
661 3997 930 4060 ignorant:
960 3997 1042 4046 sed
1083 4013 1203 4044 voce
1241 3998 1327 4044 ista
1365 3997 1418 4045 h.
1455 3998 1488 4043 1.

439 4094 444 4099 ·
474 4073 601 4121 hand
620 4086 747 4122 recte
767 4079 966 4126 carebis.
991 4077 1135 4124 Linea
1157 4075 1338 4123 scilicet
1357 4091 1490 4123 com-

474 4151 653 4213 pendio
679 4153 888 4204 detracta
919 4144 1017 4220 ᾆᾶἷ
1043 4157 1194 4220 ipsam
1218 4190 1231 4214 ,
1270 4167 1324 4203 nt
1357 4170 1489 4202 asso-

1596 2415 1689 2471 let,
1716 2417 1934 2465 exoulare
1952 2419 2082 2467 fecit.
2107 2422 2170 2469 G.
2216 2448 2267 2458 -
2290 2425 2477 2472 Oratio.
2493 2428 2615 2475 Scil.

1595 2510 1703 2558 quae
1748 2496 1910 2544 habita
1954 2497 2045 2544 fuit
2089 2497 2151 2546 de
2188 2500 2284 2548 1106
2326 2502 2578 2552 Paradoxo
2600 2521 2611 2552 :

1594 2575 1874 2639 Sapientem
1902 2594 2091 2641 semper
2116 2577 2330 2629 beatum.

1672 2670 1749 2704 10.
1792 2657 1939 2719 Quod
1971 2655 2070 2704 nisi
2109 2657 2182 2704 ica
2227 2657 2453 2728 efficitur.
2498 2655 2611 2710 Post

1595 2732 1690 2790 ita,
1718 2750 1821 2782 esse
1844 2734 2080 2783 excidisse
2107 2739 2225 2783 certi
2249 2754 2427 2786 sumno.
2451 2742 2612 2802 anm

1593 2813 1720 2859 enim
1750 2816 1948 2878 proprie
1972 2815 2279 2864 scribendum
2306 2830 2610 2876 esset‚·nam

1593 2892 1714 2950 nisi,
1737 2893 1834 2940 hoc
1859 2893 1924 2940 ita
1949 2909 2076 2952 6556,
2101 2891 2378 2954 efficitur»,
2408 2909 2578 2946 11116101·
2597 2934 2610 2957 ,

1591 2970 1792 3019 relativo
1817 2972 1977 3035 posito
1996 3007 2013 3031 ,
2038 2985 2139 3017 non
2167 2974 2353 3036 potnit,
2380 2975 2498 3037 quin
2524 2978 2610 3032 sic,

1589 3059 1642 3094 ut
1670 3048 1901 3106 diximus,
1919 3048 2164 3096 scriberet.
2194 3051 2316 3097 Nam
2334 3051 2469 3113 quod
2488 3054 2605 3101 Ern.

1589 3126 1659 3173 ita
1683 3126 1926 3174 abundare
1952 3127 2145 3185 statuit,
2171 3127 2223 3174 id
2253 3127 2373 3175 nihil
2393 3141 2481 3178 651.
2500 3132 2606 3179 Nec

1584 3204 1683 3253 hnc
1710 3205 1892 3253 faciunt
1920 3205 2094 3262 verba,
2133 3221 2241 3269 quae
2284 3224 2345 3254 ex
2372 3211 2606 3272 proximis

1581 3281 1773 3340 laudat,
1806 3301 1940 3342 «an,
1977 3285 2018 3331 5ἰ
2060 3283 2115 3330 id
2155 3285 2365 3349 probas,
2394 3287 2457 3333 ita
2499 3288 2603 3337 fieri

1583 3379 1726 3427 posse
1763 3381 1942 3428 negas»
1961 3379 1974 3412 :
1993 3363 2055 3411 ad
2082 3380 2191 3428 quae
2215 3382 2308 3414 1105
2330 3368 2462 3417 vide.
2492 3372 2602 3418 Hoc

1582 3453 1740 3491 autem
1764 3443 1876 3492 loco
1902 3461 1948 3490 v.
1979 3459 2105 3501 esse,
2129 3444 2262 3509 qnod
2290 3448 2433 3494 toties
2471 3448 2601 3496 obli·

1581 3532 1787 3571 tentum
1815 3523 2079 3586 reperitur,
2106 3534 2234 3572 recte
2249 3540 2351 3573 non
2379 3528 2563 3576 carebis
2587 3545 2599 3577 :

1584 3600 1722 3649 facile
1739 3617 1854 3648 vero
1873 3601 1968 3649 hoc
1990 3612 2100 3649 ante
2124 3601 2331 3668 ffce‘mr
2346 3607 2599 3654 exciderit.

1586 3680 1961 3743 G.—Intellige,
1991 3702 2012 3724 ιι
2031 3681 2137 3728 Nisi
2164 3683 2448 3745 probaveris
2474 3685 2598 3743 1106,

1551 3777 1756 3824 'nempe
1792 3775 1960 3806 omnes
1995 3761 2235 3824 sapientes
2271 3779 2371 3810 6556
2404 3763 2599 3822 beatos,

1581 3837 1868 3886 crediderim
1916 3853 1968 3885 ea
2007 3855 2116 3902 quae
2150 3840 2466 3905 Theophrast.
2503 3855 2595 3892 etc.

1579 3934 1688 3965 vera
1713 3933 1813 3966 6556
1838 3938 1882 3964 ι.

1655 4013 1735 4047 11.
1769 3999 1935 4044 Utrum
1963 3995 2117 4062 igitur
2159 3998 2246 4044 eibi
2279 4015 2373 4045 non
2398 4000 2567 4062 placet
2585 4041 2597 4060 ‚

1541 4097 1560 4110 ·
1581 4076 1735 4140 inquit
1754 4113 1768 4136 ,
1782 4073 1976 4123 virtutis
1994 4087 2180 4124 tantam
2200 4075 2304 4124 vim
2328 4093 2440 4125 esse.
2461 4080 2597 4128 Goer.

1579 4154 1725 4204 scrib.
1752 4165 1949 4202 «utrum
1972 4155 2120 4219 igitur
2148 4154 2263 4211 tibi,
2286 4157 2474 4220 inquit,
2504 4175 2602 4206 non

2144 4245 2259 4325 41.
