3217 4784
314 4091 347 4103 ..a

862 412 985 479 DE
1036 404 1211 478 ΜΝ.
1260 412 1468 481 Bou.
1526 412 1639 479 ΕΤ
1690 415 1906 481 MAI..
1953 417 2058 501 11,
2106 415 2170 485 3.

2452 417 2578 503 145

449 534 743 602 istorum
763 586 781 619 ,
814 546 938 601 aut
972 556 1122 618 non
1146 542 1207 577 ¹⁰
1241 534 1546 630 possim,
1577 534 2197 631 quemadmodum
2226 563 2308 611 ea
2336 539 2581 612 dican-

448 649 672 729 tur¹¹‚
700 643 1104 715 ostendere.
1138 646 1290 741 Ego
1331 668 1506 714 vero
1544 669 1696 715 non
1724 644 2007 734 dubito,
2035 651 2364 745 inquam,
2402 654 2583 748 quin

444 750 650 824 facile
696 757 924 852 possis
955 782 970 822 ε
1012 778 1151 824 nec
1187 768 1330 841 est,
1364 754 1566 851 quod
1598 769 1668 825 te
1708 755 1976 853 pudeat
2004 759 2308 856 sapienti
2342 784 2584 832 assen-

448 864 605 952 tiri,
641 868 767 961 qui
803 888 877 935 se
914 887 1149 950 unuS,
1186 865 1389 961 quod
1425 867 1678 952 sciam,
1722 870 2115 963 sapientem
2144 869 2471 968 profiteri
2491 875 2586 944 sit

447 990 686 1043 ausuS.
727 975 914 1043 Nam
967 973 1468 1044 Metrodorum
1519 999 1671 1045 non
1721 990 1983 1075 putant
2034 980 2271 1076 ipsum
2313 980 2588 1080 profes-

446 1106 608 1153 sum
634 1093 729 1167 ¹²3
751 1081 913 1171 sed,
934 1106 1163 1178 quum
1195 1083 1682 1181 appellaretur
1705 1084 1796 1156 ab
1828 1087 2170 1185 EpicurO‚
2206 1090 2584 1187 repudiare

448 1205 729 1261 tantum
768 1189 1208 1263 beneficium
1247 1194 1590 1265 noluisse.
1635 1199 1930 1293 Septem
1970 1212 2211 1269 autem
2253 1202 2388 1289 illi,
2434 1228 2591 1275 non

448 1325 615 1385 suo,
646 1300 771 1371 sed
806 1302 1248 1399 populorum
1284 1302 1631 1403 suffragio
1659 1309 1988 1378 omnium
2018 1312 2367 1383 nominati
2400 1329 2587 1385 sunt.

451 1412 719 1480 Verum
758 1409 899 1482 hoc
934 1411 1098 1484 loco
1129 1438 1338 1485 sumo
1361 1470 1380 1501 ‚
1417 1413 1657 1486 verbis
1699 1415 1812 1486 his
1850 1416 2178 1488 eamdem
2215 1436 2412 1493 certe
2444 1423 2590 1493 vim
2627 1445 2660 1495 8

448 1520 837 1620 voluptatis
884 1524 1277 1620 Epicurum
1332 1518 1654 1613 nosse¹3‚
1705 1549 1922 1620 quam
1973 1541 2272 1598 ceterOS.
2313 1533 2588 1603 Omnes

445 1772 555 1820 dem
568 1770 701 1819 binis
711 1770 895 1819 nostris
911 1780 960 1817 et
978 1771 1110 1818 Crat.
1130 1768 1475 1828 confirmatum

446 1867 592 1916 quam
618 1868 645 1898 a
671 1852 883 1899 Grutero
912 1860 1179 1913 receptam,
1214 1864 1318 1897 non
1350 1848 1477 1896 bene

447 1933 611 1979 navis.
632 1948 695 1979 ex
713 1930 847 1979 inani
867 1930 949 1978 illa
969 1945 1109 1977 causa
1135 1929 1318 1992 rejicit,
1336 1927 1472 1992 quod

449 2009 617 2057 eadem
648 2012 817 2073 paucis
843 2020 958 2074 post
986 2019 1216 2058 recurrat.
1254 2009 1314 2056 Id
1344 2008 1473 2057 enim

447 2088 607 2136 movit
627 2090 693 2136 V.
718 2091 783 2136 D.
810 2099 861 2137 ut
887 2104 1061 2136 vocem
1088 2088 1219 2137 haud
1241 2103 1474 2152 agnosce·

449 2177 547 2226 ret,
576 2182 679 2230 quo
702 2183 805 2215 eam
829 2184 922 2215 nos
948 2169 1099 2232 magis
1119 2169 1263 2216 etiam
1286 2168 1474 2231 ample-

448 2248 641 2296 ctimur.
679 2249 803 2309 Quis
834 2250 963 2295 enim
990 2250 1175 2308 nescit,
1204 2248 1394 2295 easdem
1421 2249 1474 2295 in

449 2343 671 2375 sermone
700 2338 848 2391 partt.
873 2327 936 2374 ab
960 2343 1043 2384 eo,
1073 2328 1158 2391 qui
1186 2326 1475 2390 respondet,

448 2405 559 2453 data
587 2421 734 2470 opera
752 2442 767 2467 ,
802 2406 958 2473 repeti
984 2408 1138 2455 solere
1154 2410 1176 2455 ἱ·
1207 2406 1395 2455 Clarius
1421 2406 1475 2453 id

447 2495 616 2533 nostro
662 2500 726 2532 ex
772 2485 1004 2534 idiomate
1045 2486 1251 2550 patebit.
1301 2484 1473 2534 Cicero

445 2564 586 2611 vultu
605 2563 861 2628 malignius
879 2564 1160 2612 subridente
1178 2581 1239 2611 ex
1257 2566 1476 2628 Torqua-

447 2652 501 2690 to
527 2643 724 2705 querit,
756 2659 939 2691 numne
964 2644 1032 2691 ita
1062 2659 1173 2691 vere
1198 2644 1473 2706 Epicurus?

446 2722 571 2769 Tum
596 2723 656 2769 T.
677 2723 758 2781 Ε]
771 2721 1047 2787 gleichsam
1067 2722 1144 2770 als
1163 2722 1224 2770 ob
1249 2721 1327 2771 ich
1349 2722 1475 2771 mich

445 2800 647 2848 deshalb
673 2817 735 2847 zu
761 2800 992 2848 schamen
1020 2801 1179 2849 Ῐιᾶετε.
1199 2834 1211 2846 .
1236 2835 1249 2849 .
1277 2804 1388 2851 Jam
1414 2804 1472 2852 C.

447 2882 527 2941 ly
558 2879 639 2927 ich
680 2877 761 2927 b1’n
801 2882 1097 2944 ilbersengt,
1141 2892 1238 2929 etc.
1286 2882 1438 2930 Vides
1458 2917 1474 2943 ‚

447 2958 663 3007 eumdem
700 2958 872 3005 ironias
908 2958 1124 3006 umbram
1162 2960 1327 3007 eadem
1355 2976 1478 3008 voce

448 3039 511 3086 ab
551 3049 760 3101 utroque
798 3048 929 3084 recte
970 3036 1162 3100 signari.
1209 3038 1478 3087 Probamus

449 3118 601 3182 igitur
626 3119 747 3164 Eru.
776 3128 827 3164 et
858 3118 1020 3163 Brem.
1059 3118 1145 3180 qui
1177 3132 1301 3165 vero
1337 3133 1478 3165 revo-

449 3206 638 3245 carunt.
666 3197 733 3243 G.

528 3290 613 3322 ιο.
664 3279 768 3320 Aut
799 3289 916 3320 non.
954 3272 1119 3335 Quaeri
1151 3272 1323 3333 liceat,
1352 3286 1478 3321 anne

448 3354 623 3418 potius
636 3369 699 3400 ae
717 3350 976 3415 legendnm
988 3387 1002 3410 ,
1019 3368 1170 3415 quum
1190 3353 1345 3400 latini
1364 3368 1480 3416 pro·

449 3435 555 3498 pria
580 3442 823 3479 structura
854 3430 1000 3495 quasi
1022 3447 1171 3479 vero.
1193 3466 1207 3480 .
1231 3468 1242 3480 .
1278 3448 1370 3493 ac,
1401 3433 1476 3479 vel

450 3524 501 3559 et
538 3527 638 3559 non
675 3511 900 3574 jungant.
947 3511 1023 3561 cf.
1064 3511 1267 3559 Turseli.
1312 3509 1478 3575 ibique

449 3593 713 3641 Schwartz.
741 3609 793 3656 p.
812 3592 933 3653 675,
952 3609 1051 3655 seq.
1082 3593 1191 3641 Nos
1215 3603 1344 3641 certe
1367 3592 1418 3640 h.
1440 3592 1474 3639 1.

451 3672 513 3721 de
521 3672 771 3738 particula
782 3683 869 3719 atet
886 3673 1085 3720 veritate
1098 3671 1393 3720 dubitamus.
1413 3671 1474 3718 G.

528 3769 548 3799 1
564 3768 612 3800 1.
670 3752 1093 3815 Quemadmodum
1136 3768 1197 3798 ea
1232 3751 1478 3799 dieantur.

450 3911 621 3960 Malim
656 3921 815 3959 tamen
851 3929 912 3960 ea
921 3949 938 3971 ,
983 3914 1017 3961 i.
1054 3930 1096 3961 e.
1134 3913 1280 3973 talia,
1317 3921 1479 3960 reten-

451 3998 556 4038 tum
572 4025 586 4049 ,
613 4007 764 4055 quum
791 3991 881 4039 ista
903 4008 964 4040 ex
991 4008 1255 4058 proegresso
1280 3992 1478 4039 istorum

454 4080 723 4124 correctum
742 4072 981 4119 videatur.
1004 4071 1207 4121 Accedit
1220 4106 1234 4129 ,
1252 4070 1386 4135 quod
1406 4072 1447 4117 εἷς
1463 4107 1478 4131 ,

454 4159 567 4210 post
594 4148 704 4202 me,
737 4148 851 4204 iste,
884 4149 991 4211 hic,
1021 4166 1130 4197 cnm
1162 4149 1370 4213 quadam
1398 4162 1476 4196 re·

652 4237 735 4301 ῙῙ.
795 4252 879 4294 Cic.
908 4270 1015 4313 pars
1047 4254 1191 4299 lenia.

1562 1769 1831 1818 dundantia
1859 1770 1976 1820 addi
2001 1773 2156 1835 solet,
2188 1785 2244 1822 ut
2269 1775 2452 1841 ubique
2475 1774 2587 1827 Π.

1561 1848 1671 1896 DD.
1696 1860 1886 1898 notant.
1917 1853 1980 1899 G.

1637 1944 1716 1977 ια.
1750 1929 1864 1977 Non
1887 1942 2076 1995 putant
2100 1931 2255 1996 ipsum
2275 1933 2409 1999 pros.
2452 1936 2587 1984 Goer.

1559 2023 1658 2055 non
1667 2020 1791 2072 puto
1811 2009 1906 2075 ''P-⁹·
1917 2009 2058 2075 profi
2076 2013 2210 2071 Jam,
2234 2013 2409 2077 inquit,
2447 2016 2592 2066 Grut.

1560 2103 1622 2134 ex
1645 2088 1747 2136 Pal.
1776 2104 1821 2149 1,
1834 2100 1957 2153 puto
1983 2100 2235 2155 notatum,
2262 2103 2312 2140 et
2338 2110 2431 2157 pro
2459 2095 2591 2159 vulg.

1548 2176 1738 2230 putant
1787 2168 2124 2230 reponendum
2141 2204 2158 2232 ,
2210 2171 2586 2222 commendavit.

1558 2245 1789 2292 Eamdem
1817 2246 2076 2295 lectionem
2109 2250 2284 2310 refert,
2311 2262 2488 2315 proeter
2514 2253 2591 2302 bi-

1540 2337 1654 2370 ·nos
1672 2321 1785 2371 illos
1797 2358 1811 2381 ,
1828 2325 1960 2372 Gnd.
1979 2341 2007 2371 2
2024 2359 2040 2384 ‚
2057 2336 2201 2390 atque
2220 2328 2286 2376 ita
2304 2330 2355 2376 in
2375 2333 2590 2394 margine

1560 2402 1693 2449 Crat.
1706 2403 1883 2450 Recte:
1904 2419 2014 2451 nam
2025 2403 2297 2467 professum
2314 2409 2383 2455 sic
2402 2411 2562 2473 capies
2574 2445 2588 2469 ,

1560 2492 1648 2540 ut,
1675 2480 1726 2527 in
1762 2492 1944 2529 rectam
1985 2486 2254 2533 orationem
2290 2488 2332 2535 si
2357 2491 2586 2549 mutaris,

1555 2558 1802 2624 professus
1821 2571 1945 2608 essee
1963 2573 2107 2610 sonet
2120 2596 2135 2621 ‚
2159 2575 2208 2612 et
2226 2563 2289 2612 ad
2313 2567 2590 2617 Metrodori

1561 2639 1863 2687 voluntatem
1899 2640 2187 2705 applicetur.
2217 2646 2342 2693 Nam
2380 2663 2455 2695 res
2483 2648 2589 2713 ipsa

1559 2734 1661 2766 non
1709 2731 1785 2767 est
1830 2721 2110 2783 opinionis,
2148 2723 2235 2771 sed
2280 2741 2391 2773 vere
2434 2728 2550 2776 facti
2572 2743 2586 2775 :

1561 2798 1685 2845 male
1702 2799 1817 2847 inde
1831 2811 2017 2862 putant
2040 2804 2285 2852 convenit.
2315 2831 2382 2841 —-
2401 2806 2590 2853 Metro-

1561 2876 1713 2924 dorus
1731 2890 1832 2926 erat
1849 2880 2078 2943 princeps
2098 2880 2451 2946 discipulorum
2472 2884 2590 2947 Epi·

1561 2957 1693 3013 curi,
1711 2973 1822 3004 cum
1843 2971 1943 3020 quo
1965 2958 2228 3005 arctissima
2251 2958 2461 3006 amicitia
2473 2959 2589 3019 iun·

1562 3035 1783 3097 gebatur.
1812 3038 1890 3083 Ex
1912 3051 2012 3099 quo
2041 3036 2307 3099 Epicurum
2333 3038 2502 3096 novit,
2525 3037 2587 3086 ab

1562 3130 1624 3160 eo
1651 3130 1914 3177 numquam
1936 3130 2024 3177 per
2043 3125 2195 3162 totam
2216 3116 2365 3162 vitam
2388 3116 2483 3164 nisi
2502 3134 2588 3167 sex

1562 3208 1753 3240 menses
1772 3191 1997 3240 dlvertit:
2016 3190 2140 3240 obiit
2158 3205 2321 3240 annos
2341 3204 2482 3242 natus
2502 3196 2586 3256 53,

1563 3283 1748 3335 septem
1795 3282 1907 3320 ante
1951 3287 2107 3320 annos
2156 3289 2302 3337 quam
2349 3272 2588 3339 EpIeurus

1563 3352 1737 3400 obiret.

1641 3432 1724 3480 13.
1758 3430 1926 3478 Verbis
1952 3428 2069 3479 his..
2086 3468 2099 3480 .
2116 3466 2128 3478 .
2157 3448 2309 3481 nosse.
2335 3437 2470 3485 Goer.
2499 3455 2588 3487 no.

1563 3521 1701 3557 tasse.
1723 3511 1828 3571 Ita,
1852 3508 2041 3572 inquit,
2065 3525 2124 3558 ex
2147 3510 2347 3573 Davisii,
2363 3513 2590 3564 Ernestio

1562 3589 1785 3653 probata,
1803 3589 2098 3648 conjectura,
2109 3604 2201 3653 pro
2217 3588 2414 3654 vulgato
2427 3609 2590 3652 nosse,

1563 3667 1812 3722 dedimus,
1835 3667 2021 3731 quippe
2038 3667 2172 3732 quod
2195 3684 2256 3715 ex
2276 3671 2591 3735 compendio,

1562 3745 1742 3795 lineola
1773 3744 1991 3810 neglecta
2008 3779 2024 3806 ,
2051 3747 2242 3810 pravari
2271 3747 2342 3796 sic
2365 3749 2591 3800 facillime

1565 3829 1807 3893 potuerit;
1823 3836 1879 3874 ut
1896 3825 2013 3874 item
2028 3840 2158 3890 saepe
2176 3824 2363 3873 notatio
2381 3842 2444 3875 ex
2456 3828 2592 3877 notio

1567 3908 1709 3956 solet.
1731 3907 1858 3955 Nam
1871 3920 1926 3953 ea
1950 3905 2076 3952 ratio
2090 3940 2107 3967 ,
2123 3920 2268 3970 quam
2287 3904 2404 3955 iniit
2416 3907 2592 3966 Brenni,

1567 4001 1772 4052 quaque
1789 3982 1980 4033 anthia
1990 3983 2172 4048 placet,
2196 3995 2254 4032 ut
2274 3999 2418 4032 voces
2435 3985 2595 4033 vertis

1567 4066 1644 4113 lu's
1665 4066 1716 4112 in
1744 4064 1899 4127 glossa
1922 4073 2185 4126 ponantur,
2213 4062 2373 4109 minus
2391 4061 2458 4129 ad
2474 4079 2592 4110 eon-

1568 4154 1699 4193 κατι
1720 4140 1965 4193 convenit.
1990 4140 2110 4190 Haec
2129 4143 2257 4190 enim
2283 4154 2344 4186 ex
2361 4154 2594 4205 pregre·-

2271 4244 2352 4293 10
