3217 4784
717 470 854 543 332

1404 472 1500 539 M.
1552 471 1631 541 Τ.
1683 462 2174 539 CICERONIS

712 609 827 667 rat
869 621 885 664 :
927 593 1200 691 quippe
1248 595 1378 688 qui
1439 616 1533 663 ne
1593 588 2233 689 reprehensionem
2295 580 2591 678 quidem
2646 581 2840 677 vulgi

717 708 1005 775 inanem
1032 699 1534 789 reformidanS,
1567 703 1645 771 in
1670 704 1824 799 ipsa
1850 698 2050 769 curia
2069 692 2334 765 soleret
2360 690 2595 790 legere
2623 714 2836 788 saepe,

717 812 895 884 dum
934 825 1226 884 senatus
1266 824 1685 908 cogeretur,
1717 806 1898 880 nihil
1956 827 2192 903 operae
2241 799 2653 901 reipublicae
2706 799 2835 870 de-

718 922 1047 1012 trahens3
1087 945 1240 1019 quo
1269 916 1566 1018 magis²⁶
1603 935 1756 992 tum
1804 922 1878 989 in
1917 936 2201 987 summo
2221 913 2470 1000 otio²7‚
2501 914 2838 982 maxima-

715 1058 860 1130 que
898 1033 1127 1130 eopia,
1146 1032 1355 1130 quasi
1387 1029 1694 1103 helluari
1724 1022 1925 1101 libris
1942 1018 2031 1113 ²⁸,
2065 1024 2124 1096 si
2163 1023 2306 1094 hoc
2332 1022 2554 1094 verbo
2590 1023 2666 1092 in
2690 1035 2834 1092 tam

645 1165 679 1217 8
715 1143 902 1216 clara
937 1166 1016 1214 re
1069 1140 1422 1214 utendum
1470 1155 1578 1213 ost
1601 1194 1622 1229 ,
1662 1136 2067 1211 videbatur.
2117 1130 2336 1223 Quod
2385 1157 2618 1231 quum
2662 1131 2839 1203 acci-

710 1330 852 1383 nncis
876 1330 1104 1380 includit.
1134 1333 1296 1389 Hanc,
1328 1327 1516 1392 inquit,
1541 1324 1730 1375 adnite-

712 1411 865 1458 rinam
901 1426 1005 1459 esse
1018 1445 1034 1469 ,
1068 1409 1376 1457 vehementer
1408 1405 1726 1472 suspicamur.

710 1492 1036 1554 Praeterqusm
1083 1488 1211 1537 enim
1234 1522 1250 1548 ,
1302 1486 1441 1552 quod
1490 1499 1729 1549 nnsqnsm

711 1568 828 1618 alibi
878 1569 932 1617 in
974 1568 1222 1618 Ciceronis
1264 1565 1458 1631 scriptis
1512 1563 1693 1628 legitur
1715 1598 1731 1623 ,

709 1647 938 1712 ignorant
960 1663 1066 1696 esm
1091 1662 1287 1710 quoqne
1314 1644 1421 1695 Pal.
1453 1659 1500 1702 ι,
1523 1643 1653 1707 spir.
1681 1652 1733 1690 et

708 1728 827 1778 Erl..
854 1727 1129 1793 Eademque
1166 1736 1389 1774 manente
1427 1739 1530 1772 non
1570 1721 1730 1770 solum

708 1808 880 1879 putide
905 1802 1192 1875 ταυτολογίσ.
1225 1805 1278 1852 in
1301 1803 1462 1851 verbis
1475 1836 1491 1861 ,
1522 1818 1615 1849 nee
1642 1817 1728 1849 sa-

711 1886 830 1936 tiara·
851 1897 1077 1952 poterae,
1117 1885 1269 1942 inest,
1309 1882 1395 1931 sed
1429 1883 1574 1929 etism
1608 1895 1728 1938 nec,

709 1983 819 2032 (με
851 1963 1189 2029 distinguentis
1217 1973 1314 2022 est,
1343 1961 1467 2009 msle
1499 1959 1731 2025 probsbi·

711 2056 791 2093 tur
809 2058 822 2092 ε
850 2060 960 2091 mm
977 2044 1019 2091 si
1037 2040 1330 2090 inexhausta
1349 2039 1413 2088 sd
1429 2040 1729 2104 praeteritnm

709 2133 899 2187 tempus
919 2120 1165 2183 retuleris,
1187 2131 1236 2169 et
1260 2130 1355 2167 sae.
1377 2128 1481 2182 poe.
1513 2116 1577 2170 sd
1601 2132 1729 2181 pro-

708 2216 818 2252 sens
843 2210 891 2246 et
914 2200 1163 2263 futurum,
1198 2211 1247 2248 et
1272 2200 1376 2264 ipse
1399 2195 1696 2262 argntsberis
1712 2230 1728 2256 ,

708 2288 758 2326 et
801 2288 1051 2332 auctorem
1089 2278 1296 2351 ineptire
1336 2279 1499 2327 facies.
1542 2278 1727 2328 Contu

706 2374 826 2407 vero
863 2374 988 2407 voce
1016 2359 1110 2408 ista
1145 2360 1286 2409 facile
1321 2358 1537 2417 carebis,
1575 2371 1727 2427 quum

707 2437 867 2505 ipsum
917 2438 1045 2486 illud
1086 2439 1291 2487 nimium
1311 2473 1327 2497 ,
1371 2436 1509 2502 qnod
1553 2444 1728 2483 auctor

707 2517 914 2580 exprimi
937 2518 1069 2579 vult,
1096 2521 1149 2567 in
1176 2506 1312 2568 nudo
1341 2504 1494 2567 subst.
1522 2514 1730 2563 aviditas

705 2596 838 2644 insit.
862 2598 1022 2660 Quam
1042 2599 1085 2645 si
1109 2597 1368 2659 abjeceris,
1392 2596 1578 2665 reliqna
1599 2592 1728 2641 bene

706 2674 942 2723 coibunt:
971 2687 1076 2724 tum
1096 2677 1225 2724 enim
1251 2692 1341 2724 nee
1357 2710 1371 2733 ,
1397 2687 1448 2723 ee
1471 2690 1568 2722 non
1591 2672 1727 2721 vaie-

704 2753 780 2802 bit
790 2789 808 2817 ,
821 2765 870 2802 et
883 2752 946 2801 sd
962 2753 1163 2811 saciari,
1180 2753 1392 2819 legendo
1411 2750 1728 2817 cogitandum

705 2833 816 2888 erit,
835 2831 1000 2891 Adde,
1013 2832 1149 2896 quod
1165 2843 1357 2893 auctor,
1369 2833 1411 2883 si
1426 2831 1728 2880 inexhausta

704 2913 938 2961 voluisset
960 2948 978 2976 ,
1029 2911 1162 2963 haud
1215 2911 1365 2960 dubie
1411 2911 1683 2974 scripsisset
1707 2923 1723 2957 ε

705 3003 876 3041 «erat.
901 3029 913 3040 .
936 3026 950 3040 .
984 2991 1038 3039 in
1077 3006 1138 3039 eo
1178 2989 1466 3039 inexhausta
1500 2987 1724 3052 quaedam

703 3071 907 3120 aviditas
935 3070 1155 3137 legendi,
1188 3081 1245 3120 ut
1276 3069 1439 3119 satiari
1469 3084 1573 3116 non
1607 3084 1726 3132 pos·

704 3162 776 3199 set
794 3175 840 3199 ιο.
880 3155 1063 3201 Anisut
1098 3162 1260 3201 antem
1306 3149 1477 3199 scriba
1510 3145 1726 3196 efficacis

701 3230 938 3292 adiectivs
963 3229 1172 3292 addere,
1203 3246 1413 3295 quornm
1443 3224 1727 3291 exemplum

702 3310 805 3355 off.
833 3311 933 3367 111,
962 3325 1057 3372 29,
1086 3311 1207 3369 105,
1234 3311 1286 3358 in
1314 3324 1437 3357 voce
1463 3304 1729 3374 &erpi-ficati

704 3387 883 3436 residet
899 3400 914 3435 :
935 3402 1077 3450 quam
1090 3421 1103 3445 ‚
1118 3388 1197 3437 vel
1213 3389 1402 3437 numeri
1416 3403 1556 3436 cansa
1579 3386 1726 3451 plsne

702 3465 1024 3535 superfluam,
1054 3465 1307 3531 quomodo
1335 3467 1445 3515 VV.
1475 3469 1587 3515 Dl).
1624 3467 1727 3513 sine

702 3546 839 3590 omni
859 3540 1032 3601 νοθείας
1056 3545 1336 3617 suspicione
1356 3545 1612 3594 admittere
1630 3559 1724 3609 po·

703 3622 910 3685 tuerint,
936 3623 1080 3688 plane
1105 3625 1351 3676 miramur.

777 3700 861 3751 26.
889 3705 997 3766 Quo
1018 3701 1176 3769 magis
1197 3702 1327 3751 idem
1344 3703 1476 3751 valet
1496 3719 1555 3751 sc
1570 3718 1725 3767 qnan-

704 3792 759 3829 to
784 3782 962 3846 megin
1005 3783 1400 3846 interrogationis
1433 3782 1583 3847 igitur
1606 3790 1725 3828 nota

706 3860 798 3907 fuit
821 3860 1061 3909 addenda.
1090 3861 1228 3909 st.
1247 3887 1318 3898 —-
1335 3863 1534 3927 Optime
1562 3870 1726 3908 umen

704 3938 783 3987 vel
837 3939 942 3987 sine
998 3938 1380 4005 interrogatione
1436 3939 1537 3989 loc.
1582 3938 1729 3987 intel-

704 4016 890 4082 ligitur.

777 4114 861 4159 ²7·
889 4099 949 4144 In
973 4113 1159 4145 summo
1181 4097 1295 4146 otio.
1320 4097 1452 4148 Gud.
1482 4116 1523 4155 ι,
1555 4097 1603 4145 in
1625 4096 1729 4161 ipso

701 4176 802 4227 otio
825 4194 1011 4228 summo
1031 4194 1052 4227 .·
1093 4176 1223 4228 unde
1261 4193 1450 4228 summo
1489 4178 1727 4242 glossema

1809 1320 2045 1384 judiceris
2062 1351 2080 1379 ‚
2120 1316 2258 1381 qnod
2298 1315 2403 1381 ipso
2451 1315 2727 1365 extr-aserit-
2769 1315 2836 1362 G.

1888 1400 1971 1449 28.
2008 1395 2229 1446 Helluan‘
2263 1393 2417 1444 Ie'bn's.
2454 1395 2516 1442 In
2557 1403 2675 1442 vett.
2717 1390 2837 1441 edd.

1815 1478 1976 1528 helluo
1997 1476 2247 1525 mmmm.
2273 1471 2401 1522 eod.
2422 1473 2589 1535 anst.
2605 1470 2840 1521 belluas-is

1817 1550 1960 1621 libr&
1977 1573 2040 1605 ex
2058 1570 2158 1623 qno
2174 1588 2189 1612 ,
2212 1552 2356 1619 plsne
2373 1549 2639 1609 mendoso,
2666 1551 2834 1599 Lsmb.

1816 1637 1948 1698 conj.
1984 1632 2193 1683 helluari
2239 1630 2404 1679 libros.
2443 1630 2579 1677 Goer.
2614 1626 2837 1676 defendit

1818 1715 2058 1784 vulgatam
2073 1746 2088 1769 ‚
2111 1713 2206 1760 nisi
2228 1708 2363 1775 quod
2388 1706 2578 1757 heluat-i
2592 1722 2703 1754 cnm
2727 1706 2833 1754 sols

1816 1795 1850 1844 l.
1872 1795 2001 1860 Spir.
2027 1790 2203 1856 inquit,
2224 1800 2273 1839 et
2298 1788 2397 1836 Erl.
2424 1787 2691 1848 vnlgstsm,
2719 1801 2834 1849 qno

1816 1892 1881 1925 ex
1894 1876 1928 1923 J
1930 1890 2004 1922 os.
2024 1870 2199 1934 scalig.
2218 1867 2327 1917 cod.
2347 1865 2507 1924 fluxit,
2520 1863 2833 1913 confirment:

1815 1964 2011 2017 eratque
2026 1950 2195 2003 endem
2209 1950 2262 1996 in
2278 1946 2380 1997 Psi.
2405 1961 2451 1996 1.
2462 1947 2588 1996 Nam
2601 1944 2633 1993 11
2652 1955 2701 1993 et
2718 1944 2749 1992 b
2765 1944 2832 1991 its

1815 2030 2051 2080 similibus
2076 2023 2319 2091 στοιχείοις
2342 2026 2394 2073 in
2418 2025 2611 2090 scriptis
2628 2025 2835 2088 pingun-

1816 2122 1911 2170 tur,
1920 2121 1975 2158 ut
1988 2108 2170 2157 centies
2182 2123 2271 2172 per
2282 2121 2333 2152 se
2343 2103 2572 2168 distingui
2584 2102 2726 2168 plene
2733 2116 2834 2149 non

1814 2192 2019 2257 possint.
2045 2187 2245 2251 Reliqui
2280 2185 2435 2233 nostri
2472 2200 2584 2233 cnm
2611 2180 2834 2245 reliquis,

1814 2270 1959 2319 heluo
2010 2267 2125 2317 libri
2136 2301 2152 2325 ,
2197 2265 2348 2329 idque
2390 2263 2504 2312 inde
2552 2271 2833 2324 corruptum

1813 2348 2039 2415 putabis,
2063 2344 2201 2411 qnod
2217 2379 2232 2404 ‚
2252 2341 2437 2409 syllaba
2457 2341 2504 2389 η’
2514 2375 2530 2401 ,
2548 2356 2660 2404 qna
2676 2338 2836 2388 verbis

1815 2427 2016 2493 psssivis
2046 2421 2339 2488 superscribi
2375 2436 2403 2467 a
2438 2418 2648 2466 librariis
2685 2417 2835 2476 solet,

1813 2506 2057 2571 neglecta,
2080 2518 2116 2549 a
2147 2502 2201 2548 in
2226 2515 2256 2547 ο
2289 2507 2527 2546 mutatum
2556 2506 2655 2554 est,
2687 2505 2736 2542 et
2762 2497 2835 2542 sie

1811 2586 1968 2634 litters
2015 2597 2041 2629 s
2091 2582 2146 2629 in
2202 2577 2335 2626 libris
2383 2575 2612 2624 eonsnlto
2659 2573 2830 2623 reciss.

1812 2662 1981 2712 Lsmb.
2004 2659 2151 2708 libros
2177 2655 2407 2720 corrigit,
2430 2669 2639 2716 eumque
2666 2652 2831 2715 seqni-

1811 2753 1893 2791 tur
1912 2740 2101 2798 Bremig
2122 2735 2209 2784 sed
2226 2744 2362 2783 certo
2391 2749 2454 2781 ex
2471 2732 2610 2779 vitio.
2629 2729 2838 2780 Heluan'

1810 2821 1940 2871 enim
1991 2832 2094 2866 non
2148 2815 2243 2864 nisi
2296 2813 2358 2863 de
2410 2811 2575 2860 fluidis
2618 2810 2798 2858 dicitnr
2818 2846 2833 2870 ‚

1811 2899 1948 2949 verbi
1971 2912 2112 2946 csnss
2125 2931 2143 2959 ‚
2165 2893 2366 2950 vinum,
2390 2889 2681 2958 sanguinem
2699 2923 2716 2950 ,
2734 2901 2833 2940 etc.

1809 2993 1955 3046 atque
1991 2976 2106 3026 inde
2140 2989 2341 3040 qnoque
2365 2983 2467 3033 est,
2498 2970 2636 3036 qnod
2667 2973 2705 3018 F
2705 2980 2837 3019 estus

1807 3059 1940 3108 idem
1998 3057 2061 3105 sb
2111 3055 2269 3104 eluere
2325 3052 2540 3102 deducit.
2599 3076 2667 3089 -
2720 3050 2834 3097 Μο-

1809 3156 1888 3189 ser
1920 3137 2040 3187 dicit
2077 3135 2169 3184 sibi
2202 3143 2482 3198 suspectum
2510 3146 2613 3179 esse
2660 3127 2835 3177 helua-

1793 3219 1859 3268 ἱνί
1891 3233 2004 3266 cnm
2028 3215 2243 3264 ablativo
2268 3228 2409 3270 cssn,
2445 3208 2706 3273 malletque
2742 3207 2833 3255 lte-

1811 3296 1946 3346 Iuan'
1986 3295 2038 3343 in
2082 3292 2213 3342 libris
2229 3310 2249 3340 .-
2277 3290 2408 3339 idem
2432 3297 2573 3337 notat
2609 3302 2623 3337 ε
2660 3288 2833 3351 scripsi

1813 3373 2037 3435 hel-«ari,
2071 3389 2178 3423 non
2214 3384 2269 3421 nt
2308 3371 2595 3437 plerumque
2624 3366 2707 3426 fit,
2734 3366 2835 3415 hel-

1814 3454 1972 3514 luari,
2006 3453 2070 3501 sd
2113 3461 2409 3518 praeceptnm
2436 3445 2748 3497 Grotei'endii
2783 3444 2836 3493 in

1814 3535 2034 3598 orthogr.
2071 3533 2177 3591 lat„
2214 3529 2245 3597 §
2282 3543 2403 3588 ιω,
2429 3543 2540 3575 eum
2566 3540 2667 3590 quo
2700 3526 2835 3575 conf.

1816 3621 1936 3672 Ald.
1968 3621 2180 3671 Munatii
2215 3619 2433 3681 orthogr.
2464 3631 2520 3680 p.
2544 3614 2634 3672 463
2661 3611 2836 3662 Cellsr.

1819 3702 2039 3767 orthogr.
2100 3701 2185 3749 lat.
2235 3716 2290 3763 p.
2345 3697 2443 3751 248
2461 3729 2478 3756 ,
2526 3691 2605 3742 ed.
2654 3690 2837 3743 Est-les.

1818 3781 2070 3840 Noitenii,
2097 3780 2193 3828 lex.
2227 3772 2484 3827 Antibsrb.
2519 3788 2571 3836 p.
2603 3785 2674 3831 qn
2698 3786 2834 3834 seqq.

1819 3861 1985 3909 Vossii
2041 3857 2140 3924 (G.
2178 3854 2278 3919 J.)
2331 3850 2549 3917 Etymol.
2584 3848 2708 3912 ling.
2751 3849 2836 3900 ist.

1819 3957 1873 4005 p.
1904 3941 2037 3997 246,
2062 3948 2111 3985 et
2152 3935 2236 3999 qni
2267 3933 2427 3997 primo
2452 3930 2567 3978 loco
2593 3927 2841 3979 advoc-n.

1820 4020 1912 4068 dus
1954 4017 2084 4073 fuit,
2137 4019 2325 4062 Festum
2381 4009 2443 4060 de
2483 4009 2629 4058 'vet-b.
2678 4011 2839 4074 signu.

1817 4116 1868 4163 p.
1890 4114 2042 4157 tut,
2071 4094 2149 4142 ed.
2178 4092 2408 4157 Scaliger.
2444 4089 2579 4139 Add.
2601 4092 2844 4150 Bennian

1819 4193 1934 4237 nus,
1965 4175 2026 4224 de
2043 4173 2222 4238 origin.
2244 4174 2298 4223 L.
2321 4174 2375 4222 1..
2394 4189 2445 4239 p.
2470 4186 2590 4236 792.
