3217 4784
739 409 862 475 DE
915 406 1089 475 FIN.
1143 406 1346 473 ΒΟΝ.
1399 405 1512 472 ΕΤ
1562 407 1776 474 MAL.
1830 410 1925 490 v,
1977 430 2080 474 ιι.

2339 408 2477 505 589

342 528 478 600 Sed
513 542 703 599 certe
753 553 940 626 opus
992 541 1100 597 est
1137 550 1218 596 ea
1280 526 1511 596 valere
1547 540 1621 597 et
1658 528 1936 624 vigere,
1972 538 2088 599 et9
2120 532 2480 603 naturales

344 652 586 708 motus
624 661 943 734 ususque
973 635 1275 721 habere,
1307 650 1389 705 ut
1432 660 1567 706 nec
1595 635 1780 707 absit
1807 636 1984 734 quid
2015 664 2267 709 eorum
2287 694 2307 726 ,
2348 666 2481 712 nec

345 772 648 843 aegrum,
701 746 1243 818 debilitatumve
1286 746 1377 815 sit
1407 771 1423 814 :

1468 743 1539 814 id
1577 747 1769 816 enim
1810 763 2065 820 natura
2106 749 2485 822 desiderat.

344 860 467 926 Est
523 860 737 927 etiam
804 858 991 927 actio
1043 853 1370 951 quaedam
1396 864 1459 898 ¹⁰
1517 859 1879 954 corporiS‚
1928 884 2087 957 quae
2131 876 2371 933 motus
2415 878 2486 933 et

347 981 575 1037 status
607 981 878 1037 naturae
898 979 1384 1061 congruentes
1411 979 1611 1037 tenet
1633 968 1742 1036 :iu
1771 966 2039 1064 quibus
2066 972 2125 1040 si
2153 987 2489 1068 peccetur

349 1077 774 1147 distortione
815 1092 884 1146 et
929 1075 1440 1173 depravatione
1490 1075 1799 1173 quadam
1827 1132 1846 1164 ‚
1892 1093 2017 1149 aut
2055 1095 2302 1169 motu,
2347 1098 2487 1153 sta-

353 1204 519 1257 tuve
558 1184 975 1271 deformi¹¹,
1020 1200 1100 1256 ut
1145 1187 1202 1255 si
1254 1200 1378 1255 aut
1416 1185 1751 1256 manibus
1797 1186 2242 1284 ingrediatur
2287 1193 2488 1288 quisi,

350 1312 473 1368 aut
501 1323 648 1368 non
687 1311 884 1383 ante,
912 1296 1037 1367 sed
1071 1311 1268 1367 retro
1300 1323 1316 1364 τ
1355 1295 1603 1393 fugere
1637 1297 1848 1394 plane
1868 1322 1944 1369 se
1974 1299 2162 1395 ipse,
2202 1314 2275 1370 et
2297 1354 2315 1384 ‚
2352 1300 2488 1371 ho-

353 1412 620 1479 minem
656 1433 744 1478 ex
771 1407 1068 1478 homine
1098 1430 1372 1476 exuens
1392 1416 1480 1492 ¹²,
1505 1421 1836 1477 naturam
1869 1405 2103 1478 odisse
2138 1408 2484 1481 videatur.

353 1517 849 1608 Quamobrem
905 1521 1120 1588 etiam
1159 1519 1507 1587 sessiones
1542 1516 1905 1613 quaedam,
1942 1533 2013 1589 et
2053 1516 2220 1589 flexi
2256 1517 2491 1591 fracti·
2584 1587 2591 1592 .

354 1654 499 1725 que
547 1644 817 1713 motu5‚
866 1627 1114 1723 quales
1152 1641 1659 1723 protervorum
1697 1626 2111 1714 hominum,
2147 1643 2272 1700 aut
2315 1630 2490 1700 mol-

356 1737 528 1806 lium
568 1761 722 1807 esse
768 1734 1046 1821 solent,
1100 1749 1356 1806 contra
1404 1751 1734 1808 naturam
1783 1752 1999 1808 sunt:
2047 1754 2168 1826 ut,
2213 1740 2491 1811 etiamsi

355 1848 576 1915 animi
620 1847 795 1915 vitio
848 1843 922 1915 id
985 1846 1301 1932 eveniat,
1338 1861 1576 1916 tamen
1631 1848 1707 1917 in
1769 1871 2073 1943 corpore
2123 1852 2487 1920 immutari

357 1955 670 2026 hominis
708 1969 961 2026 natura
1001 1954 1348 2026 videatur.
1387 1961 1642 2053 Itaque
1677 1983 1717 2029 e
1751 1957 2197 2030 contrario¹3
2241 1960 2488 2031 mode·
2528 1977 2595 2030 36

357 2181 455 2227 boc
476 2178 615 2227 facile
641 2196 703 2227 ex
730 2195 898 2227 eorum
920 2180 1223 2244 inspectione
1242 2178 1384 2226 intel-

358 2258 445 2321 ligi
463 2273 635 2321 poeee;
658 2258 722 2304 ita
751 2270 806 2306 ut
832 2258 996 2306 omnia
1032 2256 1152 2306 fiant
1187 2256 1384 2321 perepi-

361 2354 449 2385 cua
470 2373 485 2399 ,
514 2339 554 2385 ei
597 2347 710 2401 poet
744 2336 1053 2402 intelligatur
1081 2334 1386 2385 subaudieris

362 2434 423 2464 ex
441 2415 690 2480 praecedd.
712 2436 738 2459 ιι
754 2433 900 2479 quem
914 2417 991 2464 hae
1003 2432 1137 2464 omn.
1150 2426 1308 2479 partes
1320 2414 1385 2461 ed

364 2515 413 2544 n.
429 2514 475 2545 a.
494 2498 593 2543 sint
606 2496 951 2559 ».-Pmpriae.
977 2499 1173 2559 Ignorat
1199 2495 1330 2543 Gud.
1351 2510 1380 2540 α

359 2576 569 2641 propria.-
583 2592 602 2622 .·
621 2575 708 2622 sed
728 2563 892 2624 scriba
914 2575 1014 2623 hoc
1042 2575 1134 2622 alia
1160 2574 1280 2622 serie
1310 2574 1385 2620 in-

366 2655 674 2719 terpolant,
697 2670 801 2703 non
826 2655 1042 2718 hac‚qua
1069 2664 1180 2718 epte
1208 2668 1316 2700 cnm
1338 2652 1388 2699 vi

367 2738 585 2799 ponitur.
619 2735 802 2782 Mirum
842 2746 998 2782 tamen
1032 2744 1135 2792 eet,
1166 2732 1389 2780 eumdem

368 2815 481 2862 cod.
507 2815 635 2862 idem
666 2815 771 2878 pari
802 2813 955 2861 modo
985 2813 1194 2876 abjicere
1216 2812 1385 2859 Divin.

370 2896 433 2956 n,
464 2911 549 2956 72,
574 2895 694 2941 150:
717 2916 742 2936 ιι
763 2896 927 2955 Quum
951 2903 1109 2940 autem
1139 2893 1390 2957 proprium

368 2973 432 3021 eit
447 2972 746 3028 Academia,
766 2970 1009 3031 iudicium
1038 2985 1177 3017 suum
1206 2970 1393 3017 nullum

367 3047 677 3115 interponet-‘e
687 3071 729 3096 υ.
744 3055 812 3098 At
827 3060 1040 3111 utroque
1056 3049 1172 3096 loco
1187 3049 1396 3096 scribam

372 3131 581 3194 aliquem
617 3127 821 3178 sciolum
871 3127 993 3188 (nou
1027 3126 1159 3175 bunc
1185 3126 1399 3185 codicia,

373 3211 458 3272 qui
493 3221 624 3257 totus
662 3208 726 3255 ab
763 3206 986 3272 exemplo
1031 3221 1123 3254 eun
1153 3204 1388 3270 pendet),

374 3305 434 3337 ex
466 3300 724 3336 structura
747 3287 884 3335 verbi
911 3298 986 3334 est
1020 3303 1132 3334 cum
1174 3283 1393 3333 secundo

375 3384 489 3416 casu
515 3366 710 3422 notitia,
741 3365 1035 3427 adjectivum
1069 3365 1281 3412 otiosum
1303 3379 1393 3427 pu-

376 3457 500 3496 tane
535 3445 762 3494 videtur:
798 3455 975 3492 neutro
1004 3443 1134 3491 euim
1157 3442 1272 3491 loco
1306 3441 1393 3489 ed·

370 3529 554 3587 jectivo
595 3525 692 3573 hoc
743 3523 998 3571 caruerim-
1039 3524 1224 3572 Noetro
1278 3521 1394 3569 loco

376 3604 581 3664 accedit,
594 3601 728 3667 quod
740 3601 1038 3666 haeproprioe
1058 3601 1271 3648 hominis
1288 3616 1398 3663 par·

377 3696 449 3733 tet
463 3720 479 3744 ‚
498 3685 643 3746 hujus
664 3699 761 3731 non
772 3681 1005 3746 propriis,
1022 3682 1105 3730 sed
1132 3679 1398 3730 accidenti-

377 3764 484 3824 bus,
496 3762 673 3824 valere,
684 3762 965 3826 vigere,etc.
979 3771 1316 3826 opponuntur.
1333 3761 1396 3808 G.

449 3861 499 3906 9.
526 3844 595 3889 Ee
630 3842 902 3890 naturales.
942 3842 1006 3888 Be
1029 3842 1145 3889 Eru.
1182 3856 1244 3886 ex
1283 3836 1397 3887 odd.

379 3922 548 3984 primia
569 3937 620 3969 ee
649 3920 893 3974 addictis-0
920 3920 1040 3970 dicit
1070 3937 1084 3967 ε
1107 3929 1157 3966 et
1182 3918 1401 3967 eundem

375 4000 476 4058 jam
525 4000 689 4049 Deris.
736 4015 801 4048 ex
825 3999 974 4052 ,bini-
1022 3993 1152 4055 ὠὴ,
1196 3998 1401 4061 elii-que

381 4077 588 4125 aliorum
609 4078 762 4127 codd.
784 4088 1093 4143 reposuerat,
1111 4086 1402 4138 servantque

381 4156 538 4219 ipsam
559 4173 586 4204 e
605 4159 782 4206 nostrie
803 4169 1029 4222 quatuor.
1057 4159 1122 4205 G.

1549 2197 1626 2230 to.
1667 2185 1760 2230 Est
1784 2183 1931 2231 eriam
1955 2182 2082 2230 aceio
2120 2183 2368 2246 quoedam.
2392 2182 2495 2231 nrt.

1472 2271 1522 2308 et
1557 2261 1686 2324 Spir.
1708 2283 1733 2302 «ι
1752 2272 1823 2308 eat
1847 2273 2010 2310 antem
2033 2262 2177 2309 etiem
2197 2283 2223 2303 ι·
2243 2295 2258 2321 ,
2283 2273 2332 2310 et
2361 2261 2493 2310 Gud.

1475 2354 1503 2385 2
1529 2356 1642 2387 eum
1656 2341 1941 2403 Ven.1494‚
1954 2343 2084 2390 Cret.
2103 2341 2210 2388 aliie
2222 2356 2315 2405 pro
2331 2342 2496 2400 etiam,

1472 2416 1599 2465 enim
1643 2418 1847 2484 prebet.
1890 2418 1985 2467 Sed
2022 2418 2203 2466 haeeere
2243 2418 2416 2466 scribae
2442 2420 2494 2468 in

1473 2498 1623 2545 eriam
1665 2499 1939 2546 transitioui
1992 2498 2259 2552 serviente.
2309 2506 2359 2545 et
2401 2512 2495 2562 pro

1469 2592 1620 2641 porro
1646 2579 1824 2642 potita.
1849 2579 1912 2626 G.

1552 2671 1571 2702 1
1587 2671 1634 2706 1.
1688 2659 1792 2704 Aue
1837 2666 1970 2703 motu
1988 2689 2004 2713 ‚
2049 2666 2233 2703 smum
2275 2652 2497 2719 desonnt’.

1477 2737 1687 2783 Goerenz
1703 2735 1872 2783 scribit
1894 2748 1907 2781 τ
1930 2750 1994 2782 ac
2017 2744 2164 2783 motu.
2187 2734 2267 2782 Sic
2282 2767 2299 2791 ,
2316 2732 2501 2797 inquit,

1480 2831 1649 2863 omnes
1671 2816 1853 2872 nostri,
1885 2824 2060 2879 preter
2096 2814 2254 2861 solum
2284 2811 2415 2860 Gud.
2445 2828 2495 2872 a,

1481 2896 1722 2960 praebenu
1737 2895 1883 2958 idque
1895 2894 2054 2942 multo
2072 2905 2143 2941 eat
2158 2893 2499 2956 meline‚qunm

1482 2974 1559 3023 bie
1577 2992 1658 3023 vv.
1682 2999 1706 3018 ιι
1727 2974 2017 3022 distortione
2032 2982 2081 3019 et
2107 2971 2455 3034 depravatione
2474 2991 2500 3011 ι·

1482 3055 1804 3117 explicentur.
1830 3054 2007 3098 Praom
2029 3060 2187 3097 autem
2216 3049 2413 3113 proprie
2440 3047 2503 3095 de

1484 3131 1739 3180 arboribus
1760 3129 1978 3177 dictor-tie
2000 3128 2098 3176 dici
2125 3126 2347 3188 videtur;
2373 3126 2503 3174 unde

1479 3210 1665 3258 „holin
1702 3205 1883 3263 σκολιὸς
1913 3218 1961 3255 et
1994 3202 2280 3274 διάστροφος
2303 3222 2415 3254 cnm
2442 3221 2503 3253 eo

1480 3300 1780 3352 comparant.
1799 3287 1930 3335 Hinc
1946 3287 2000 3335 h.
2020 3286 2055 3333 l.
2073 3285 2361 3349 depravatio
2387 3300 2498 3334 cum

1481 3366 1771 3415 discor-tione
1784 3365 1911 3414 idem
1925 3366 2053 3414 valet
2065 3380 2080 3427 3
2091 3380 2239 3428 quare
2252 3363 2505 3427 virgulam,

1482 3462 1592 3511 qna
1606 3446 1755 3511 vulgo
1766 3456 1879 3510 poet
1888 3444 1986 3494 hoc
1994 3443 2506 3511 ponitur-,eustnlimum

1565 3534 1650 3567 12.
1688 3516 1944 3565 Hominem
1971 3533 2038 3564 ex
2080 3514 2274 3564 homine
2310 3531 2508 3564 exuens.

1487 3600 1628 3648 Goer.
1659 3591 1842 3661 tremp.
1864 3609 2050 3643 exueres
2067 3594 2310 3643 hominem
2335 3610 2403 3642 ex
2420 3593 2509 3642 Ιιο·

1489 3676 1634 3726 mine.
1686 3676 1889 3731 Melior,
1930 3674 2118 3739 iuquit,
2168 3674 2358 3738 positus
2398 3684 2471 3722 eet
2494 3707 2509 3728 .

1488 3771 1633 3820 quem
1671 3755 1802 3820 Spir.
1846 3764 1895 3802 ct
1928 3753 2027 3802 Eri.
2055 3752 2291 3816 prebent.
2321 3752 2451 3801 Gud.
2480 3768 2509 3799 n

1487 3847 1703 3898 utroque
1723 3834 1838 3881 loco
1856 3847 2038 3880 exuens
2059 3833 2317 3895 repetitum
2346 3830 2508 3895 ponit.

1488 3914 1670 3962 Scribit
1688 3912 1909 3962 ordinem
1933 3911 2181 3976 vulgatum
2206 3910 2371 3959 deberi
2387 3942 2403 3965 ,
2429 3926 2515 3958 ne·

1491 4009 1571 4041 mo
1599 3993 1743 4041 facile
1766 3991 2028 4041 dubim-bit.

1568 4073 1650 4121 13.
1670 4072 1716 4119 Ε
1730 4069 1986 4119 coavat-io.
2011 4072 2107 4118 Hic
2122 4101 2138 4128 ,
2156 4069 2252 4117 uisi
2268 4066 2412 4133 plene
2428 4066 2514 4113 fel·

1493 4152 1658 4210 limur,
1696 4149 1830 4199 eolus
1865 4148 1997 4214 apud
2023 4148 2127 4199 Cic.
2160 4147 2300 4194 locun
2331 4157 2432 4201 eet,
2465 4144 2517 4192 in
