3217 4784
676 343 771 430 64
1348 360 1444 425 M.
1491 363 1569 426 T.
1619 364 2104 438 olcERoms

675 465 1293 544 fuisse¹²?Ut1-um
1320 476 1615 571 iginii-¹³
1661 488 1980 579 percurri
2012 512 2303 561 omnem
2344 496 2630 590 Epicuri
2680 497 2776 568 di-

677 581 1045 677 sciplinam
1087 581 1358 678 placet3
1397 610 1488 656 an
1517 585 1606 659 de
1639 616 1782 662 una
1818 594 2184 693 voluptate
2219 604 2477 696 quaeri,
2518 602 2610 675 de
2641 630 2784 701 qua

677 713 892 760 omne
937 704 1299 761 certamen
1345 696 1494 765 est?
1519 702 1677 768 Tuo
1718 725 1891 773 vero
1942 703 2012 773 id
2065 705 2397 802 quidem,
2435 712 2730 808 inquam
2757 765 2777 796 ‚

676 798 1133 869 arbitratum.
1163 804 1275 872 Sic
1315 800 1565 876 faciam
1602 809 1844 904 igitur,
1878 813 2160 910 inquit:
2209 842 2422 888 unam
2468 843 2619 890 rem
2666 847 2784 891 ex-

679 905 998 1003 plicab0,
1044 932 1345 1008 eamque
1372 917 1778 989 maximam.
1811 925 1919 992 De
1947 921 2261 1020 physicis
2287 927 2495 1016 alia5‚
2525 944 2597 1001 et
2627 933 2785 1026 qui·

677 1013 842 1085 dem
903 1014 1032 1087 tibi
1075 1032 1146 1090 et
1194 1020 1746 1098 declinationem
1790 1032 1996 1101 istam
2037 1046 2479 1122 atomorum,
2522 1053 2595 1110 et
2635 1064 2785 1110 ma·

676 1123 1127 1220 gnitudinem
1185 1131 1354 1203 solis
1400 1133 1767 1230 probabo,
1799 1153 1872 1209 et
1919 1144 2312 1215 Democriti
2350 1163 2618 1236 errata,
2685 1148 2777 1219 ab

677 1234 983 1331 Epicuro
1032 1240 1467 1334 reprehensa
1497 1298 1519 1331 ‚
1577 1260 1650 1316 et
1699 1265 2020 1320 correcta
2066 1253 2530 1346 permulta¹⁵.
2572 1259 2785 1328 Nunc

678 1340 908 1413 (licam
971 1344 1061 1417 de
1111 1348 1520 1448 voluptate3
1564 1355 1743 1426 nihil
1795 1359 2059 1431 scilicet
2099 1366 2314 1452 novi,
2357 1389 2439 1436 ea
2495 1380 2777 1453 tamen,

679 1476 839 1548 quae
869 1468 938 1525 te
965 1457 1203 1551 ipsum
1243 1459 1719 1555 probaturum
1764 1489 1917 1539 esse
1959 1471 2336 1544 confidam.
2385 1476 2631 1561 Certe,
2681 1478 2786 1543 in-

678 1589 893 1660 quam
917 1622 935 1654 ,
972 1573 1299 1665 pertinax
1327 1598 1477 1646 non
1503 1600 1671 1667 ero;
1706 1579 2017 1677 tibique,
2062 1586 2122 1654 si
2145 1584 2322 1654 mihi
2359 1584 2778 1683 probabis¹⁶

573 1714 639 1765 29
676 1701 794 1765 ea,
842 1704 1003 1775 quae
1047 1679 1273 1769 dices,
1318 1682 1628 1758 libenter
1670 1693 2042 1762 assentiar.
2096 1693 2462 1781 Probabo‚
2498 1697 2771 1792 inquit':

676 1785 894 1857 modo
917 1788 1048 1858 ista
1077 1790 1172 1859 sis
1197 1796 1529 1887 aequitate
1550 1849 1570 1883 ‚
1613 1821 1830 1892 quam
1860 1800 2178 1873 ostendis
2203 1812 2283 1872 ¹⁷.
2323 1802 2465 1875 Sed
2491 1807 2597 1874 uti
2627 1828 2781 1875 ora·

676 1896 876 1967 tione
920 1904 1269 1995 perpetua
1300 1901 1526 1988 malo,
1569 1929 1786 1999 quam
1830 1909 2307 2007 interrogare,
2338 1926 2463 1983 aut
2491 1914 2786 1985 interro·

673 2007 843 2099 gari.
889 2009 989 2075 Ut
1031 2006 1303 2101 placet,
1334 2009 1653 2105 inquam.
1691 2017 1894 2085 Tunc
1920 2014 2157 2098 dicere
2193 2042 2487 2092 exorsus
2531 2035 2658 2092 est.

748 2196 828 2231 η.
851 2185 922 2231 Ac
944 2198 1044 2230 me.
1063 2216 1080 2233 .
1100 2216 1114 2231 .
1141 2199 1305 2234 cemes
1320 2184 1427 2235 leae
1447 2182 1689 2237 dictarem

664 2260 866 2324 fuisse?
891 2261 1133 2310 Vacillant
1151 2263 1299 2313 codd.
1326 2265 1380 2312 in
1400 2268 1502 2322 Aa·
1519 2277 1685 2331 atque,

673 2356 736 2387 ac
773 2350 824 2388 et
863 2356 930 2387 an
970 2341 1269 2390 exhibentes.
1295 2346 1597 2393 Postremum
1625 2363 1688 2395 ex

672 2417 801 2466 binis
825 2418 923 2467 suia
944 2418 1098 2467 edidit
1119 2422 1284 2470 Davis.
1322 2422 1416 2471 Sed
1445 2423 1579 2473 nulla
1613 2437 1688 2475 est

672 2498 943 2548 mutatione
968 2515 1107 2564 opus.
1124 2501 1395 2550 Offendunt
1409 2502 1595 2551 librarii
1609 2538 1626 2564 ,
1647 2506 1688 2552 si

672 2589 731 2625 at
766 2578 818 2626 in
846 2578 1224 2643 interrogatione
1258 2582 1467 2646 positam
1502 2583 1688 2633 vident.

671 2656 754 2709 Ad
794 2673 986 2716 censes,
1023 2659 1208 2722 cogites
1237 2676 1299 2708 ne
1320 2694 1336 2718 ‚
1388 2676 1500 2724 que
1542 2663 1688 2710 toties

671 2735 984 2801 intelligenda
1001 2748 1090 2785 est.
1112 2737 1326 2786 Cf.infra
1351 2755 1412 2787 ιο
1430 2773 1445 2795 ,
1459 2742 1553 2797 34:
1574 2743 1688 2788 »Tu

671 2825 768 2863 tam
794 2815 1010 2879 egregios
1051 2817 1183 2865 viros
1218 2833 1383 2867 censes
1418 2828 1578 2867 tantas
1611 2834 1688 2866 res

670 2895 867 2961 gessisse
886 2896 989 2944 sine
1009 2910 1153 2945 causa
1170 2898 1193 2945 P
1216 2914 1239 2940 a
1264 2899 1327 2947 G.

746 2976 825 3022 13.
878 2976 1044 3023 Utrum
1071 2974 1236 3040 igitur.
1285 2977 1404 3023 Haec
1451 2975 1688 3040 interpres

669 3054 869 3118 gallicus
890 3052 1031 3118 fingit
1069 3071 1095 3103 a
1129 3057 1382 3118 Torquato
1408 3053 1536 3112 dici,
1580 3071 1688 3102 ver-

670 3136 852 3197 titque,
878 3134 937 3182 ela
965 3133 1073 3182 bien
1087 3137 1109 3180 !
1133 3132 1336 3197 repra-1²1
1346 3166 1362 3191 ‚
1394 3143 1489 3180 etc.
1517 3131 1687 3196 quod,

672 3212 889 3275 quamvis
905 3211 1161 3276 probabile
1178 3213 1244 3260 sit
1263 3226 1324 3259 ex
1341 3210 1683 3275 sequentibus:

671 3310 698 3330 ιι
717 3300 829 3346 tuo,
853 3291 1051 3351 inquam
1068 3327 1084 3351 ,
1108 3290 1277 3338 arbitr.
1294 3312 1315 3333 ι
1331 3320 1347 3350 ,
1375 3302 1536 3339 tamen
1565 3288 1688 3337 nihil

673 3367 833 3416 obstat
870 3366 991 3429 quin
1034 3369 1138 3431 ipae
1174 3369 1345 3416 Cicero
1380 3382 1532 3432 quum
1564 3370 1686 3417 Tor·

672 3459 874 3512 quatum
898 3445 1060 3493 videat
1088 3446 1406 3511 disputationi
1432 3458 1652 3510 paratum
1671 3480 1687 3507 ‚

673 3527 735 3576 ab
774 3541 835 3573 eo
870 3536 1033 3589 petat,
1062 3524 1124 3574 de
1152 3541 1251 3589 quo
1277 3525 1522 3589 disputare
1551 3524 1688 3572 malit

673 3606 872 3667 ejusque
889 3602 1172 3651 arbitratum
1188 3620 1240 3651 se
1255 3612 1571 3667 sequntur-um
1585 3618 1689 3650 esse

675 3681 974 3749 profiteatur.

754 3770 830 3816 ιε.
864 3763 960 3809 Dm
977 3776 1098 3808 vero
1117 3761 1173 3809 e’d
1194 3761 1389 3825 quidem
1406 3796 1423 3821 ‚
1448 3759 1654 3824 inquam
1668 3795 1685 3817 ,

674 3841 932 3889 arbitratu.
961 3840 1111 3901 Quod
1130 3841 1171 3887 si
1188 3841 1239 3889 h.
1267 3840 1303 3888 l.
1321 3851 1516 3904 optare,
1543 3855 1690 3903 quam

666 3920 912 3982 judicare,
937 3918 1163 3966 malueris
1182 3955 1198 3982 ‚
1223 3920 1507 3981 conjecerim
1522 3954 1539 3980 ‚
1565 3938 1588 3960 ι
1611 3920 1689 3966 Tu

673 4014 789 4046 vero
805 4033 819 4045 .
840 4029 855 4045 .
874 4034 889 4048 .
943 3996 1176 4045 arbitratu
1216 4009 1303 4045 tuo
1319 4020 1362 4046 n.
1404 3997 1577 4061 Neque
1602 3996 1688 4045 de-

665 4086 827 4125 essent
865 4077 1077 4123 rationes
1096 4111 1111 4136 ‚
1146 4074 1326 4140 quibus
1367 4076 1474 4123 hac
1513 4074 1687 4145 conje-

1776 2201 1911 2239 ctura
1924 2208 2074 2256 quum
2095 2210 2157 2243 ex
2168 2196 2381 2245 auctoris
2400 2198 2656 2264 multiplici
2674 2212 2786 2261 usu,

1775 2280 1878 2318 tum
1904 2287 1968 2319 ex
1992 2273 2179 2321 aurium
2202 2274 2391 2334 judicio
2409 2311 2425 2334 ,
2453 2288 2556 2325 tum
2592 2278 2788 2326 aliunde

1774 2350 1992 2412 adjuvari
2016 2364 2198 2417 posset.
2227 2353 2321 2401 Sed
2349 2355 2542 2417 vulgata
2563 2368 2673 2403 vera
2691 2367 2787 2416 est,

1775 2429 1816 2476 si
1840 2429 1949 2476 soni
1975 2428 2073 2476 vim
2090 2441 2138 2477 et
2157 2440 2374 2477 naturam
2392 2434 2699 2494 reputaveris.
2724 2435 2787 2483 G.

1852 2507 1932 2554 15.
1989 2506 2065 2554 Ab
2117 2507 2328 2571 Epicuro
2365 2507 2653 2570 reprehensa
2679 2544 2695 2568 ‚
2741 2522 2792 2559 ee

1773 2596 1990 2633 cometa
2005 2585 2269 2649 permulta.
2294 2584 2486 2633 Nollem
2513 2587 2672 2634 Bremi
2695 2587 2784 2636 de-

1764 2663 2009 2727 prehensa
2037 2663 2262 2711 suasisset
2288 2677 2302 2710 z
2327 2679 2438 2711 nam
2455 2680 2538 2714 w.
2565 2666 2655 2714 eibi
2669 2680 2791 2731 pro·

1773 2741 1898 2788 babo
1924 2741 1984 2791 ad
2010 2741 2117 2789 hoec
2143 2757 2339 2806 quoque
2365 2743 2611 2791 referenda
2637 2752 2753 2794 sunt
2771 2779 2787 2803 ‚

1773 2819 1870 2869 boe
1909 2820 2158 2868 sententiat
2204 2836 2334 2869 nexu
2361 2822 2398 2870 ⁸:
2456 2842 2479 2864 α
2529 2822 2656 2870 Nam
2697 2823 2788 2872 tibi

1771 2897 1995 2962 probabo
2015 2932 2029 2956 ,
2057 2910 2187 2947 recte
2222 2900 2484 2963 Epicurum
2521 2902 2790 2951 Democriti
2843 2920 2854 2959 ζ
2937 2968 2950 2975 Ἦ

1773 2992 1961 3025 errores
1980 2988 2028 3025 et
2056 2978 2414 3041 reprehendisse
2439 2978 2458 3040 (
2483 2993 2625 3041 quem
2649 2991 2707 3030 tu
2726 2980 2789 3028 ab

1774 3070 1835 3102 eo
1860 3057 2184 3119 vituperatum
2209 3072 2312 3104 esse
2337 3056 2584 3121 improbas
2604 3055 2635 3120 S
2656 3073 2716 3105 αι
2737 3058 2791 3121 ),
2881 3034 2890 3065 3
2939 3038 2970 3087 ‘'-

1773 3144 1824 3182 et
1841 3135 2106 3183 correxisse
2136 3135 2286 3199 (licet
2306 3151 2442 3191 eum,
2469 3148 2579 3199 quae
2605 3146 2787 3196 mutet,

1770 3228 1973 3278 pravare
1995 3213 2235 3277 dixeris),
2257 3214 2523 3277 permultos
2546 3235 2590 3260 n.
2622 3217 2712 3264 G..

1848 3293 1928 3340 16.
1965 3291 2218 3340 Pmbabe‘s.
2264 3307 2301 3338 s.
2350 3289 2394 3350 ξ.
2441 3302 2490 3340 et
2535 3293 2669 3342 Gud.
2722 3309 2750 3340 a
2773 3327 2789 3353 ,

1764 3370 2060 3435 probaveris.
2085 3371 2229 3418 Bene.
2251 3370 2460 3435 Vulgata
2473 3372 2793 3434 exprobat-is,

1775 3457 1830 3497 ut
1854 3449 1978 3496 solet
1998 3483 2013 3507 ‚
2043 3459 2148 3495 orta
2167 3448 2375 3497 videtur.
2393 3450 2456 3497 G.

1850 3543 1932 3588 ¹7·
1971 3530 2130 3591 Quam
2175 3526 2402 3576 ostende's.
2431 3530 2537 3576 Jac.
2571 3528 2790 3575 Gronov.

1776 3622 1876 3670 qua
1895 3640 1910 3665 ‚
1931 3605 2068 3670 quod
2085 3607 2300 3654 Juntinae
2318 3616 2389 3652 est
2409 3639 2425 3663 ‚
2447 3605 2783 3665 commendat:

1776 3685 1858 3732 sed
1885 3686 1939 3733 id
1975 3685 2056 3732 vix
2076 3683 2277 3731 latinum
2316 3683 2459 3731 fuerit
2481 3717 2496 3741 ,
2522 3684 2616 3730 nisi
2644 3694 2691 3731 te
2715 3685 2793 3730 in-

1777 3765 1945 3812 sueris.
1960 3765 2074 3813 Non
2093 3762 2374 3811 meminerat
2385 3763 2448 3809 V.
2464 3764 2525 3809 D.
2541 3776 2669 3826 sepe
2688 3762 2792 3810 Cic.

1778 3844 2028 3892 ostendere
2071 3842 2136 3889 ita
2174 3840 2435 3901 adhibere,
2462 3851 2546 3897 ut,
2574 3856 2714 3903 uprae
2739 3857 2791 3887 se

1776 3922 1897 3969 serre
1911 3954 1927 3979 ‚
1952 3919 2233 3985 promittere
2252 3917 2312 3965 de
2327 3934 2377 3965 se
2391 3940 2437 3977 υ,
2455 3927 2593 3964 notet
2608 3949 2624 3974 ‚
2640 3932 2790 3981 eaque

1774 4000 1824 4046 vi
1846 3999 2040 4062 posito,
2068 4012 2229 4044 accus.
2251 3997 2322 4043 rei
2346 3995 2477 4042 addi.
2502 3998 2566 4043 G.
2586 4021 2658 4031 —-
2678 3998 2788 4057 Qua

1777 4076 2017 4124 diceretur
2042 4090 2128 4138 per
2146 4074 2476 4121 attractionem
2490 4107 2504 4132 ,
2523 4083 2576 4121 ut
2600 4074 2751 4122 aiunt.

3103 4686 3203 4754 *A
