3217 4784
826 476 950 541 DE
1002 474 1177 541 FIN.
1234 475 1444 543 BON.
1490 474 1603 541 ΕΤ
1657 474 1867 541 MAI..
1918 473 2017 551 11,
2070 494 2181 563 27.

2434 469 2569 565 267

446 603 562 667 Me
624 597 845 693 igitur
891 598 1217 692 ipsum²7
1262 617 1457 664 ames
1512 608 1842 689 oportet,
1885 618 2035 663 non
2081 616 2272 676 mea,
2314 591 2371 661 si
2425 596 2573 661 veri

446 710 648 776 amici
687 704 912 775 futuri
947 728 1218 775 sumus„

539 818 832 886 XXVII.
870 814 1007 883 Sed
1032 816 1110 882 in
1148 810 1367 883 rebus
1405 812 1870 907 apertissimis
1903 812 2209 882 nimium
2239 809 2431 907 longi
2464 835 2577 882 su·

442 935 647 995 mus¹
688 952 705 993 :
746 922 1068 1022 perfecto
1109 924 1301 992 enim
1333 936 1405 991 et
1440 921 1856 1006 concluso²‚
1883 944 2123 1017 neque
2160 918 2573 1005 virtutibu5‚

442 1059 684 1130 neque
709 1033 1035 1103 amicitiis
1072 1055 1377 1128 usquam
1416 1028 1658 1101 locum
1697 1054 1884 1117 esse,
1921 1032 1981 1100 si
2012 1030 2101 1100 ad
2131 1030 2573 1128 voluptatem

445 1145 687 1213 omnia
730 1140 1166 1228 referentum
1214 1142 1394 1212 nihil
1444 1155 1791 1239 praeterea
1839 1164 2280 1238 magnopere
2325 1140 2574 1213 dicen-

445 1253 620 1322 dum
642 1248 691 1322 3.
738 1256 1072 1323 Attamen
1095 1252 1152 1340 4,
1191 1279 1282 1323 ne
1326 1253 1443 1323 cui
1485 1252 1649 1323 loco
1707 1276 1859 1322 non
1906 1249 2235 1321 videatur
2268 1276 2420 1322 esse
2457 1278 2570 1323 re·

444 1387 827 1459 sponsum,
873 1386 1099 1461 pauca
1134 1366 1348 1434 etiam
1387 1387 1585 1433 nunc
1633 1362 1866 1432 dicam
1901 1358 1993 1431 ad
2018 1360 2368 1456 reliquam
2406 1387 2565 1432 ora-

445 1476 723 1545 tionem
762 1489 982 1545 tuam.

539 1592 903 1680 Quoniam
922 1590 1141 1685 igitur
1157 1593 1392 1659 omnis
1416 1611 1697 1658 summa
1714 1574 2224 1684 philosophiae—'³
2252 1584 2341 1654 ad
2361 1583 2571 1656 beate
2609 1603 2678 1653 86

442 1786 608 1817 eorum
628 1780 677 1817 et
700 1770 1058 1818 fructuosorum
1071 1782 1128 1828 -3
1155 1766 1313 1830 glossa
1332 1782 1465 1813 nem·

442 1867 505 1913 pe
532 1851 603 1896 eie
626 1850 794 1909 juncta
820 1858 891 1895 est
917 1863 1030 1895 cnm
1058 1847 1288 1910 glossato.
1311 1848 1465 1895 Erne-

441 1927 612 1984 stium,
658 1927 743 1989 qui
764 1926 930 1985 jejuna
951 1940 1013 1971 ex
1034 1926 1221 1971 ratione
1248 1924 1308 1972 ad
1331 1924 1464 1989 prius

444 2004 686 2067 vulgatum
726 2016 843 2067 post
886 2003 1019 2049 Oliv.
1057 2003 1229 2063 rediit,
1258 2015 1368 2067 apte
1395 2020 1465 2051 re·

442 2081 698 2145 prehendit
715 2085 876 2131 Brem.
900 2085 1084 2130 Merces
1103 2084 1229 2131 enim
1249 2096 1337 2143 est,
1356 2101 1466 2149 que

445 2179 505 2208 ex
514 2159 761 2225 fructibus
781 2162 1077 2226 praediorum
1098 2164 1241 2211 redit.
1264 2167 1326 2211 G.

514 2256 600 2301 27.
638 2243 720 2287 Me
745 2241 896 2305 igitur
927 2241 1094 2305 ipsum.
1132 2244 1268 2291 Goer.
1299 2243 1469 2289 scribit

445 2338 523 2367 me
543 2320 696 2384 ipsum
722 2319 824 2385 igit.
847 2321 1080 2384 Vulgata,
1118 2324 1302 2385 inquit,
1337 2334 1409 2370 est
1442 2339 1469 2369 a

447 2402 593 2447 Grut.
642 2416 784 2462 quem
828 2400 943 2449 Ern.
981 2411 1029 2446 et
1075 2402 1232 2448 Brem.
1277 2402 1468 2465 sequuti

449 2490 587 2540 eunt,
614 2495 675 2525 ex
704 2479 805 2527 Pal.
837 2495 887 2528 1.
914 2475 1012 2527 Sed
1038 2496 1222 2543 prave:
1261 2483 1470 2530 retinent

448 2558 621 2621 reliqui
648 2568 695 2605 et
713 2558 880 2622 scripti
909 2568 957 2605 et
989 2574 1157 2607 omnes
1174 2560 1296 2608 editi
1333 2560 1470 2608 ordi·

446 2654 555 2684 nem
568 2637 830 2686 verborum
848 2654 978 2697 enm,
999 2656 1142 2703 quem
1161 2618 1474 2701 reduxirinu,

446 2733 594 2779 quum
610 2718 675 2764 eit
693 2717 756 2764 ad
773 2718 877 2764 haec
896 2729 1120 2767 contexta
1141 2719 1322 2784 aptior.
1342 2720 1471 2767 Vide

445 2810 591 2858 supra
617 2794 679 2841 ad
703 2797 754 2850 1,
795 2796 884 2853 18,
922 2797 1010 2844 61.

516 2875 732 2920 xxvn.
786 2886 830 2920 t.
870 2876 1053 2921 Sumus.
1102 2876 1230 2939 Spir.
1279 2888 1327 2924 et
1367 2877 1467 2925 Erl.

432 2952 619 3017 fin'mus
640 2969 659 2999 .·
682 2951 765 2999 sed
790 2951 980 3015 vulgate
1004 2954 1222 3000 auctoris
1241 2955 1350 3002 usui
1370 2972 1472 3002 ma·

448 3034 520 3093 gis
548 3030 830 3095 respondet.
854 3033 916 3079 G.

518 3126 567 3158 2.
595 3106 812 3174 Perfecto
860 3146 872 3157 .
896 3145 906 3155 .
931 3143 944 3156 .
982 3109 1225 3156 concluso.
1274 3111 1346 3157 De
1392 3112 1471 3159 his

448 3190 604 3235 verbis
621 3191 675 3235 in
704 3188 1039 3252 disputatione
1055 3188 1286 3236 adhibitis
1305 3202 1469 3237 exem-

446 3267 637 3330 plorum
657 3268 803 3314 silvas
830 3267 1027 3330 collegit
1044 3263 1305 3315 Mencken.
1326 3269 1471 3318 Obss.

446 3347 495 3391 in
510 3344 769 3412 perficere,
799 3355 846 3393 et
872 3344 1174 3393 concludere.
1203 3348 1264 3393 G.

517 3426 545 3471 3
557 3461 568 3471 .
588 3422 729 3471 Nihil
735 3434 980 3487 proeterea
999 3438 1297 3488 magnopere
1314 3423 1475 3471 dicen·

444 3503 574 3551 dum.
624 3504 758 3551 Goer.
802 3502 940 3549 addit
978 3513 1052 3548 est
1094 3513 1206 3550 ante
1238 3519 1469 3568 magnop.

448 3581 687 3645 Vulgata,
725 3581 917 3645 inquit,
958 3582 1083 3630 male
1117 3595 1192 3630 est
1234 3585 1428 3647 ignorat
1450 3616 1466 3641 ,

442 3660 578 3724 quod
606 3678 670 3709 ex
696 3661 826 3708 binis
870 3661 967 3709 illis
1004 3663 1211 3721 nostrie,
1267 3663 1469 3727 aliisque

446 3751 547 3788 tum
566 3740 762 3805 scriptis
780 3777 795 3799 ,
818 3751 922 3787 tum
948 3752 1068 3789 vett.
1086 3743 1301 3802 excusis,
1329 3745 1469 3792 resti-

444 3822 625 3868 tuimus
648 3834 661 3867 :
690 3819 961 3868 necessario
990 3822 1117 3869 enim
1141 3822 1202 3869 ad
1226 3823 1325 3870 loci
1343 3840 1469 3872 asse-

446 3901 742 3948 verationem
782 3901 1059 3965 requiritur.
1098 3903 1248 3950 Dedit
1292 3904 1465 3952 deinde

446 3980 612 4026 Davis.
642 3996 823 4044 magno
843 3998 986 4045 opere
1005 4000 1026 4038 ,·
1061 3998 1151 4029 nec
1178 3983 1315 4030 aliter
1334 3982 1465 4031 Gud.

450 4072 495 4101 2.
524 4058 618 4104 sed
640 4092 655 4114 ‚
687 4076 975 4125 quamquam
1017 4061 1133 4108 alibi
1164 4062 1233 4109 sic
1262 4075 1463 4111 auctor:

444 4130 541 4177 hoc
568 4144 699 4179 certe
718 4136 834 4184 loeo
859 4137 906 4183 id
929 4137 1050 4185 nihil
1074 4149 1159 4186 est.

518 4218 567 4267 15.
602 4215 843 4263 Attamen.
883 4218 1020 4264 Goer.
1053 4234 1114 4264 ac
1147 4228 1322 4266 tamen.
1346 4218 1458 4279 Sic,

1549 1766 1712 1829 inquit
1728 1799 1742 1821 ‚
1773 1781 1885 1812 cnm
1900 1766 2028 1829 Spir.
2051 1776 2100 1813 et
2119 1764 2219 1813 Erl.
2243 1779 2337 1828 pro
2356 1773 2576 1813 attamen

1551 1843 1774 1891 dedimus
1798 1878 1814 1902 ‚
1873 1853 1927 1890 ut
1959 1880 1972 1901 ,
2020 1844 2115 1891 hoc
2160 1858 2291 1890 nexu
2326 1878 2340 1901 ,
2393 1840 2577 1905 ubique

1550 1925 1650 1971 fere
1675 1925 1846 1972 Cicero
1866 1922 1968 1983 ,vel
1984 1934 2032 1970 et
2059 1934 2249 1981 tamen,
2269 1922 2461 1981 scribit,
2484 1940 2546 1970 ae
2563 1961 2576 1979 ,

1551 2004 1627 2051 vel
1643 2015 1693 2051 et
1702 2019 1794 2068 pro
1812 2003 1904 2050 sed
1921 2003 2094 2068 posita.
2111 2001 2280 2049 Solent
2295 2010 2452 2050 autem
2473 2010 2575 2048 tum

1550 2082 1722 2130 scribae
1744 2099 1806 2129 ac
1832 2094 1994 2130 tamen
2020 2082 2073 2129 in
2099 2092 2317 2129 attamen
2354 2095 2575 2127 corrum-

1551 2178 1682 2226 pere.
1708 2163 1783 2211 cf.
1811 2165 1948 2211 Orat.
1992 2164 2096 2218 111,
2144 2178 2203 2226 9,
2234 2160 2336 2209 35:
2371 2178 2393 2202 e
2426 2160 2574 2207 disci-

1551 2242 1699 2306 pulos
1721 2241 1977 2289 dissimilet
1994 2242 2120 2289 inter
2141 2257 2219 2302 se,
2237 2234 2445 2289 attamen
2475 2239 2577 2288 lau·

1555 2321 1745 2368 dandos
1767 2344 1817 2380 υ,
1865 2322 2079 2385 corriges
2098 2337 2160 2369 ex
2187 2322 2377 2385 optimo
2406 2319 2523 2367 cod.
2549 2335 2576 2365 a

1554 2398 1703 2447 nobis
1741 2399 1947 2456 collato,
1989 2416 2050 2445 ae
2095 2412 2294 2461 tame-113
2329 2399 2451 2445 ibid.
2482 2400 2541 2444 18
2561 2430 2577 2452 ,

1556 2479 1625 2526 66
1655 2492 1669 2525 :
1696 2498 1721 2520 α
1738 2478 1948 2525 Accedit
1968 2514 1981 2537 ,
2017 2477 2154 2540 qnod
2177 2477 2412 2526 orationis
2433 2478 2578 2524 etiam

1556 2572 1707 2620 genus
1729 2555 1910 2604 habent
1932 2557 2133 2604 fortasse
2155 2557 2360 2618 subtile,
2384 2567 2431 2604 et
2449 2567 2578 2604 certe

1555 2645 1753 2684 acutum
1769 2672 1782 2696 ,
1802 2636 1886 2683 sed
1899 2671 1913 2695 ,
1935 2637 2061 2683 utin
2081 2646 2271 2684 oratore
2291 2672 2303 2684 .
2324 2668 2340 2684 .
2362 2671 2376 2684 .
2404 2636 2578 2684 obscu-

1557 2732 1694 2773 rum,
1723 2716 1893 2775 inane,
1929 2716 2176 2776 jejunum,
2204 2726 2412 2764 attamen
2449 2718 2578 2775 ejus·

1558 2794 1717 2853 modi,
1745 2811 1844 2859 quo
1867 2796 1940 2843 nti
1976 2795 2037 2841 ad
2061 2794 2233 2859 vulgus
2254 2795 2394 2841 nullo
2431 2793 2579 2841 modo

1556 2875 1714 2939 possit
1731 2896 1776 2923 υ.
1806 2873 2004 2923 Schiitz.
2051 2874 2258 2920 mutavit
2294 2888 2355 2919 ex
2379 2874 2577 2935 ingenio

1556 2971 1620 3002 ac
1641 2966 1790 3002 totam
1809 2973 1829 3011 ,·
1850 2955 1936 3002 sed
1949 2971 2011 3002 ac
2036 2964 2196 3000 tamen
2211 2952 2577 3014 corrigendum3

1554 3045 1612 3081 ut
1631 3034 1761 3081 idem
1779 3034 1861 3080 hic
1890 3043 2018 3080 recte
2038 3032 2150 3078 fecit
2169 3033 2306 3077 Oret.
2329 3046 2357 3075 2
2377 3065 2390 3086 ,
2418 3030 2482 3088 6;
2509 3033 2576 3078 cf.

1559 3115 1618 3170 8,
1659 3113 1745 3159 26.

1630 3192 1676 3239 5.
1711 3190 1879 3236 Omnis
1905 3203 2090 3234 summa
2107 3184 2441 3248 philosophia.
2468 3188 2576 3234 Du·-

1558 3266 1794 3324 bitamus,
1840 3282 1965 3313 anne
2006 3266 2174 3329 potius
2214 3264 2343 3328 Spir.
2391 3274 2441 3311 et
2478 3267 2577 3313 Erl.

1556 3344 1789 3408 sequendi
1808 3344 1906 3391 sint
1922 3380 1937 3405 ,
1963 3345 2051 3407 qni
2077 3343 2367 3407 transposito
2388 3360 2579 3393 summa

1556 3422 1715 3470 omm's
1742 3424 1973 3471 referunt.
1991 3423 2109 3470 Non
2134 3420 2330 3485 quidem
2350 3432 2404 3469 ut
2424 3425 2578 3472 omnis

1556 3500 1620 3549 ad
1633 3500 1954 3566 philosophice
1971 3501 2232 3560 reseratum
2274 3517 2385 3549 nam
2403 3504 2578 3568 saepius

1556 3592 1728 3629 auctor
1747 3596 1934 3628 summa
1953 3580 2222 3628 communis
2232 3598 2254 3637 ,·
2286 3593 2334 3630 et
2373 3584 2476 3633 Fin.
2495 3588 2543 3632 V
2561 3620 2575 3642 ‚

1564 3667 1627 3717 14
1645 3696 1658 3719 ,
1698 3662 1763 3709 38
1795 3676 1809 3710 :
1837 3681 1864 3703 α
1885 3661 1938 3707 in
1963 3658 2162 3708 homine
2188 3672 2350 3710 antem
2393 3680 2576 3712 summa

1557 3742 1719 3789 omnis
1738 3741 1885 3789 animi
1921 3751 2024 3800 est,
2060 3752 2108 3789 et
2132 3740 2184 3788 in
2216 3742 2403 3801 animo,
2431 3745 2576 3799 retio-

1556 3821 1633 3868 nis
1652 3843 1694 3869 ιο.
1723 3822 1880 3867 Immo
1924 3836 2115 3867 summa
2155 3821 2207 3867 in
2255 3820 2334 3868 hie
2374 3822 2576 3887 aliisque

1553 3899 1677 3948 locis
1701 3900 1755 3946 id
1792 3898 1988 3959 dicitur,
2014 3920 2040 3940 κ
2068 3914 2169 3962 qno
2188 3916 2372 3947 summa
2400 3918 2477 3949 ree
2498 3919 2578 3950 re·

1555 3979 1658 4039 dit,
1700 3978 1935 4043 quodque
1973 3994 2166 4043 quaque
2205 3980 2256 4026 in
2285 3997 2336 4027 re
2368 3982 2578 4045 primum

1556 4060 1953 4123 praecipuumque
1985 4068 2056 4106 est
2075 4082 2115 4105 u.
2145 4058 2267 4106 Inde
2293 4060 2363 4107 vis
2392 4060 2441 4106 in
2465 4061 2579 4108 sub-

1555 4139 1768 4186 stantivo
1826 4139 1975 4201 magis
1999 4173 2013 4196 ‚
2053 4154 2198 4200 quam
2246 4139 2296 4185 in
2339 4138 2579 4198 adjectivo

1553 4217 1811 4281 qnaerenda
1835 4217 2038 4265 videtur.
2056 4220 2226 4281 Neque
2240 4217 2392 4265 ullum
2413 4219 2577 4267 locum
