3217 4784
887 462 1010 530 DE
1052 462 1226 533 FIN.
1275 464 1478 535 BON.
1532 465 1647 533 ET
1697 464 1912 532 MAL.
1967 467 2040 546 Ι,
2082 462 2147 533 3.

2493 463 2579 560 37

559 585 684 654 III.
745 585 1204 682 Quamquam
1252 589 1307 657 si
1351 586 1565 684 plane
1600 588 1701 657 sic
1737 595 2131 657 verterem¹
2168 586 2535 657 Platonem
2563 640 2583 675 ‚
2622 620 2654 672 7

467 709 593 764 aut
640 695 1134 780 Aristotelem,
1181 710 1263 766 ut
1302 711 1677 768 verterunt
1716 699 1946 767 nostri
1993 710 2225 793 poetae
2274 695 2586 785 fabulaS‚

464 801 689 889 male,
729 803 982 888 cred0,
1025 828 1339 875 mererer
1374 805 1467 876 de
1513 806 1695 876 meis
1752 805 2063 889 civibus,
2104 810 2158 875 si
2198 804 2289 877 ad
2333 831 2587 877 eorum

465 914 954 1009 cognitionem
1011 912 1250 984 divina
1301 915 1420 987 illa
1465 918 1750 1012 ingenia
1787 914 2267 988 transferrem.
2326 914 2463 988 Sed
2513 915 2588 987 id

465 1045 703 1118 neque
746 1019 884 1093 feci
919 1021 1156 1093 adhuc
1174 1034 1230 1111 ²,
1273 1049 1407 1095 nec
1455 1024 1629 1095 mihi
1673 1039 1947 1109 tamen,
1992 1050 2082 1096 ne
2127 1024 2418 1109 faciam,
2472 1029 2588 1096 in-

468 1130 850 1202 terdictum
873 1146 1073 1229 puto.
1113 1137 1344 1205 Locos
1371 1134 1663 1232 quidem
1695 1133 2043 1232 quosdam
2065 1188 2084 1218 ‚
2119 1136 2176 1205 si
2204 1134 2588 1219 videbitur,

468 1237 887 1312 transferam
905 1295 925 1327 ‚
967 1256 1038 1313 et
1066 1245 1375 1314 maxime
1401 1242 1493 1313 ab
1521 1244 1642 1329 iis,
1681 1268 1867 1340 quos
1892 1241 2113 1314 modo
2137 1240 2164 1286 ³
2199 1245 2588 1329 nominavi,

468 1374 698 1445 quum
734 1350 1100 1437 inciderit,
1127 1366 1214 1422 ut
1236 1352 1308 1423 id
1337 1367 1502 1451 apte
1530 1350 1689 1423 fleri
1718 1353 1943 1448 possit
1972 1377 1987 1419 ε
2031 1365 2113 1421 nt
2150 1350 2240 1422 ab
2271 1356 2592 1423 Homero

465 1461 784 1548 Ennius»,
827 1460 1154 1532 Afranius
1194 1485 1234 1532 a
1276 1461 1677 1533 Menandro
1715 1461 1896 1531 solet
1914 1466 1966 1529 ⁴.
2013 1463 2160 1531 Nec
2202 1459 2451 1549 vero⁵‚
2512 1477 2592 1532 nt

468 1584 714 1642 noster
776 1573 1125 1657 Lucilius,
1174 1570 1563 1658 recusab0‚
1621 1594 1770 1667 quo
1827 1574 2066 1639 minus
2123 1593 2375 1640 omnes
2434 1595 2591 1642 mea

460 1754 481 1791 l

535 1817 628 1864 111.
684 1831 729 1862 ι.
778 1816 1116 1879 Quamquam,
1158 1811 1204 1860 εἰ
1235 1812 1391 1877 plane
1417 1809 1487 1858 sic

464 1905 707 1942 venerem
734 1930 747 1942 .
770 1929 784 1942 .
807 1929 819 1940 .
857 1892 1014 1949 male,
1041 1891 1219 1948 credo,
1262 1906 1485 1939 mererer.

470 1973 630 2032 Hujus
654 1971 753 2020 loci
768 1971 971 2019 ironiam
986 1981 1114 2018 recte
1129 1969 1251 2018 vidit
1268 1969 1486 2018 Matthiae

468 2049 672 2099 Miscell.
716 2049 986 2114 Philologg.
1013 2048 1114 2097 vol.
1140 2050 1215 2107 11,
1252 2051 1382 2097 Part.
1426 2063 1446 2094 ι
1470 2080 1485 2107 ,

470 2142 585 2192 pag.
628 2127 695 2188 95
717 2163 732 2189 ,
778 2127 963 2174 collatis
1000 2127 1232 2192 exemplis
1254 2162 1268 2185 ,
1311 2125 1487 2189 quibus

473 2205 622 2253 credo
649 2205 820 2253 ironia
844 2208 1021 2264 servit,
1044 2221 1152 2269 qnae
1179 2205 1359 2269 ubique
1376 2216 1490 2253 sunt

426 2278 433 2289 '
470 2283 876 2348 frequentissima.
919 2282 1123 2331 Accedit
1146 2315 1162 2341 ,
1206 2282 1341 2346 qnod
1380 2294 1492 2330 ante

469 2360 538 2409 sie
560 2372 803 2409 verterem
827 2361 880 2407 in
907 2367 932 2416 4
960 2362 1079 2408 meis
1096 2376 1151 2408 se.
1164 2359 1491 2423 praemittitur,

469 2442 524 2489 in
559 2440 697 2505 quod
732 2439 918 2487 scilieet
957 2439 1203 2502 corrumpi
1235 2439 1385 2498 solet;
1434 2449 1492 2486 ut

469 2520 618 2584 igitur
656 2519 754 2566 hoc
797 2530 882 2567 aut
925 2518 1203 2567 addendum
1241 2518 1305 2566 sit
1337 2550 1351 2575 ‚
1404 2527 1489 2564 aut

470 2597 745 2657 fatendum,
772 2597 850 2645 vel
868 2598 1049 2646 scribas
1070 2598 1273 2645 ironiam
1293 2596 1485 2645 vidisse.

473 2677 792 2727 Posteriorem
836 2678 1071 2726 rationem
1119 2676 1454 2741 amplectimur
1473 2709 1487 2734 ,

471 2756 703 2821 quoniam
734 2755 895 2803 nullus
928 2756 1071 2803 nobis
1104 2759 1316 2804 auctoris
1351 2755 1490 2802 locus

471 2836 693 2882 innotuit
711 2868 727 2893 ‚
763 2833 847 2882 ubi
873 2844 1075 2897 utraque
1102 2851 1203 2883 vox
1229 2835 1372 2883 simul
1392 2850 1490 2898 po·

472 2913 563 2960 sita
585 2912 786 2975 legatur.
826 2911 943 2960 Nou
978 2913 1101 2961 bene
1142 2915 1292 2977 igitur
1328 2914 1490 2961 Bremi

473 3007 536 3039 ex
577 2990 708 3038 binis
744 2990 891 3039 codd.
936 2991 1115 3055 quibua
1154 3008 1205 3039 se
1249 2993 1393 3039 etiam
1426 2993 1484 3042 Ρ.

472 3071 622 3118 Mars.
648 3070 813 3128 addit,
855 3086 954 3116 non
987 3080 1098 3118 ante
1139 3071 1268 3119 male
1302 3072 1486 3119 intulit.

472 3148 601 3196 Nam
634 3164 722 3195 cur
760 3147 888 3195 idem
908 3146 970 3195 ab
1007 3147 1059 3197 h.
1094 3148 1128 3196 l.
1162 3149 1366 3196 ironiam
1396 3158 1491 3196 tam

473 3227 680 3275 alienam
704 3235 846 3290 putet
863 3260 878 3285 ,
894 3242 1093 3290 prorsus
1108 3226 1233 3275 nihil
1252 3226 1489 3275 videmus.

474 3304 792 3366 Gonjnnctivi
832 3313 990 3352 antem
1025 3315 1141 3351 sunt
1165 3304 1493 3368 optativorum

398 3407 403 3415 v
472 3398 742 3449 gracorum
757 3383 872 3431 loco
895 3382 1183 3446 accipiendi.
1199 3408 1269 3420 —
1289 3382 1412 3432 [Ha.
1434 3418 1445 3430 .
1469 3417 1483 3431 .

475 3458 804 3527 muffet-rem.
837 3461 1120 3527 Transfer-re
1142 3478 1205 3509 ex
1240 3464 1493 3526 peregrina

472 3541 639 3605 lingna
673 3541 923 3605 scriptoris
957 3539 1234 3604 ingenium,
1283 3551 1355 3588 est
1388 3554 1492 3588 ver·

473 3619 592 3669 bum
625 3620 686 3668 de
717 3620 868 3668 verbo
900 3629 1085 3668 vertere
1103 3653 1120 3681 ‚
1140 3619 1264 3668 nibil
1306 3619 1367 3668 de
1402 3636 1493 3669 suo

473 3699 701 3763 scriptori
729 3697 920 3748 addere.
1120 3734 1129 3751 ι

549 3791 599 3827 a.
638 3777 736 3825 Sed
769 3778 827 3827 id
848 3794 1002 3843 neque
1015 3775 1126 3843 feci
1158 3777 1337 3826 adhue.
1372 3780 1491 3829 Cre·

476 3854 614 3904 deres
638 3855 787 3914 hinc,
823 3873 927 3905 non
965 3873 1131 3906 verum
1170 3873 1271 3905 esse
1296 3893 1311 3918 ,
1353 3858 1490 3907 Cice-

476 3952 643 3984 ronem
679 3937 891 3985 Platonis
933 3937 1240 4002 Protagoram
1288 3938 1493 4002 pressius

479 4017 687 4063 vertisse.
698 4017 822 4064 Nam
837 4017 891 4063 in
905 4016 1240 4064 OEeonomieo
1258 4017 1497 4081 et‚Timoeo

478 4091 673 4142 liberius
708 4106 923 4144 versatus
955 4107 1056 4154 est,
1096 4106 1152 4144 ut
1190 4110 1358 4144 eorum
1399 4096 1496 4144 sra-

481 4183 669 4238 gmenta
705 4175 899 4225 docent.
919 4175 980 4222 G.

1646 1811 1697 1860 3.
1743 1811 1907 1860 Modo.
1961 1814 2161 1875 Ignorat
2218 1810 2351 1860 Gud.
2391 1826 2420 1859 a
2439 1845 2455 1871 ,
2501 1827 2592 1859 neo

1571 1889 1714 1938 valde
1735 1888 2104 1938 desiderabitur.
2124 1891 2189 1938 G.

1645 1980 1693 2027 4.
1722 1968 1961 2034 Afranius
1979 1987 2012 2015 a
2043 1971 2172 2017 Men.
2195 1967 2330 2016 soloe.
2385 1971 2441 2015 In
2479 1970 2595 2016 Bre-

1569 2050 1731 2096 miana
1802 2049 2134 2112 transponitur
2163 2084 2179 2109 ,
2226 2063 2259 2094 a
2323 2047 2595 2095 Menandro

1573 2126 1814 2193 Afranius
1833 2162 1850 2185 ,
1895 2127 1978 2175 sed
2014 2136 2182 2175 eontra
2210 2141 2379 2174 omnes
2400 2136 2449 2173 et
2477 2128 2595 2174 seri·

1573 2216 1686 2269 ptos
1721 2218 1771 2255 et
1802 2218 1938 2254 vetus
1977 2207 2267 2271 impressos,
2324 2205 2595 2269 ordineque

1573 2300 1687 2332 vere
1706 2285 1958 2335 deteriore.
1971 2287 2225 2334 (in—Tam
2241 2284 2358 2333 felix
2371 2286 2523 2333 fuerat
2543 2285 2592 2331 in

1574 2364 1818 2412 vertendis
1838 2364 2097 2412 Menandri
2125 2363 2299 2412 fabulis
2330 2364 2560 2412 Afranius
2580 2399 2596 2423 ‚

1576 2452 1630 2489 ut
1651 2442 1713 2490 de
1733 2458 1792 2490 eo
1813 2441 1943 2490 dicat
1964 2444 2137 2489 Horat.
2160 2443 2315 2506 Epist.
2334 2444 2400 2500 11,
2421 2457 2466 2500 1,
2490 2442 2553 2504 57
2578 2457 2591 2492 τ

1572 2542 1599 2563 α
1618 2522 1808 2569 Dicitur
1833 2521 2002 2569 Afrani
2031 2532 2141 2584 toga
2174 2521 2456 2569 convenisse
2483 2523 2593 2568 Me-

1572 2599 1763 2648 nandro
1811 2622 1858 2649 n.
1897 2599 2141 2648 Laudatur
2166 2599 2310 2647 etiam
2351 2616 2379 2647 a
2421 2600 2594 2662 Quint.

1572 2683 1698 2729 Inst.
1719 2680 1789 2728 X.
1812 2680 2018 2729 Coaevns
2047 2679 2138 2726 fuit
2166 2677 2398 2726 Terentii.

1646 2758 1696 2807 5.
1727 2757 1825 2805 Nec
1852 2774 1994 2806 vero.
2030 2759 2209 2821 Magna
2237 2772 2349 2821 pars
2371 2755 2521 2805 codd.
2544 2769 2595 2805 et

1570 2849 1790 2885 veterum
1811 2836 2052 2885 editorum
2073 2852 2163 2883 nec
2188 2835 2313 2882 enim
2343 2834 2593 2883 exhibent.

1572 2917 1648 2963 Ex
1671 2915 1910 2963 consimili
1938 2914 2165 2961 videlicet
2191 2914 2439 2974 utriusque
2462 2928 2594 2958 com-

1572 2993 1773 3059 pendio.
1818 2993 2031 3056 Vulgata
2084 2989 2299 3054 praeferri
2351 3000 2562 3037 meretur
2581 3024 2596 3048 ,

1574 3072 1760 3136 qnippe
1800 3070 1853 3117 in
1892 3085 1988 3133 qna
2026 3068 2311 3115 asseveratio
2353 3068 2417 3115 sit
2457 3082 2597 3131 aper·

1574 3149 1674 3197 tior
1708 3163 1723 3198 :
1767 3147 1898 3194 enim
1931 3156 2128 3203 contra,
2155 3144 2233 3192 vel
2251 3146 2294 3192 si
2319 3157 2557 3195 asseverat
2578 3181 2594 3202 ‚

1576 3242 1766 3291 semper
1808 3240 1998 3272 causam
2029 3224 2249 3285 indicat;
2302 3240 2413 3288 quae
2465 3224 2515 3272 h.
2557 3224 2590 3273 l.

1580 3305 1710 3354 nulla
1737 3303 1983 3369 praeeedit.
2033 3305 2089 3350 In
2136 3302 2372 3367 proximis
2407 3313 2600 3368 spectat,

1577 3394 1749 3434 auctor
1775 3382 1914 3431 illum
1949 3382 2136 3431 Lucilii.
2162 3382 2328 3430 locum
2348 3416 2363 3441 ,
2397 3399 2458 3431 ex
2493 3399 2594 3446 quo

1578 3479 1706 3512 nnus
1732 3463 1812 3509 bic
1845 3477 2006 3510 versus
2047 3471 2267 3526 superest
2287 3495 2303 3521 ,
2333 3483 2356 3505 ι
2382 3462 2595 3509 Persium

1578 3560 1680 3593 non
1702 3556 1824 3590 curo
1857 3541 1875 3601 (
1901 3557 2006 3589 mea
2026 3540 2049 3608 )
2066 3540 2253 3603 leger-eg
2279 3539 2480 3589 Lelinm
2502 3543 2596 3589 De·

1579 3619 1759 3667 cinnum
1805 3620 1922 3667 volo
1942 3642 1969 3662 υ
2010 3638 2023 3668 :
2065 3635 2208 3682 quem
2238 3619 2351 3667 vide
2388 3619 2450 3668 ab
2486 3619 2596 3684 ipso

1577 3709 1956 3747 commentatum
1996 3699 2130 3747 Orat.
2167 3700 2250 3757 11,
2275 3698 2346 3757 6,
2397 3698 2486 3747 25.
2533 3699 2596 3746 G.

1576 3804 1656 3818 —
1685 3777 1899 3826 Lucilius
1929 3793 2076 3841 eques
2116 3778 2365 3825 Romanus
2410 3776 2597 3840 primns

1572 3856 1748 3906 Romae
1771 3868 1955 3921 satyras
1975 3856 2194 3920 scripsit,
2220 3856 2280 3904 de
2297 3871 2399 3920 quo
2423 3858 2594 3904 Horat.

1580 3947 1667 3985 nt.
1695 3939 1775 3997 X,
1806 3935 1895 3984 lib.
1937 3938 1987 3994 1,
2016 3936 2128 3999 egit.
2161 3936 2283 3985 Vid.
2334 3935 2598 3997 fragmenta

1586 4016 1762 4064 Lucilii
1799 4016 2002 4064 collecta
2038 4032 2066 4063 a
2107 4016 2363 4064 Francisco
2405 4016 2599 4074 Dones,

1586 4113 1696 4161 pag.
1724 4099 1801 4145 13.
1821 4098 1873 4145 J.
1897 4099 1962 4145 V.
1976 4099 2035 4145 1..
2053 4120 2125 4132 --
2141 4090 2315 4143 Lucilii
2334 4093 2599 4155 fragmenta

1586 4176 1804 4224 invenies
1829 4176 1879 4223 in
1905 4184 2070 4224 nostra
2099 4174 2245 4221 Persii
2265 4170 2495 4219 editione.
