3217 4784
734 393 858 459 DE
907 393 1078 461 FIN.
1135 393 1339 458 BoN.
1395 390 1506 457 ET
1556 391 1774 458 MAL.
1814 394 1900 477 v,
1956 417 2064 485 29.

2311 395 2455 466 653

331 515 747 614 prudente5‚
762 514 1065 584 alterum
1082 510 1380 583 fortasse
1399 509 2058 600 dubitabunt,sitne
2080 528 2358 589 tantum
2380 521 2456 589 in

330 632 593 699 virtute
622 640 766 726 &¹¹²
805 649 887 695 ea
928 622 1245 721 praediti,
1293 621 1402 691 vel
1451 622 1523 690 in
1578 621 1965 694 Phalaridis
2011 640 2219 696 tauro
2268 625 2461 698 beati

332 743 513 824 sint3
552 738 856 808 alterum
904 758 1051 804 non
1087 730 1564 818 dubitabunt,
1616 736 1798 826 quini
1841 750 1915 805 et
1957 738 2161 807 stoici
2197 761 2461 808 conve-

334 848 609 921 nientia
655 845 795 917 sibi
838 843 1116 929 dicant,
1164 856 1237 912 et
1280 865 1408 912 vos
1454 847 1950 938 repugnantia.
1994 847 2465 945 Theophrasti

335 960 592 1056 igitur,
624 954 900 1052 inquit,
934 952 1066 1023 tibi
1104 950 1288 1022 liber
1325 949 1443 1022 ille
1480 951 1714 1049 placet
1747 951 1837 1024 de
1871 952 2084 1028 beata
2118 958 2301 1028 vita?
2337 963 2467 1027 Ta·-

335 1092 504 1139 men
536 1065 953 1138 aberramus
980 1086 1020 1133 a
1049 1062 1423 1160 proposito
1453 1087 1469 1131 :
1499 1075 1570 1132 et
1589 1115 1611 1147 ‚
1655 1086 1749 1134 ne
1782 1062 2106 1161 longius;
2150 1092 2472 1164 prorsus»,

337 1181 673 1273 inquam,
710 1175 912 1260 Piso,
944 1175 1004 1245 si
1037 1173 1169 1244 ista
1205 1172 1390 1243 mala
1422 1186 1591 1244 sunt
1615 1225 1635 1258 ‚
1670 1172 1929 1270 placet.
1967 1179 2230 1248 Nonne
2257 1179 2475 1274 igitur
2512 1201 2578 1252 86

342 1285 474 1357 tibi
520 1283 879 1370 videntur,
927 1283 1165 1379 inquit
1195 1336 1213 1366 ,
1263 1280 1449 1352 maia
1475 1275 1586 1350 ¹⁸?
1628 1280 1713 1352 Id
1756 1285 2076 1378 quaeres?
2126 1287 2471 1383 inquam:

341 1400 416 1480 in
454 1421 603 1492 quo
627 1448 648 1480 ‚
683 1408 931 1466 utrum
971 1389 1467 1490 respondebO,
1503 1414 1744 1462 verses
1773 1406 1844 1463 te
1874 1392 2019 1464 huc
2054 1409 2272 1492 atque
2310 1396 2480 1467 illuc

347 1529 639 1583 necesse
695 1513 910 1576 est19.
962 1505 1131 1591 Quo
1171 1502 1462 1574 tandem
1507 1501 1733 1573 modo
1762 1557 1782 1590 ‚
1827 1504 2123 1600 inquit?
2162 1508 2376 1596 Quia,
2422 1511 2479 1576 si

347 1617 527 1688 mala
556 1630 728 1686 sunt
748 1668 767 1700 ‚
795 1616 854 1683 is
875 1667 896 1701 ,
933 1613 1060 1709 qui
1099 1615 1235 1682 erit
1262 1613 1335 1681 in
1365 1611 1504 1700 his,
1529 1611 1786 1685 beatus
1823 1637 1970 1684 non
2009 1615 2169 1686 erit.
2198 1617 2268 1686 si
2296 1614 2484 1687 mala

347 1750 496 1796 non
552 1737 758 1810 sunt,
791 1722 978 1816 jacet
1022 1725 1263 1792 omnis
1310 1725 1497 1792 ratio
1537 1724 2197 1820 peripateticorum.
2247 1726 2330 1796 Et
2367 1726 2485 1798 ille

344 1833 624 1918 ridens»,
656 1830 925 1919 Video,
961 1832 1232 1929 inquit,
1276 1831 1454 1928 quid
1499 1855 1687 1927 agas.
1734 1836 1840 1903 Ne
1879 1832 2317 1931 discipulum
2357 1835 2485 1907 ab·

349 1943 606 2014 ducam
637 1996 656 2028 ‚
703 1942 932 2013 times.
981 1945 1090 2011 Tu
1132 1966 1348 2028 vem,
1403 1945 1702 2039 inquam
1733 1996 1754 2029 ,
1800 1942 2020 2014 ducas
2071 1945 2236 2017 licet
2264 1957 2330 1989 ²⁰
2365 2000 2386 2034 ,
2429 1949 2488 2015 si

349 2059 794 2148 sequatur²¹.
841 2052 993 2122 Erit
1031 2052 1223 2123 enim
1257 2076 1540 2123 mecum
1564 2106 1583 2138 ,
1628 2053 1684 2123 si
1727 2066 1967 2124 tecum
2004 2055 2159 2124 erit.

447 2165 704 2231 XXIX.
753 2161 939 2231 Audi
990 2163 1231 2258 igitur,
1277 2164 1552 2259 inquit,
1583 2165 1790 2238 Luci.
1832 2168 2097 2235 Tecum
2140 2167 2370 2251 enim,
2405 2180 2485 2238 ut
2526 2187 2594 2256 87

353 2275 450 2345 ait
478 2271 1050 2371 Theophrastus,
1082 2272 1259 2344 mihi
1288 2272 1730 2345 instituenda
1761 2274 1990 2345 oratio
2023 2273 2197 2346 est¹.
2240 2279 2493 2349 Omnis

433 2478 515 2526 18.
543 2478 722 2526 Nonne
742 2474 896 2540 igitur
920 2475 1008 2522 tibi
1032 2473 1287 2532 videmur,
1307 2474 1381 2522 in-

357 2555 481 2620 quit,
501 2556 637 2605 mala
652 2561 678 2602 θ
697 2553 920 2604 Turbam
937 2554 1126 2613 acribae,
1146 2565 1202 2602 nt
1223 2553 1383 2602 solent

357 2639 409 2684 in
431 2634 591 2699 inquit
614 2634 759 2681 altius
784 2633 982 2694 rejecto.
1025 2633 1129 2682 Erl.
1172 2632 1382 2681 0Noune

356 2716 505 2780 igitur
527 2714 708 2779 inquit,
749 2722 880 2762 etc.»
907 2710 1042 2761 Gud.
1085 2727 1114 2759 a
1133 2748 1149 2773 ‚
1171 2712 1382 2759 «Nonne

361 2797 506 2858 igitur
531 2794 714 2856 inquit,
744 2801 836 2840 etc.
854 2812 876 2836 ι
920 2791 1016 2841 Sed
1040 2791 1233 2855 vulgata
1269 2805 1381 2839 vera

359 2884 446 2921 eat.
470 2871 547 2919 Cf.
574 2885 717 2933 supra
745 2871 850 2915 Pin.
875 2872 955 2928 11,
982 2870 1043 2927 3,
1077 2884 1138 2930 7:
1160 2893 1188 2913 «ι
1209 2870 1382 2932 Quid?

360 2965 477 3013 ergo
503 2948 645 2996 iatam
684 2945 1011 3009 voluptatem,
1054 2946 1239 3009 inquit,
1267 2948 1384 3010 Epi-

362 3044 508 3077 curus
534 3026 726 3090 ignorat
745 3044 789 3071 a.
837 3026 947 3071 Hoc
985 3034 1144 3072 antem
1181 3024 1293 3073 loco
1329 3042 1380 3073 v.

363 3107 500 3155 mala
527 3101 642 3152 inde
669 3102 937 3165 graviorem
964 3102 1066 3150 vim
1089 3103 1293 3166 aceepit.
1319 3105 1383 3154 G.

440 3201 520 3247 19.
547 3182 612 3230 Id
647 3197 834 3245 qna-res
850 3186 877 3229 ι’
903 3180 1109 3244 inquam
1125 3215 1142 3241 ,
1172 3180 1223 3228 in
1250 3197 1347 3245 quo
1366 3217 1383 3241 ,

367 3275 526 3312 utrum
568 3260 887 3325 respondem,
930 3274 1101 3307 verses
1127 3271 1196 3308 tc.
1219 3294 1232 3307 .
1256 3295 1269 3307 .
1301 3276 1385 3308 κο·

368 3359 495 3391 cesse
518 3352 608 3391 ese.
630 3341 842 3388 Goerenz
865 3338 1099 3402 virgulam
1120 3340 1257 3402 ponit
1275 3349 1387 3404 ροσε

369 3438 558 3488 quares
572 3455 590 3480 ,
614 3431 759 3483 atque
785 3419 1065 3483 interrogat.
1084 3429 1248 3466 notam
1273 3430 1389 3483 post

369 3518 558 3550 necesse
579 3509 678 3556 est,
711 3496 1051 3561 unguemque
1094 3496 1289 3546 damnat
1313 3498 1389 3547 in·

372 3580 774 3644 teu-punctionem.
827 3578 1059 3624 Praeterea
1113 3575 1336 3626 observat
1375 3591 1389 3625 ε

370 3660 566 3724 Optima
594 3669 667 3705 est
707 3654 916 3704 Ernestii
949 3656 1254 3716 conjectura,
1293 3678 1314 3697 ι
1338 3655 1390 3706 id

373 3741 579 3802 qnaeris,
606 3737 803 3801 inquam
821 3768 835 3793 ,
858 3733 912 3781 in
958 3749 1084 3797 quo,
1112 3743 1273 3783 utrum
1317 3750 1392 3787 ro·

373 3813 648 3880 spondero,
679 3822 811 3862 etc.»
873 3812 980 3860 Fut.
1016 3805 1238 3861 exactum
1283 3824 1395 3862 anta

371 3897 468 3956 jam
497 3902 705 3942 suaserat
729 3892 896 3939 navis.
942 3888 1090 3953 idque
1127 3892 1397 3940 necessario

378 3972 554 4036 requiri
579 3971 786 4019 videtur.
827 3972 1057 4017 Futurum
1100 3985 1286 4033 quaeres
1311 3986 1398 4020 au-

377 4063 475 4099 tem
496 4050 774 4112 objicientis
796 4061 895 4106 est,
911 4060 958 4097 et
977 4047 1397 4114 reprehendemi⁸3

383 4142 432 4177 ut
463 4145 588 4194 saepe
616 4146 677 4176 cx
702 4129 982 4177 Graecorum
1023 4129 1288 4177 imitatione
1314 4145 1399 4176 au·

1468 2485 1589 2521 ctor.
1620 2475 1698 2524 cf.
1723 2471 1911 2523 Acadd.
1939 2476 2014 2530 11.
2042 2482 2103 2529 ιι
2124 2507 2140 2534 ,
2170 2476 2289 2526 ηδ.
2320 2477 2493 2540 Neque

1468 2554 1519 2601 in
1547 2554 1723 2601 omissa
1749 2553 2017 2616 rogationis
2056 2554 2293 2618 particula
2335 2557 2495 2605 offen-

1470 2630 1739 2681 dariavid.
1756 2631 1882 2680 ibid.
1905 2627 1999 2690 45,
2025 2639 2122 2687 140
2143 2647 2157 2681 ε
2181 2633 2294 2680 «Tu
2309 2668 2324 2693 ,
2343 2649 2494 2697 quum

1469 2712 1697 2759 honestas
1741 2711 1798 2758 in
1845 2710 2100 2775 voluptate
2140 2713 2495 2761 contemnenda

1469 2792 1730 2848 consistat,
1756 2790 1827 2838 sic
1868 2790 2168 2839 honestatem
2196 2808 2308 2840 cnn
2350 2793 2495 2840 volu-

1471 2881 1630 2933 ptate,
1644 2881 1886 2934 tamqnam
1914 2870 2159 2918 hominem
2180 2886 2291 2917 cum
2313 2869 2500 2926 bellna,

1470 2945 1802 3012 copulabia?-
1829 2945 2089 2994 -schfitz
2114 2963 2177 2994 ex
2203 2949 2521 2998 emendam·

1470 3041 1531 3073 ne
1555 3023 1767 3080 Davisii.
1793 3024 2041 3088 rescripsit
2066 3025 2373 3088 respondem.
2399 3028 2465 3075 G.

1542 3118 1629 3151 ao.
1656 3101 1992 3154 Abdumm...
2043 3102 2197 3150 ducas
2231 3102 2360 3153 licet.
2388 3107 2496 3154 Bas.

1472 3179 1601 3228 eud.
1631 3196 1650 3227 ι
1668 3213 1683 3239 ,
1713 3179 1934 3228 abducas
1963 3196 1981 3225 .·
2001 3179 2139 3243 qnod
2170 3196 2361 3230 necesse
2396 3200 2499 3231 non

1472 3269 1572 3316 eut,
1616 3260 1768 3306 immo
1805 3258 2014 3322 simplex
2053 3259 2275 3309 selectim
2312 3273 2401 3309 est.
2430 3266 2495 3311 G.

1549 3351 1631 3388 21.
1659 3333 1714 3385 St'
1739 3348 1983 3400 sequatur.
2020 3337 2264 3388 Exhibeat
2285 3341 2413 3404 Spir.
2450 3354 2499 3390 et

1474 3417 1576 3468 Erl.
1602 3415 1647 3463 si
1670 3426 1912 3481 soqaeoemr.
1946 3416 2096 3479 Quod
2116 3432 2219 3468 non
2253 3420 2499 3485 impmba·

1477 3512 1664 3556 rernm,
1692 3498 1760 3560 ai,
1785 3496 1830 3546 εἰ
1853 3496 2052 3561 quiden·
2077 3500 2501 3564 sequacem-legere·

1479 3586 1574 3625 mr.
1602 3580 1674 3625 At
1700 3576 1805 3626 aine
1851 3575 1950 3626 hae
1984 3586 2111 3640 part.
2157 3579 2501 3639 conjunctivus

1479 3655 1686 3706 multum
1708 3655 2034 3719 praferondaa
2055 3669 2143 3706 eat.
2165 3659 2229 3706 G.

1551 3736 1751 3782 xxm.
1800 3751 1846 3785 1.
1896 3736 2071 3782 Tecum
2112 3736 2243 3785 enim
2259 3772 2277 3798 ‚
2328 3751 2385 3788 ut
2433 3742 2506 3788 ait

1492 3811 1698 3877 Theopk.
1735 3812 1856 3863 mihi
1877 3811 1993 3862 inst.
2022 3813 2185 3862 oratio
2210 3827 2294 3864 ese.
2323 3821 2380 3865 In
2400 3819 2504 3882 ple-

1483 3891 1647 3955 risque
1682 3891 1799 3942 edd.
1831 3891 1978 3942 verba
2001 3905 2093 3942 -ut
2119 3895 2186 3942 ait
2213 3895 2459 3959 Theophr.
2480 3923 2502 3938 υ

1487 3972 1631 4022 uncia
1647 3972 2187 4037 meludunum—Quia
2212 3990 2313 4023 non
2339 3977 2470 4024 videt
2490 4013 2503 4034 ‚

1489 4051 1749 4100 verborum
1781 4051 2001 4102 ordinm
2024 4052 2105 4100 hic
2127 4068 2230 4100 essa
2255 4058 2503 4117 perturba·

1493 4141 1596 4178 tum
1621 4133 1642 4178 ?
1669 4133 1783 4196 Quo
1812 4132 1960 4181 modo
1996 4132 2121 4178 enim
2158 4134 2321 4196 potnit
2354 4135 2506 4185 Theo-
