3217 4784
643 350 783 435 348

1314 350 1414 417 M.
1459 347 1537 414 T.
1590 314 2090 419 CICERONIS

644 470 1012 567 principiis
1060 481 1331 538 naturae
1375 464 1865 555 discessimus»,
1902 467 2171 565 quibus
2206 493 2604 567 congruere
2641 471 2779 543 de-

642 579 857 666 bent,
890 601 1055 675 quae
1090 592 1525 673 sequuntur.
1566 579 1913 675 Sequitur
1938 593 2174 650 autem
2201 583 2433 679 prima
2453 589 2482 622 ²
2514 579 2782 661 divisio

646 683 1273 763 haecAEstimabile
1311 710 1467 759 esse
1505 684 1810 775 dicitur3
1838 689 1941 759 sic
1976 688 2193 775 enirn,
2213 701 2294 758 ut
2324 690 2612 787 opinor,
2642 714 2775 787 ap-

646 797 999 897 pellemus
1023 794 1099 869 id
1117 793 1173 883 ³,
1211 796 1413 894 quod
1432 811 1559 869 aut
1580 798 1823 894 ipsum
1851 796 2248 870 secundum
2281 811 2614 869 naturam
2639 801 2732 869 sit
2754 854 2776 885 ‚

647 920 771 979 aut
801 906 940 978 tale
972 902 1146 1003 quid
1176 904 1479 995 efficiat,
1525 920 1608 978 ut
1631 907 2019 980 selectione
2052 907 2353 1006 dignum
2385 923 2779 1006 propterea

649 1017 780 1104 sit,
841 1014 1044 1114 quod
1103 1015 1402 1113 aliquod
1455 1015 1746 1113 pondus
1808 1015 2068 1090 habeat
2109 1017 2421 1115 dignum
2472 1018 2779 1089 aestima-

647 1123 870 1210 tione,
897 1147 1118 1219 quam
1153 1121 1274 1194 ille
1301 1118 1472 1204 ἀξίαν
1504 1120 1796 1192 vocat⁴z
1835 1137 2230 1223 contraque
2255 1123 2779 1213 inaestimabile,

649 1297 849 1361 inquam
882 1295 979 1343 nisi
1002 1295 1053 1345 iu
1087 1296 1253 1345 medio
1285 1295 1537 1344 enuntiato
1573 1309 1671 1359 po-

648 1392 764 1423 nere
779 1390 797 1435 3
810 1374 908 1423 hoc
936 1385 1144 1440 excepto
1163 1412 1179 1438 ‚
1195 1375 1236 1423 si
1262 1375 1513 1423 ”ntentiae
1537 1373 1684 1421 clau-.

648 1454 801 1504 sulam
831 1463 1055 1520 occupet.
1086 1456 1145 1503 In
1177 1470 1322 1519 quem
1355 1455 1460 1516 ejus
1485 1468 1671 1502 morem

648 1545 814 1600 aperte
849 1534 941 1581 hac
992 1534 1371 1597 transpositione
1423 1542 1669 1597 peccatur.

648 1614 834 1663 Contra
872 1628 987 1661 vero
1018 1610 1152 1660 haud
1188 1627 1300 1660 raro
1326 1607 1409 1670 fit,
1448 1621 1505 1660 ut
1539 1611 1672 1659 idem

650 1690 790 1740 alteri
812 1691 1063 1739 enuntiato
1080 1699 1193 1754 post
1214 1688 1470 1737 inseratur.
1507 1689 1585 1739 Cf.
1609 1697 1641 1745 4
1656 1722 1672 1748 ‚

659 1787 719 1819 ra
752 1784 767 1819 ε
797 1790 820 1813 ι
855 1770 1011 1819 hosne
1044 1769 1192 1834 igitur
1219 1767 1414 1825 laudas,
1457 1778 1508 1816 et
1542 1767 1672 1816 hanc

650 1865 820 1899 eorum
831 1883 848 1906 ,
864 1850 1059 1912 inquam
1076 1882 1091 1907 ,
1108 1847 1395 1896 seutentiam
1415 1847 1552 1910 sequi
1567 1862 1673 1895 non

653 1944 821 1978 censes
843 1927 1102 1992 oportere?
1121 1948 1147 1968 ι
1173 1923 1425 1973 Interdum
1452 1925 1577 1974 adeo
1619 1924 1671 1973 in

655 2006 896 2072 spodosin
919 2006 1152 2066 rejicitur,
1178 2004 1281 2052 vid.
1304 2000 1492 2052 Acadd.
1517 2005 1575 2075 ζ,
1604 2012 1636 2060 4
1656 2038 1673 2065 ,

662 2095 744 2143 14.
783 2085 906 2147 Quae
949 2093 1258 2147 reputantes,
1285 2081 1522 2131 tardiores
1545 2082 1600 2131 h.
1638 2082 1674 2130 1.

653 2164 718 2212 ad
752 2159 1088 2225 corrigendum
1126 2159 1391 2221 reddimur,
1424 2160 1541 2209 licet
1582 2177 1677 2209 nos

653 2255 853 2306 quoque
882 2239 937 2287 in
954 2238 1053 2287 hoc
1085 2238 1250 2304 positu
1274 2239 1491 2304 paullum
1515 2241 1677 2289 offen-

654 2321 846 2370 damur.
866 2321 944 2369 Ex
960 2318 1165 2384 vulgata
1181 2318 1353 2367 ordine
1373 2330 1504 2370 stant
1517 2322 1677 2371 nostri

655 2414 842 2450 omnes.
860 2402 924 2449 G.

728 2495 779 2529 n.
822 2478 1050 2544 Sequitur
1084 2488 1248 2538 autem
1294 2476 1459 2542 pn'ma
1503 2477 1676 2527 divisio

657 2558 778 2608 ltaec.
811 2560 1037 2621 Quatuor
1059 2556 1243 2614 nostri,
1272 2556 1377 2605 laoee
1396 2557 1564 2622 prima
1580 2556 1675 2605 Ai-

656 2637 792 2687 oisr‘o.
827 2636 904 2685 Ne
947 2635 1143 2701 quintus
1182 2635 1380 2700 quidem
1424 2635 1561 2685 Gud.
1613 2650 1642 2683 2
1660 2668 1679 2693 ,

656 2733 769 2766 cum
810 2714 1004 2780 vulgata
1041 2713 1066 2761 'z
1095 2713 1241 2762 refert
1279 2715 1409 2762 enim
1453 2713 1574 2770 Ιιοσς
1620 2723 1680 2762 ut

649 2797 813 2864 pn‘ma
827 2795 1060 2845 divisione
1073 2794 1189 2854 hoc,
1218 2793 1459 2854 conjicere
1482 2793 1644 2855 possis
1654 2825 1671 2852 ‚

655 2893 807 2943 quum
835 2874 1022 2939 syllaba
1058 2890 1120 2921 ne
1155 2870 1480 2938 superscripta
1528 2871 1675 2919 toties

656 2957 906 3006 obliterata
954 2952 1359 3020 deprehendatur.
1414 2949 1510 3005 Sed
1557 2949 1676 2998 licet

657 3036 781 3086 ordo
797 3070 813 3096 ‚
841 3051 985 3101 quem
1012 3033 1084 3081 illi
1104 3042 1297 3081 servant
1310 3065 1327 3091 ,
1348 3029 1562 3094 optimus
1582 3031 1673 3093 sit,

656 3127 707 3166 et
731 3115 924 3179 vulgata
948 3112 1072 3163 adeo
1097 3111 1349 3171 selectior;
1377 3110 1506 3158 valet
1544 3108 1674 3157 enim

656 3194 812 3253 idem,
835 3192 971 3258 quod
986 3225 1001 3251 ‚
1030 3212 1053 3235 ι
1073 3191 1179 3239 hec
1202 3189 1409 3251 divisio,
1445 3204 1555 3253 quae
1577 3188 1676 3252 pri-

657 3289 734 3321 ma
762 3283 836 3320 est
868 3292 891 3314 ι·
929 3285 944 3319 :
978 3280 1138 3319 tamen
1168 3268 1476 3328 dubitamus,
1504 3284 1567 3317 an
1592 3267 1675 3316 hic

655 3350 814 3412 aliter,
830 3364 976 3412 quam
992 3358 1049 3395 ut
1063 3358 1294 3412 sequente
1310 3383 1325 3409 ‚
1342 3347 1435 3396 hac
1448 3347 1499 3396 in
1520 3349 1673 3396 forma

656 3429 863 3488 dicatur.
888 3425 963 3475 cf.
984 3426 1109 3474 infra
1145 3427 1210 3474 16
1228 3460 1243 3487 ,
1271 3428 1338 3475 ⁵5
1371 3442 1385 3476 ε
1406 3449 1432 3469 α
1450 3426 1679 3490 Sequitur

656 3505 739 3554 illa
759 3504 936 3553 divisio
954 3538 969 3564 ‚
992 3514 1075 3565 ut,
1098 3514 1232 3552 etc.·
1257 3505 1481 3570 Vulgata
1505 3514 1676 3552 contra

657 3595 898 3635 structura
952 3583 1334 3648 frequentissima
1377 3594 1463 3633 est.
1515 3581 1681 3631 Possis

660 3675 822 3713 tamen
844 3663 951 3711 ltaee
967 3678 1029 3711 ex
1050 3662 1208 3726 glossa
1229 3662 1451 3711 additum
1479 3671 1672 3726 putare,

660 3758 811 3807 quum
845 3740 990 3788 toties
1020 3741 1211 3789 auctori
1248 3741 1335 3789 tali
1369 3743 1420 3790 in
1462 3752 1678 3791 stucturs

663 3818 1038 3871 demonstrativa
1060 3820 1364 3871 omittantur.
1384 3823 1450 3871 G.

734 3902 786 3950 3.
820 3896 1127 3949 AEseimabilo
1174 3915 1278 3948 esse
1336 3899 1509 3950 dieitur
1526 3918 1548 3958 ,⁶
1612 3900 1681 3948 sic

661 3980 814 4038 enlm,
848 3989 901 4027 ut
940 3978 1136 4043 opinor,
1183 3981 1480 4045 appellemus
1524 3978 1600 4026 id.
1623 4011 1636 4026 .
1660 4016 1671 4026 .

662 4073 814 4114 vocae
848 4078 867 4110 .-
907 4069 1170 4125 eoumque
1209 4058 1562 4109 inaestimabile.
1603 4059 1684 4107 Sic

1754 1295 1995 1356 Gar-ens,
2031 1294 2126 1343 nisi
2159 1295 2296 1360 quod
2337 1312 2417 1345 vv.
2448 1295 2519 1344 sic
2554 1296 2768 1346 enim...

1755 1385 1908 1422 vocat
1946 1374 2224 1439 parenthesi
2257 1372 2486 1423 includit.
2527 1375 2776 1434 Primum,

1755 1453 1945 1518 inquit,
1982 1453 2075 1501 tria
2100 1452 2248 1502 verbs
2270 1453 2334 1502 ab
2367 1453 2512 1503 initio
2540 1454 2610 1503 sic
2640 1455 2780 1503 scci-

1756 1532 1884 1597 pies:
1905 1555 1931 1576 α
1947 1532 2177 1581 statuitur
2193 1549 2220 1580 a
2243 1532 2422 1581 nostris
2444 1549 2548 1582 esse
2572 1534 2784 1597 aliquid,

1758 1609 1896 1675 quod
1947 1609 2224 1660 animabile
2270 1609 2459 1659 dictatur
2503 1634 2541 1660 ιι.
2584 1610 2779 1660 Deinde

1757 1701 1913 1752 recte,
1943 1691 2085 1752 jussu
2125 1689 2221 1739 Th.
2267 1689 2471 1739 Bentleii
2519 1701 2570 1739 et
2609 1692 2778 1739 Daris.

1761 1769 1936 1817 dedere
1969 1771 2090 1819 Em.
2141 1778 2193 1818 et
2233 1769 2396 1818 Breuni
2446 1771 2736 1836 appellemus
2755 1806 2774 1829 ‚

1759 1847 1875 1895 licet
1900 1860 2112 1912 quatuor
2144 1849 2286 1897 etiam
2319 1850 2475 1898 nostri
2500 1866 2611 1899 cum
2642 1851 2778 1916 prius

1761 1926 1952 1990 vulgata
1966 1960 1981 1983 ‚
1998 1926 2298 1991 appellamus
2319 1943 2338 1974 .·
2354 1928 2440 1977 sed
2463 1928 2544 1977 vel
2560 1929 2692 1979 Gud.
2713 1943 2742 1976 2
2762 1965 2777 1989 ,

1760 2006 1847 2070 qui
1869 2006 2216 2070 appelleremus
2239 2005 2412 2069 habet,
2436 2010 2620 2074 recepti
2645 2008 2780 2056 veri-

1761 2096 1908 2135 tatem
1936 2085 2136 2134 indicet.
2152 2086 2380 2150 Denique
2402 2098 2576 2151 putant
2594 2089 2649 2138 1³.
2671 2088 2777 2135 Ma-

1763 2178 1873 2216 uut.
1913 2165 2081 2215 Lamb.
2121 2166 2291 2216 Daris.
2326 2166 2514 2227 Bromi,
2545 2166 2780 2216 excidisse

1763 2261 1967 2310 graecam
1982 2261 2169 2306 vocem,
2186 2260 2296 2309 quae
2314 2244 2602 2295 oesn'mabe'le
2616 2255 2777 2303 notet3

1763 2325 2169 2389 commendatque
2179 2324 2370 2371 Manut.
2385 2323 2661 2372 inauditum
2679 2340 2780 2373 ver-

1760 2402 1877 2453 bum
1896 2401 2263 2466 &Etorbnquod
2277 2401 2420 2465 ponit
2440 2412 2556 2464 post
2573 2402 2783 2465 appelle-

1761 2498 1884 2531 mus.
1903 2482 2067 2529 Daris.
2103 2489 2273 2527 contra
2295 2476 2432 2538 ἀξίαν
2459 2478 2567 2544 (χον
2593 2512 2609 2538 ‚
2639 2480 2779 2543 quod

1763 2560 1942 2610 Stoicis
1975 2559 2028 2606 in
2063 2574 2153 2606 usu
2187 2567 2262 2605 est
2283 2556 2444 2605 unice.
2482 2558 2550 2606 At
2579 2557 2633 2606 hi
2665 2561 2779 2606 W.

1764 2640 1873 2689 DD.
1900 2638 1994 2688 tale
2019 2636 2142 2701 quid
2164 2636 2251 2683 vix
2287 2636 2594 2696 statuissent,
2626 2637 2670 2686 ai
2693 2653 2783 2703 pa·

1765 2718 2000 2766 renthesis
2034 2717 2171 2781 sigua
2199 2713 2392 2775 verbis,
2426 2716 2521 2764 sie.
2542 2749 2556 2764 .
2577 2728 2781 2774 evocat,

1763 2797 1985 2846 addenda
2026 2812 2129 2844 esse
2162 2793 2417 2844 vidissent.
2454 2796 2547 2845 ni·
2585 2798 2712 2846 enim
2754 2813 2781 2844 a

1759 2876 1903 2925 nobis
1929 2874 2158 2936 adjectis,
2183 2873 2246 2922 de
2267 2873 2368 2923 loci
2388 2875 2663 2941 integritate
2693 2876 2785 2924 du·

1759 2951 1910 3004 bitari
1932 2954 2018 3002 vix
2035 2955 2167 3004 licet.
2185 2954 2279 3003 Rei
2301 2956 2432 3007 euim
2451 2957 2591 3005 notio
2609 2954 2785 3010 verbis,

1757 3034 1825 3082 sie
1853 3033 2009 3094 enim,
2032 3044 2124 3084 etc.
2147 3033 2450 3097 explicatur:
2469 3050 2628 3098 neque
2659 3049 2786 3098 opus

1761 3124 1894 3174 erat,
1922 3122 1976 3160 ut
2007 3123 2180 3161 auctor
2207 3126 2413 3176 graecam
2431 3110 2664 3170 adjectivi
2699 3126 2785 3158 vo·

1761 3209 1864 3241 cem
1910 3190 2140 3254 adderet,
2182 3206 2332 3256 quum
2357 3204 2460 3237 eam
2490 3187 2780 3239 substantivi

1759 3282 1932 3338 ponat.
1951 3297 2023 3307 —
2035 3272 2110 3318 De
2121 3270 2213 3330 his,
2232 3279 2287 3317 ut
2304 3267 2365 3317 de
2377 3269 2438 3316 iis
2449 3283 2558 3331 quae
2575 3281 2781 3331 sequun-

1762 3363 1861 3410 tur,
1879 3347 1991 3398 vide
2012 3349 2136 3396 Exc.
2150 3350 2222 3396 111
2242 3346 2307 3395 ad
2329 3356 2484 3395 nostr.
2506 3344 2694 3393 Aeadd.
2714 3346 2760 3395 1.

1836 3439 1885 3487 4.
1926 3429 2085 3491 Quam
2117 3427 2200 3475 ille
2233 3421 2362 3483 ἀξίαν
2395 3433 2567 3473 vacat.
2601 3424 2654 3471 Si
2678 3422 2785 3471 bec

1763 3518 1838 3557 est
1859 3522 1971 3555 vera
1998 3505 2101 3554 loci
2137 3505 2309 3563 lectim
2350 3500 2789 3566 subintelligendus

1764 3587 2202 3649 estZeuo:quem
2236 3593 2392 3629 tamen
2426 3581 2551 3629 Cato
2586 3596 2648 3629 ex
2690 3596 2787 3640 eo,

1765 3681 1868 3731 quo
1899 3664 1951 3712 in
1978 3662 2105 3711 hanc
2141 3659 2516 3731 disputationem
2540 3659 2790 3723 ingressus

1766 3750 1837 3790 eat
1853 3775 1869 3801 ,
1885 3757 1948 3791 ne
1969 3740 2118 3789 semel
2138 3738 2334 3804 quidem
2351 3737 2636 3786 nominavit.
2666 3740 2791 3803 Opi-

1769 3837 1861 3869 nor
1900 3821 2049 3886 igitur
2079 3817 2334 3884 legendum
2366 3832 2491 3875 esse,
2535 3833 2687 3881 qnam
2721 3817 2796 3869 illi

1770 3899 1909 3963 ἀξίαν
1953 3908 2161 3955 smne,
2204 3895 2390 3944 scilicet
2436 3896 2588 3944 Stoici
2603 3929 2619 3954 ‚
2668 3912 2793 3962 quos

1770 3981 1896 4030 Cato
1942 3976 2223 4028 memoravit
2261 3974 2443 4035 modo,
2489 3987 2541 4025 et
2581 3993 2790 4041 quorum

1772 4059 1996 4124 dogmata
2033 4056 2113 4105 hic
2159 4054 2487 4119 explicaturus
2531 4065 2623 4106 est.
2664 4056 2791 4105 Huic
