3217 4784
677 454 717 527 5

723 461 817 544 [30
1353 456 2123 526 ARGUMENTUM.

754 599 892 637 nere
935 601 946 635 ε
1002 576 1320 654 eademque
1382 595 1505 635 esse
1553 595 1790 655 quoque
1842 576 2110 635 solatium
2165 574 2561 644 miseriarum3
2625 594 2820 652 quum

752 676 917 734 multi
958 674 1017 733 in
1058 672 1358 745 custodia,
1397 674 1455 731 in
1500 674 1735 747 exsilio,
1780 673 1871 734 his
1910 671 2306 752 aegritudinem
2339 690 2502 731 suam
2536 672 2821 744 levarim,

750 781 782 845 ς
812 771 885 830 53
903 815 922 844 ,
955 770 1051 838 54.

828 867 1047 928 Indicia
1076 881 1296 926 naturae
1334 880 1528 927 autem
1559 870 1733 948 plane
1775 870 2085 948 perspicua
2124 868 2248 927 haee
2280 887 2443 940 esse,
2487 866 2646 946 quod
2681 869 2820 926 ani-

749 985 906 1038 mus,
932 964 1182 1023 maxime
1215 964 1499 1035 hominis,
1539 984 1772 1045 semper
1812 985 1982 1045 agere
2013 963 2233 1051 aliquid
2266 977 2532 1044 appetat,
2570 963 2754 1041 idque
2782 985 2818 1022 a

748 1063 936 1140 prima
959 1061 1096 1121 inde
1117 1062 1389 1122 infantia:
1413 1081 1597 1141 quare
1621 1063 1669 1121 si
1692 1060 1862 1121 nobis
1881 1061 2266 1140 Endymionis
2287 1080 2524 1121 somnus
2550 1060 2816 1131 daretur,

748 1158 906 1217 hunc
933 1178 1040 1216 nos
1066 1159 1269 1217 mortis
1290 1159 1474 1218 instar
1493 1158 1812 1217 habituros.
1835 1157 1986 1217 Hinc
2012 1158 2290 1238 occupari
2314 1158 2405 1217 vel
2432 1157 2816 1217 inertissimos

750 1255 1015 1314 homines
1042 1275 1105 1314 re
1135 1256 1327 1334 aliqua
1356 1269 1515 1315 certe
1541 1256 1849 1334 nugatoria
1871 1254 2040 1314 velle.
2062 1255 2368 1334 Optimum
2394 1267 2583 1314 autem
2612 1273 2819 1332 quem-

700 1396 709 1401 -
748 1373 866 1431 que
895 1353 1091 1412 vivere
1117 1354 1273 1412 nolle
1301 1354 1496 1432 potius
1512 1397 1530 1425 ‚
1555 1371 1730 1431 quam
1750 1398 1767 1423 ,
1800 1351 2142 1412 destitutum
2167 1353 2441 1431 negotiis,
2465 1351 2552 1411 vel
2573 1354 2818 1432 paratis-

749 1450 906 1511 simis
937 1450 1332 1530 voluptatibus
1365 1451 1497 1510 frui.
1522 1449 1670 1510 Inde
1695 1452 1783 1510 vel
1813 1450 2099 1529 privatam
2127 1468 2251 1508 rem
2279 1450 2433 1528 geri,
2463 1448 2554 1508 vel
2586 1469 2820 1528 rempu-

748 1546 958 1607 blicam
983 1548 1145 1608 domi
1171 1546 1448 1627 belloque
1471 1548 1722 1626 capessi,
1758 1547 1850 1606 vel
1878 1545 2085 1607 studiis
2115 1565 2354 1625 operam
2381 1544 2538 1620 dari,
2585 1545 2721 1604 licet
2753 1547 2816 1604 in

746 1644 1033 1724 ejusmodi
1059 1646 1191 1706 vitoe
1216 1645 1440 1705 ratione
1465 1663 1641 1717 eurae,
1664 1642 1913 1716 labores,
1934 1643 2260 1722 vigiliaeque
2286 1643 2402 1703 sint
2427 1642 2815 1722 perferendae,

747 1750 779 1816 s
819 1741 1022 1816 55-57.
1062 1747 1259 1816 Quum
1298 1753 1494 1800 antem
1533 1742 1826 1801 actionum
1870 1739 2041 1822 plura
2077 1760 2290 1819 genera
2331 1741 2480 1817 sint,
2533 1740 2817 1799 maximas

746 1859 873 1899 esse
906 1838 1048 1908 has,
1072 1859 1206 1919 quae
1237 1840 1296 1897 in
1330 1839 1662 1918 cognitione
1697 1858 1892 1898 rerum
1935 1838 2280 1910 caelestium,
2314 1852 2374 1898 et
2412 1859 2446 1898 a
2476 1850 2686 1898 natura
2714 1857 2819 1897 oc-
2917 1840 2926 1847 ’

744 1936 1124 2007 cultatarum3
1159 1934 1484 2014 proximas,
1513 1954 1646 2013 quae
1678 1937 1737 1994 in
1773 1934 2200 2013 rebuspublicis
2238 1933 2659 2012 gubernandis,
2708 1956 2814 1994 ne-

748 2031 1034 2110 liquisque
1054 2031 1370 2093 virtutibus
1395 2031 1734 2092 exercendis
1764 2044 2091 2105 versentur,
2114 2051 2247 2110 quae
2272 2031 2348 2090 ad
2375 2033 2512 2091 vitae
2539 2031 2820 2091 honesta-

746 2142 862 2187 tem
908 2130 1251 2188 referantur.
1297 2132 1568 2202 Quarum
1608 2128 1745 2188 lieet
1786 2148 1965 2209 parva
2007 2129 2122 2187 sint
2155 2128 2355 2197 initia,
2388 2128 2588 2208 augeri
2615 2140 2817 2187 tamen

751 2245 848 2284 eas
878 2244 1222 2303 progressu,
1251 2239 1311 2286 et
1337 2224 1411 2284 ad
1446 2226 1626 2285 vitam
1655 2225 1883 2286 beatam
1915 2224 2270 2306 perducere,
2303 2231 2336 2299 s
2368 2226 2479 2298 58,
2514 2226 2608 2303 59.

830 2320 924 2380 Ab
958 2321 1049 2381 his
1075 2322 1255 2382 initiis
1285 2322 1360 2383 ad
1391 2322 1638 2402 majora,
1661 2336 1720 2382 et
1745 2321 1881 2382 inde
1908 2324 2324 2401 consequentia
2346 2365 2362 2392 ,
2396 2323 2690 2381 transitur.
2716 2325 2817 2383 Sic.

750 2432 1013 2479 naturam
1061 2419 1358 2480 hominem
1413 2419 1758 2489 instituisse,
1807 2433 1872 2479 ut
1918 2418 1992 2478 ad
2035 2438 2266 2477 omnem
2308 2419 2584 2480 virtutem
2623 2439 2815 2499 capax

747 2530 927 2587 esset;
951 2517 1054 2576 sed
1079 2518 1355 2577 virtutem
1383 2517 1443 2575 in
1464 2537 1539 2576 eo
1560 2536 1687 2576 esse
1713 2515 2046 2576 inchoatam
2069 2528 2293 2574 tantum
2311 2558 2326 2581 ,
2351 2515 2495 2575 nihil
2524 2517 2772 2596 amplius
2795 2542 2812 2573 :

748 2611 824 2670 ab
858 2613 988 2690 ipso
1021 2618 1247 2684 tamen,
1284 2627 1564 2692 quantum
1596 2612 1834 2692 quidem
1864 2613 2108 2684 valeat,
2130 2612 2564 2691 perficiendam.
2597 2615 2814 2675 Mentis

747 2720 941 2767 antem
980 2710 1245 2788 inprimis
1294 2711 1680 2790 appetendam
1720 2730 1845 2771 esse
1891 2710 2341 2790 perfectionem,
2397 2730 2644 2789 eamque
2670 2712 2814 2770 huic

747 2805 1014 2884 corporis
1058 2816 1282 2864 tantum
1328 2819 1635 2884 praestare,
1673 2818 1957 2885 quantum
2001 2805 2244 2885 eogitari
2278 2809 2377 2865 vix
2422 2809 2622 2886 possit.
2663 2810 2814 2866 Hinc

747 2921 978 2960 omnem
1002 2902 1287 2962 honorem
1309 2901 1868 2983 admirationemque
1884 2948 1900 2977 ,
1931 2922 2103 2964 omne
2131 2903 2388 2963 studium
2409 2904 2490 2963 -ad
2517 2906 2812 2972 virtutem,

746 2999 1121 3079 actionesque
1166 2999 1367 3060 virtuti
1409 3011 1823 3060 consentaneas
1868 3000 2138 3060 conferri.
2195 3002 2337 3059 Haec
2380 3014 2571 3061 autem
2615 3001 2812 3059 omnia

749 3097 994 3157 honesta
1024 3096 1169 3169 dici,
1208 3103 1241 3171 5
1272 3097 1387 3176 59,
1430 3096 1523 3157 60.
1573 3099 1716 3155 Haec
1757 3097 1884 3177 ipsa
1928 3116 2072 3156 vero
2115 3095 2385 3169 honesta,
2426 3116 2582 3168 esse,
2628 3109 2692 3154 ut
2731 3116 2812 3154 ex

750 3194 933 3253 nostri
962 3213 1190 3265 amore,
1231 3195 1309 3253 ita
1340 3213 1442 3254 sua
1468 3206 1708 3272 sponte,
1749 3192 2075 3273 expetenda
2115 3216 2130 3251 ε
2181 3192 2357 3271 idque
2399 3195 2457 3253 in
2491 3212 2810 3272 puerorum

747 3291 982 3365 studiis,
1022 3292 1182 3350 velut
1223 3291 1282 3349 in
1316 3291 1566 3370 speculis
1594 3289 1772 3359 cerni.
1817 3293 1885 3348 In
1926 3289 2135 3349 adultis
2166 3291 2454 3349 neminem
2485 3304 2604 3349 tam
2633 3289 2808 3368 dege—

750 3400 1016 3446 neratum
1040 3407 1184 3456 esse,
1212 3387 1353 3464 quin
1379 3386 1739 3465 turpitudine
1763 3385 2114 3457 offendatur,
2145 3385 2606 3466 comprobetque
2639 3386 2810 3445 hone·

750 3495 985 3553 statem,
1014 3482 1062 3541 si
1097 3500 1225 3540 eam
1256 3482 1314 3539 in
1344 3480 1470 3540 aliis
1500 3481 1746 3553 viderit,
1798 3480 2076 3554 audierit,
2122 3484 2321 3561 legerit
2351 3505 2370 3540 r
2396 3481 2572 3560 idque
2619 3483 2808 3560 ipsum

752 3579 840 3636 vel
869 3578 1016 3636 fietis
1044 3577 1105 3635 in
1141 3575 1347 3635 fabulis
1374 3578 1517 3636 lieri.
1548 3583 1767 3637 Omnes
1795 3578 1945 3637 hanc
1973 3579 2340 3639 effectionem
2367 3579 2544 3638 animi
2575 3592 2634 3637 et
2663 3598 2808 3659 pro-

753 3674 931 3747 bare,
973 3688 1031 3734 et
1058 3672 1326 3746 laudare,
1352 3694 1481 3752 quae
1518 3688 1741 3734 tantum
1769 3674 1951 3747 absit,
2006 3689 2070 3734 ut
2110 3676 2418 3736 utilitatem
2445 3689 2705 3754 quaerat,
2748 3691 2810 3734 ut

753 3771 977 3851 potius,
1037 3772 1144 3830 hae
1189 3786 1548 3851 contempta,
1601 3774 1756 3832 colat
1801 3773 1989 3833 fidem.
2039 3775 2226 3853 Hujus
2263 3774 2489 3853 generis
2532 3773 2812 3851 exemplis·

750 3867 1051 3926 historiam
1077 3868 1323 3925 maxime
1358 3887 1655 3928 romanam
1701 3870 1982 3947 repletam
2029 3890 2184 3941 esse,
2226 3870 2493 3943 §61-61..
2544 3875 2608 3928 In
2651 3869 2811 3927 omni

749 3980 941 4025 autem
985 3963 1233 4023 honesto
1271 3962 1412 4022 nihil
1454 3985 1576 4024 esse
1619 3967 1901 4026 illustrius
1928 3967 2230 4027 hominum
2259 3968 2621 4046 cognitione,
2647 3965 2815 4043 cujus

750 4070 979 4126 innatus
1023 4064 1095 4122 sit
1144 4061 1314 4122 nobis
1360 4083 1559 4122 amor:
1603 4066 2127 4144 affectionemque,
2183 4086 2314 4144 quae
2362 4066 2514 4124 hanc
2561 4077 2814 4133 tueatur,

739 4163 1023 4241 justitiam
1058 4160 1377 4241 appellari3
1413 4161 1584 4245 eique
1615 4162 1918 4239 pietatem,
1971 4162 2316 4234 bonitatem,
2371 4160 2770 4221 liberalitatem
2791 4204 2810 4229 ,
