3217 4784
776 371 897 439 DE
948 367 1120 438 FIN.
1173 367 1380 434 BON.
1428 368 1541 433 ET
1594 368 1809 433 MAI..
1867 367 2002 449 Ill,
2053 389 2164 433 21.
2393 370 2532 453 [1¹5

398 517 616 590 quam
652 493 801 562 nati
830 514 982 563 esse
1008 486 1407 572 videamur,
1443 485 1824 557 detrahere
1850 487 2029 584 qnid
2055 499 2130 543 ¹⁰.
2148 487 2239 559 de
2266 489 2534 587 aliquo,

399 600 597 697 quod
661 600 799 671 sibi
846 611 1182 669 assumat.
1239 597 1538 665 Minime
1584 621 1759 666 vero
1815 595 2176 693 probatur
2218 597 2386 671 huic
2430 602 2536 671 ‹li-

368 711 750 809 'sciplinae,
786 709 878 780 de
916 732 1062 805 qua
1098 706 1389 801 loquor,
1425 719 1552 775 aut
1577 707 1959 778 amicitiam
1981 761 2002 796 ,
2039 722 2164 779 aut
2190 710 2536 806 justitiam

401 835 700 917 propter
727 819 1072 890 utilitates
1095 813 1416 898 adscisci,
1446 827 1572 884 aut
1596 814 1891 912 probari
1914 828 1998 886 ¹¹.
2029 818 2310 891 Eaedem
2340 825 2536 893 enim

400 929 806 999 utilitates¹²
837 937 1186 1023 poterunt
1225 947 1346 994 eas
1375 921 1804 994 labefactare
1840 940 2059 1022 atque
2105 946 2533 1027 pervertere.

400 1041 685 1110 Etenim
717 1060 855 1107 nec
892 1035 1205 1130 justitia,
1245 1058 1379 1106 nec
1419 1031 1811 1106 amicitiast
1844 1060 1999 1109 esse
2044 1043 2349 1114 omnino
2400 1069 2536 1141 po·

403 1198 563 1262 iuquit
577 1231 593 1256 ,
622 1213 768 1260 quatu
783 1194 971 1260 praebet
990 1195 1131 1269 Spir.⁸
1141 1210 1235 1259 pro
1252 1211 1285 1242 a
1306 1194 1430 1243 scri·

399 1278 602 1341 psimus.
621 1278 830 1323 Peccsut
855 1275 984 1322 enim
1010 1276 1117 1322 Bes.
1145 1285 1194 1323 et
1221 1274 1354 1324 Gnd.
1386 1291 1432 1332 ι,

401 1356 475 1403 ad
512 1351 762 1422 justitiam
780 1391 797 1417 ‚
839 1353 981 1418 quod
1022 1370 1087 1403 ex
1123 1355 1324 1403 confusa
1368 1354 1433 1402 ab

1514 1187 1712 1251 inquit,
1758 1187 1978 1253 plerique
2029 1206 2198 1239 omnes
2243 1194 2399 1246 codd.
2447 1198 2540 1245 nisi

1514 1266 1655 1331 quod
1681 1283 1810 1315 uuus
1833 1279 1884 1316 et
1909 1268 2031 1317 alter
2069 1270 2353 1321 alterutrum
2385 1277 2539 1326 subst.

1516 1345 1752 1408 singulari
1783 1361 1988 1395 numero
2027 1348 2201 1409 effert,
2231 1362 2286 1399 ut
2314 1353 2443 1403 Gud.
2485 1370 2539 1414 a,

406 1452 517 1484 cnm
549 1434 623 1483 ad
654 1433 917 1499 repetimus
948 1448 962 1482 :
998 1444 1046 1482 ος
1072 1433 1139 1482 ab
1165 1444 1276 1481 ame
1292 1432 1326 1498 j
1349 1449 1435 1481 au-
1506 1423 1735 1490 justitia,
1785 1425 1924 1488 quod
1964 1426 2130 1475 Davis.
2159 1444 2311 1492 quum
2328 1449 2455 1481 uuus
2481 1451 2542 1481 ex

406 1515 533 1564 ctori
559 1531 743 1579 ponere
790 1514 1017 1577 frequens
1058 1523 1151 1561 est.
1192 1515 1264 1560 Ita
1304 1522 1434 1560 recte

411 1592 833 1659 uuperGeruhard
849 1629 866 1655 ‚
882 1593 989 1641 Off.
1014 1593 1037 1638 1
1055 1627 1070 1654 ‚
1095 1606 1184 1655 ις,
1203 1592 1270 1638 62
1290 1625 1305 1646 ,
1325 1606 1433 1637 «re-

403 1684 543 1721 mota
568 1673 631 1721 ab
653 1673 840 1734 justitia
861 1694 886 1713 e-
906 1669 1077 1719 edidit.

478 1767 556 1801 ro.
587 1750 858 1799 Detrahere
875 1747 1079 1813 quidde
1102 1746 1290 1811 aliquo.
1326 1748 1426 1794 Da·

403 1831 496 1880 vis.
522 1846 550 1878 e
576 1829 706 1878 binis
745 1830 918 1877 Pan-iu.
951 1825 1076 1891 quid
1103 1825 1254 1874 deleri
1276 1824 1432 1885 jubet.

408 1911 501 1956 Per
526 1925 577 1956 se
597 1924 700 1957 nou
721 1907 846 1954 male
865 1926 875 1953 ε
899 1905 986 1954 sed
1004 1905 1179 1968 soepius
1202 1903 1329 1968 quid
1337 1914 1438 1952 teu·

407 1987 496 2034 tari
512 1986 791 2045 vidimus,si
817 1995 951 2033 extra
977 1983 1107 2033 illum
1127 1998 1437 2032 communem

407 2064 623 2129 regulam
663 2081 758 2129 pro
789 2063 989 2128 aliquid
1012 2063 1227 2128 positum
1253 2063 1436 2127 reperi-

405 2155 502 2192 tur.
564 2144 735 2193 Nostri
790 2143 925 2191 idem
983 2151 1262 2190 constanter
1315 2142 1435 2190 reti·

408 2232 546 2270 nent.
577 2225 640 2271 G.

482 2317 502 2348 1
517 2316 562 2350 1.
590 2302 698 2348 Aut
722 2297 991 2348 amicitiam
1009 2334 1023 2357 ,
1069 2308 1157 2345 ant
1182 2298 1430 2363 justitiam

452 2413 466 2428 .
487 2415 499 2427 .
558 2378 775 2427 adscisci
793 2412 808 2437 ‚
851 2388 938 2425 aut
982 2376 1206 2441 pmban'.
1270 2376 1436 2425 Primo

409 2460 686 2525 transponit
722 2457 824 2504 Erl.
841 2455 1092 2522 justitiam
1134 2491 1149 2505 .
1171 2488 1185 2501 .
1207 2491 1220 2504 .
1262 2454 1435 2503 amiei-

406 2540 526 2586 tiam
550 2554 570 2585 .·
597 2537 664 2585 ob
689 2535 914 2584 eumdem
953 2536 1003 2583 iu
1038 2535 1281 2600 proximis
1302 2533 1439 2599 posi·

412 2629 515 2665 tum
540 2627 683 2682 puts.
703 2618 817 2663 Hoc
841 2615 957 2662 loeo
975 2615 1137 2680 aptius
1155 2624 1253 2672 est,
1278 2623 1334 2661 ut
1357 2611 1410 2660 id
1424 2648 1438 2672 ,

411 2696 473 2745 de
500 2711 602 2760 quo
633 2695 833 2760 proprie
859 2704 1019 2742 sermo
1045 2703 1144 2752 est,
1172 2691 1438 2756 praemitts·

411 2786 507 2823 tur.
536 2772 728 2822 Deinde
750 2773 856 2820 haec
887 2775 996 2821 Bas.
1034 2773 1108 2819 sic
1130 2781 1286 2819 mutat
1301 2806 1316 2830 ,
1339 2792 1364 2812 α
1387 2780 1439 2818 ut

410 2853 621 2902 amicitia
634 2886 651 2914 ,
671 2862 753 2898 eut
769 2851 960 2911 iustitis
973 2884 987 2898 .
1008 2885 1020 2896 .
1044 2850 1367 2899 ‚adsciscatur
1385 2864 1397 2898 ε
1413 2870 1439 2891 ι·

410 2933 495 2980 sed
527 2929 735 2996 probari
758 2938 966 2976 tractum
995 2927 1057 2976 ad
1083 2945 1223 2992 seqq.
1253 2931 1305 2976 iu
1330 2927 1441 2992 qui·

411 3011 505 3059 bus
549 3008 679 3056 enim
715 3006 923 3064 omittit,
966 3005 1214 3069 relinquit.
1257 3008 1322 3054 At
1364 3008 1439 3055 vis

411 3086 743 3152 corruptionis
763 3101 825 3132 ex
847 3082 981 3133 Gud.
1014 3100 1034 3131 ι
1057 3116 1074 3140 ,
1104 3083 1192 3132 ubi
1215 3083 1366 3132 modo
1388 3096 1443 3132 ut

412 3184 523 3216 cum
552 3162 842 3216 nominandi
870 3161 1061 3211 casibus
1095 3163 1333 3227 reperitur
1350 3197 1364 3221 ,
1391 3173 1441 3211 et

413 3261 473 3294 ex
503 3244 641 3292 Gud.
663 3258 692 3290 a
715 3278 730 3303 ‚
780 3252 945 3307 patet,
972 3241 1024 3287 in
1043 3256 1145 3304 quo
1172 3240 1275 3289 sola
1297 3251 1353 3289 tet
1376 3256 1440 3287 ex

413 3326 537 3373 vitio
559 3334 653 3372 est.
680 3325 745 3371 G.

490 3419 574 3452 ιο.
612 3400 814 3449 Eoedens
851 3398 981 3447 enim
1020 3396 1268 3447 utib'tates.
1309 3396 1444 3446 Editi

414 3493 532 3532 vett.
548 3481 731 3530 habent
756 3478 1058 3542 voluptates.
1088 3477 1187 3526 Sed
1212 3476 1446 3525 utilitates

414 3563 466 3609 in
493 3561 617 3610 Pan.
648 3558 820 3617 tribus,
840 3558 989 3606 Paris.
1008 3573 1083 3620 pr.
1108 3566 1219 3605 tert.
1240 3567 1290 3604 et
1307 3554 1444 3604 Med.

414 3658 506 3689 uec
530 3641 670 3689 aliter
696 3638 961 3687 lambiunt·
987 3636 1159 3685 edidit.
1177 3636 1306 3684 Nem
1322 3634 1445 3683 nihil

415 3722 516 3784 agit
542 3722 811 3778 Gruterus,
855 3717 941 3782 qui
967 3733 1141 3765 vocem
1169 3732 1272 3764 eum
1296 3712 1446 3763 veluti

420 3815 768 3864 supervacuam
804 3797 1018 3861 jugulat.
1072 3793 1253 3843 Eadem
1297 3808 1446 3857 opera

417 3879 594 3927 multas
638 3879 840 3927 Coesaris
875 3878 1276 3940 optimorumque
1321 3872 1441 3919 scri·

423 3968 615 4019 ptornm
635 3956 878 4021 jugularet
902 3955 1178 4019 elegantias.
1204 3954 1336 4000 DAv.

502 4060 520 4090 ι
532 4046 558 4090 3
571 4081 579 4089 .
594 4046 695 4092 Nee
701 4056 892 4109 justitia
909 4077 924 4104 ,
941 4059 1030 4090 nec
1043 4038 1279 4089 amicitia.
1305 4040 1443 4087 Goer.

422 4121 569 4170 scrib.
587 4123 891 4189 aeejastitioe
905 4157 921 4185 ,
944 4139 1031 4171 nec
1051 4119 1300 4169 amicitiae.
1324 4119 1404 4168 Sic
1425 4153 1440 4181 ,

1517 1503 1620 1550 suis
1656 1503 1728 1551 sic
1765 1503 2033 1568 praeberet,
2070 1519 2305 1571 sequutus
2338 1523 2425 1558 est.
2468 1514 2541 1559 Ex

1518 1594 1733 1647 quatuor
1774 1582 1972 1647 quidem
2020 1586 2217 1635 Oxonu.
2242 1604 2366 1637 unus
2392 1591 2543 1639 modo

1519 1675 1632 1708 cum
1693 1672 1906 1724 utroque
1953 1663 2283 1713 multitudinis
2337 1684 2541 1715 numero

1519 1749 1764 1789 notatur:
1802 1740 1888 1787 sed
1913 1741 2024 1802 his,
2066 1742 2133 1790 ob
2176 1761 2349 1808 parum
2396 1763 2541 1796 accu-

1520 1829 1671 1866 ratam
1701 1819 2035 1881 collationem,
2080 1823 2260 1872 incerta
2295 1824 2418 1872 fides
2455 1838 2544 1875 est.

1522 1897 1657 1945 Editi
1683 1909 1853 1947 contra
1887 1911 2007 1949 vett.
2030 1905 2276 1951 communi
2305 1921 2543 1954 consensu

1522 1976 1798 2041 vulgatum,
1827 1995 1960 2028 «nec
1991 1981 2208 2042 justitie,
2247 2000 2337 2032 nec
2377 1985 2543 2032 amici-

1523 2056 1590 2104 tia
1602 2070 1947 2121 ·,sequuutur.
1971 2063 2088 2110 Eru.
2102 2062 2311 2127 justitia
2329 2064 2544 2128 plurium

1520 2151 1776 2184 numerum
1806 2140 2020 2202 respuit:
2042 2141 2128 2188 sed
2145 2143 2304 2191 Brem.
2326 2143 2544 2208 exemplu

1521 2214 1764 2278 laudans,
1789 2233 1901 2280 quae
1926 2235 2071 2283 supra
2098 2221 2159 2267 nd
2187 2222 2233 2277 Ι,
2265 2223 2328 2281 8,
2368 2239 2420 2287 p.
2448 2224 2546 2283 45,

1523 2294 1748 2357 collegit,
1772 2296 1936 2344 minus
1955 2297 2032 2345 his
2054 2300 2339 2352 offenditur.
2359 2305 2549 2351 Auctor

1522 2373 1722 2437 quidem
1748 2373 1811 2422 sd
1848 2375 1929 2423 ills
1970 2378 2069 2425 fere
2095 2381 2290 2439 omnia,
2331 2398 2442 2446 quae
2485 2385 2548 2431 nd

1521 2452 1673 2500 enimi
1692 2455 2010 2519 corporisque
2030 2458 2318 2506 affectiones
2337 2463 2553 2510 referun-

1523 2539 1605 2576 tur
1623 2563 1638 2588 ‚
1667 2531 1951 2579 Graeeorum
1971 2534 2034 2581 sd
2056 2551 2275 2584 nortuum
2292 2571 2307 2596 ,
2347 2539 2552 2589 infinitis

1523 2608 1651 2657 locis
1672 2609 1772 2658 hoe
1807 2626 2014 2661 numero
2047 2616 2217 2664 utitur.
2246 2620 2405 2667 Possis
2437 2622 2549 2684 qui-

1527 2687 1639 2736 dem
1656 2690 1908 2753 potentias
1926 2708 2019 2757 pro
2049 2694 2170 2743 coel.
2200 2712 2258 2759 9,
2289 2713 2350 2746 αι
2371 2734 2386 2758 ,
2423 2700 2555 2748 bem'·

1522 2766 1768 2832 gnitates,
1791 2781 1839 2818 et
1866 2772 1959 2839 alia
1989 2772 2039 2820 id
2068 2789 2221 2838 genus
2248 2777 2452 2839 afferre,
2481 2791 2552 2827 ts-

1524 2862 1639 2894 meu
1659 2848 1768 2908 jure
1787 2849 2033 2899 dubitabis
2049 2853 2259 2915 justitias
2281 2856 2550 2906 admittere.

1525 2925 1745 2975 Plurium
1781 2930 1912 2978 euim
1948 2931 1999 2978 in
2035 2933 2139 2979 istis
2164 2950 2394 2982 numerus
2423 2939 2551 2996 ejus·

1526 3005 1636 3054 dem
1659 3009 1728 3055 rei
1754 3009 2013 3057 varietates
2038 3020 2122 3057 sut
2145 3026 2318 3072 genera
2342 3014 2555 3075 indicat,

1525 3085 1704 3148 quod
1688 3086 2021 3150 injustitiam,
2047 3102 2158 3150 que
2179 3089 2243 3136 ita
2272 3106 2323 3135 re
2338 3106 2434 3138 una
2456 3103 2553 3149 est,

1527 3174 1615 3226 ut,
1646 3164 1741 3212 uisi
1767 3180 1880 3212 cum
1921 3180 1974 3215 es
2006 3166 2281 3228 aequitatem
2313 3170 2555 3218 confude-

1528 3242 1629 3300 ris,
1673 3242 1826 3305 ipsam
1864 3243 1947 3290 vix
1989 3245 2287 3306 cogitatione
2314 3246 2367 3293 in
2392 3260 2556 3311 partes

1531 3319 1796 3368 dissolvere
1822 3322 2007 3385 possis,
2050 3323 2100 3369 in
2125 3324 2340 3387 primis'
2324 3342 2376 3372 m
2401 3328 2554 3375 Stoici

1531 3396 1747 3446 hominis
1768 3414 1853 3448 ore
1877 3413 2050 3465 parum
2069 3413 2198 3450 recte
2223 3403 2371 3453 cedit.
2400 3407 2475 3453 Ae
2495 3423 2557 3454 ne

1533 3492 1661 3540 opus
1696 3478 1893 3541 quidem
1931 3490 2037 3540 est,
2094 3491 2150 3528 ut
2187 3481 2292 3531 haec
2340 3483 2556 3548 plurium

1534 3571 1738 3605 numero
1764 3559 1921 3622 posits
1949 3570 2134 3607 statuas
2162 3573 2176 3607 :
2209 3562 2398 3624 probus
2425 3565 2556 3613 enim

1534 3653 1703 3685 seusus
1733 3640 1893 3686 oritur
1914 3670 1930 3697 ‚
1973 3639 2015 3686 si
2050 3639 2218 3687 eadem
2265 3641 2414 3689 dandi
2442 3661 2556 3693 casu

1534 3717 1804 3780 acceperis,
1830 3716 1921 3764 hac
1945 3716 2041 3765 loci
2069 3718 2144 3780 vi,
2170 3739 2196 3760 α
2216 3719 2446 3770 utilitates
2467 3739 2557 3771 uec

1532 3796 1586 3843 iu
1608 3796 1936 3857 justitiamec
1973 3797 2027 3844 Iu
2061 3797 2270 3846 amicitia
2305 3800 2417 3848 uuae
2456 3819 2560 3850 esse

1532 3885 1738 3941 possunt
1757 3910 1770 3934 ,
1810 3875 1905 3922 uisi
1943 3887 2148 3940 utraque
2189 3894 2277 3941 per
2301 3895 2352 3926 se
2376 3883 2552 3945 expeti-

1534 3967 1615 4004 tur
1637 3976 1681 4004 ιι.
1727 3953 1863 4003 Nihil
1889 3955 2040 4019 igitur
2061 3973 2086 4002 s
2118 3956 2265 4021 codd.
2305 3959 2556 4021 potiorum

1532 4034 1744 4082 lectione
1768 4035 1987 4083 omnium
2015 4035 2364 4084 discedendum
2410 4048 2554 4103 puta·

1529 4129 1702 4162 vimus.
