3217 4784
751 377 887 474 574

1420 384 1514 449 M.
1572 383 1649 449 T.
1705 381 2194 450 CICERONIS

749 499 967 573 habet
993 516 1067 572 ct
1094 503 1459 587 incertam,
1490 515 1572 571 ut
1600 499 2103 573 tantummodo
2131 526 2209 574 se
2235 516 2515 574 tueatur
2531 501 2590 590 ⁶,
2614 507 2886 602 ‘quale-

746 636 1059 710 cumque
1108 613 1218 683 sit·
1264 610 1400 683 Sed
1454 635 1588 682 nec
1636 611 1812 709 quid
1848 614 1975 700 sit,
2016 636 2150 684 nec
2202 613 2379 710 quid
2417 618 2682 711 possit,
2732 642 2888 689 nec

748 722 927 821 quid
974 725 1196 820 ipsius
1241 734 1497 792 natura
1546 723 1670 810 sit,
1722 722 2072 821 intelligit.
2126 725 2369 812 Quum
2411 738 2648 797 autem
2705 750 2886 823 pro-

746 837 952 908 cessit
981 830 1305 931 paulium
1335 886 1355 919 ,
1390 846 1464 903 et
1503 847 1862 929 quatenus
1892 832 2251 931 quidquid
2286 858 2361 905 se
2404 837 2739 932 attingat,
2781 836 2886 908 ad

745 966 968 1040 seque
996 946 1384 1040 pertineat,
1422 943 1826 1040 perspicere
1854 943 2120 1041 coepit,
2142 958 2294 1013 tum
2323 947 2587 1016 sensim
2612 945 2883 1042 incipit

745 1051 1130 1152 progredi,
1173 1074 1473 1150 seseque
1502 1074 1926 1149 agnoscere,
1960 1068 2034 1124 et
2063 1053 2479 1151 intelligere,
2518 1079 2738 1150 qnam
2763 1054 2879 1127 ob

744 1185 1026 1234 causam
1071 1160 1372 1233 habeat7
1416 1185 1614 1249 eum,
1657 1186 1900 1261 quem·
1930 1160 2271 1263 diximus,
2314 1165 2525 1234 animi
2589 1166 2881 1262 appeti·

741 1288 934 1362 tum;
972 1287 1385 1371 coeptatque
1419 1287 1493 1342 et
1525 1294 1645 1361 ea,
1695 1297 1857 1370 quae
1893 1287 2165 1344 naturae
2202 1288 2368 1370 apta
2402 1275 2618 1344 sentit
2636 1270 2694 1363 ⁸,
2735 1298 2877 1374 ap-

740 1399 1022 1483 petere,
1060 1399 1133 1454 et
1184 1383 1603 1479 propulsare
1655 1386 2037 1454 contraria.
2095 1388 2284 1480 Ergo
2329 1386 2528 1454 omni
2575 1387 2874 1457 animali

736 1491 1152 1590 illud,quod
1175 1483 1480 1591 appetit,
1509 1493 1821 1589 positum
1846 1495 2056 1565 estin
2076 1519 2196 1580 eo,
2223 1493 2422 1591 quod
2453 1509 2721 1569 naturae
2753 1512 2876 1567 est

735 1600 1377 1676 accommodatum.
1411 1606 1515 1671 Ita
1542 1601 1707 1673 finis
1735 1601 2103 1674 bonorum
2130 1605 2403 1674 exsistit
2420 1659 2440 1693 ,
2463 1604 2867 1676 secundum

733 1727 1062 1784 naturam
1099 1714 1367 1792 vivere,
1421 1713 1521 1782 sic
1565 1709 1940 1800 affectum,
1991 1728 2070 1785 ut
2115 1716 2389 1812 optime
2449 1713 2632 1786 affici
2683 1741 2863 1813 pos-

628 1852 697 1905 ,5
732 1828 823 1894 sit
836 1833 892 1907 9,
926 1822 1017 1894 ad
1055 1836 1531 1917 naturamque
1561 1821 2320 1894 accommodatissime.
2346 1825 2704 1913 Quoniam
2737 1851 2870 1897 au-

733 1948 880 2004 tem
929 1958 1054 2004 sua
1104 1934 1456 2029 cujusque
1504 1933 1885 2002 animantis
1926 1946 2183 2002 natura
2234 1933 2385 2021 est‚‘
2421 1957 2710 2005 necesse
2751 1950 2866 2006 est

731 2069 1027 2140 quoque
1078 2041 1301 2113 finem
1361 2042 1686 2111 omnium
1745 2040 1939 2112 hunc
1989 2065 2142 2113 esse
2169 2053 2264 2130 ¹⁰,
2315 2057 2399 2113 ut
2443 2057 2695 2115 natura
2740 2070 2864 2116 ex-

730 2253 837 2286 trem
875 2237 1124 2302 prebentg
1166 2234 1304 2299 qnod.
1339 2232 1749 2285 contemnendum

731 2332 832 2364 non
857 2326 961 2377 est,
999 2326 1055 2363 nt
1096 2330 1242 2380 snpra
1284 2313 1497 2363 vidimus
1536 2326 1587 2362 et
1625 2316 1751 2363 infta

736 2396 795 2443 13
816 2431 831 2455 ‚
857 2382 951 2457 32,
988 2393 1281 2442 videbimus.
1310 2394 1420 2442 Nos
1440 2406 1600 2443 nmen
1621 2394 1748 2443 anri-

732 2475 822 2523 bns
839 2475 936 2523 hoe
963 2473 1214 2532 dedimus,
1237 2473 1371 2537 qnod
1404 2490 1506 2521 non
1532 2474 1603 2521 sic
1639 2489 1750 2521 eor·

730 2555 961 2601 reximus.
982 2556 1046 2603 G.

800 2634 851 2680 6.
870 2635 933 2679 Se
949 2642 1162 2688 meacm,
1188 2631 1541 2695 qualecumque
1554 2617 1630 2680 sic.
1650 2633 1745 2682 Co·

728 2710 977 2777 giraudum
1001 2719 1074 2757 est
1097 2723 1110 2756 :
1140 2710 1191 2755 in
1214 2709 1454 2757 animante
1472 2726 1648 2775 nempe
1665 2728 1744 2761 re-

729 2806 844 2840 cens
868 2799 1014 2846 nsto;
1058 2790 1111 2835 in
1137 2803 1239 2851 qno
1289 2789 1532 2852 quidquid
1573 2788 1745 2838 virium

731 2871 853 2919 inest
869 2903 882 2925 ‚
927 2863 1131 2934 δυνάμει
1155 2877 1251 2925 est,
1270 2878 1326 2916 ut
1346 2882 1459 2914 cnm
1484 2867 1748 2918 Aristotele

726 2951 999 3016 loquamur,
1031 2964 1133 2996 non
1158 2945 1382 3018 ἐνεργείᾳ.
1400 2948 1461 2995 G.

801 3050 847 3094 7.
878 3031 1082 3079 Habeat.
1113 3029 1245 3077 Goer.
1276 3028 1359 3076 dat
1385 3026 1530 3074 habet
1550 3061 1565 3088 ,
1589 3039 1750 3077 notat-

726 3126 850 3175 que:
888 3109 1055 3158 Lsmb.
1093 3109 1261 3157 stis.
1299 3109 1413 3155 Ern.
1442 3120 1750 3158 correxerant

726 3191 937 3248 habeat,
987 3189 1179 3253 seriptis
1213 3187 1457 3250 editisque
1498 3186 1749 3251 vulgatum

727 3270 926 3317 modum
951 3266 1337 3317 defendentibus.
1374 3265 1470 3314 Sed
1496 3265 1608 3314 vide
1641 3282 1749 3330 qna

727 3349 788 3397 de
814 3350 910 3397 hoc
932 3347 1200 3395 indicativo
1225 3347 1276 3392 in
1312 3344 1566 3393 indefinita
1593 3347 1746 3394 inter-

726 3428 977 3491 rogatione
996 3427 1273 3474 monnimns
1302 3424 1396 3484 rV,
1427 3434 1492 3482 24
1516 3461 1531 3485 ‚
1574 3424 1660 3485 67.
1679 3452 1747 3461 —

726 3508 910 3556 Olivet-
937 3506 1018 3554 dat
1046 3505 1241 3553 habeat.

799 3589 851 3635 8.
873 3587 1153 3650 Coeptacque
1182 3619 1194 3631 .
1218 3620 1230 3632 .
1254 3618 1267 3631 .
1291 3600 1403 3648 quoe
1419 3595 1616 3632 naturae
1630 3596 1746 3649 apta

729 3664 881 3714 sentit.
915 3666 1052 3713 Goer.
1100 3663 1376 3728 transponit
1411 3662 1556 3711 sentit
1586 3675 1705 3728 apta
1728 3700 1744 3725 ‚

729 3743 1046 3806 observatque
1069 3757 1083 3789 :
1107 3745 1167 3790 In
1185 3743 1544 3805 frequentativo
1559 3741 1747 3790 haerent

729 3821 927 3881 scribe,
966 3831 1022 3868 nt
1061 3819 1237 3868 solent.
1267 3820 1402 3869 Gnd.
1441 3831 1740 3884 2,1eaptat‚

730 3905 837 3953 Bes.
862 3898 1056 3965 capiat,
1098 3899 1225 3947 Ven.
1260 3907 1421 3961 1494,
1463 3909 1631 3949 tentat.
1658 3902 1745 3948 Est

725 3993 885 4032 antem
901 3989 1099 4042 coeptae,
1114 3993 1263 4042 quum
1281 3975 1452 4042 incipit
1466 3978 1709 4042 praecedet
1723 4012 1739 4037 ,

727 4086 752 4106 η
769 4062 920 4129 mgis
957 4061 1202 4123 magisque
1235 4057 1409 4122 incipit
1438 4078 1478 4103 ι.
1518 4058 1741 4121 vulgatae

721 4153 883 4189 sutem
922 4139 1135 4204 positum
1175 4147 1295 4202 apta
1330 4135 1507 4192 sentit,
1537 4146 1737 4183 nostro-

1838 2250 1945 2283 rum
1970 2250 2235 2284 consensus
2254 2235 2497 2294 omnium,
2531 2236 2651 2283 editi
2669 2248 2861 2285 veteres

1837 2316 2012 2380 optimi
2037 2317 2247 2380 quique,
2277 2326 2326 2363 et
2350 2315 2532 2363 Davisii
2563 2316 2734 2377 tacita,
2771 2316 2860 2364 sed

1836 2394 1967 2442 haud
1985 2393 2133 2442 dubie
2153 2395 2346 2458 seriptis
2372 2394 2490 2458 ipsis
2515 2395 2618 2442 nisa
2641 2397 2860 2443 anctori-

1838 2485 1912 2523 tns
1930 2509 1945 2535 ,
1986 2474 2258 2537 relinquere
2280 2475 2456 2538 coegit.

1905 2569 1955 2616 9.
2003 2555 2066 2601 Ue
2113 2553 2292 2617 optime
2338 2550 2480 2619 affici
2504 2553 2674 2617 possit.
2710 2555 2856 2601 Erret

1833 2634 1948 2681 Ern.
1970 2648 2120 2696 qnnm
2143 2632 2291 2696 possis
2325 2631 2463 2679 malit
2495 2647 2509 2680 :
2547 2631 2855 2695 cogitandum

1832 2712 1959 2759 enim
2013 2726 2072 2759 ex
2136 2710 2434 2777 progressis,
2460 2726 2604 2758 omne
2641 2707 2852 2761 animal.

1832 2792 2013 2855 Estque
2038 2789 2119 2838 hic
2151 2788 2265 2838 finis
2289 2791 2422 2838 omni
2449 2789 2641 2838 animali
2660 2823 2677 2847 ‚
2711 2790 2854 2853 qnod

1833 2869 2053 2934 appetitu
2092 2870 2352 2933 preditum
2380 2881 2457 2918 est
2474 2904 2489 2929 ‚
2542 2870 2855 2926 eommunis;

1835 2936 1919 2995 sed
1943 2948 2042 2996 hoe
2069 2947 2377 3008 discrimine,
2402 2958 2479 3005 nt,
2508 2948 2643 3012 qnod
2662 2933 2861 2995 ration}

1836 3026 2119 3076 destitutum
2164 3037 2236 3076 est
2255 3063 2270 3085 ,
2326 3027 2560 3076 instinctu
2598 3026 2658 3074 nd
2700 3023 2857 3075 finem

1834 3107 1980 3155 istum
2001 3108 2196 3155 feratur.
2227 3107 2290 3155 G.

1913 3201 1988 3234 10.
2013 3186 2218 3234 Necesse
2243 3196 2313 3233 est
2335 3202 2550 3250 quoque,
2564 3183 2725 3252 finem
2752 3200 2857 3233 ones

1835 3265 1968 3313 nium
2000 3265 2135 3313 hune
2183 3281 2299 3313 esse.
2349 3267 2481 3314 Goer.
2533 3266 2807 3330 transponit
2836 3279 2854 3314 τ

1833 3358 2026 3393 neeesse
2043 3355 2143 3403 est,
2169 3344 2319 3409 finem
2349 3361 2543 3409 quoque
2568 3341 2778 3391 omnium
2796 3341 2850 3389 k.

1834 3441 1875 3471 e.
1906 3426 2078 3483 Hunc,
2125 3424 2309 3488 inquit,
2346 3425 2598 3473 meliorem
2633 3423 2852 3472 ordinem

1833 3503 2053 3567 praebent
2087 3503 2213 3568 Spir.
2245 3504 2345 3553 Eri.
2372 3516 2424 3553 et
2459 3505 2592 3554 Cret.
2616 3502 2852 3552 Eumdem

1833 3584 2049 3649 positum
2083 3595 2259 3649 suopte
2284 3586 2468 3649 ingenii
2488 3585 2709 3633 acumine
2726 3598 2850 3630 asse-

1833 3673 2013 3728 quutus
2051 3674 2124 3711 est
2160 3664 2313 3722 Reiz,
2353 3664 2440 3727 qni
2463 3664 2530 3711 ita
2557 3663 2609 3709 in
2637 3662 2854 3725 margine

1831 3741 2115 3806 exemplaris
2150 3742 2225 3789 sni
2257 3741 2403 3790 scribi
2432 3740 2643 3799 jusserit.
2675 3740 2852 3787 Offen-

1834 3818 1958 3867 disse
1987 3821 2041 3867 in
2073 3819 2171 3868 hoe
2212 3821 2377 3884 positu
2413 3816 2637 3865 librarios
2675 3828 2813 3882 patet
2837 3832 2854 3863 τ

1831 3913 1941 3946 nam
1964 3901 2074 3947 Bas.
2104 3911 2153 3948 et
2187 3900 2337 3948 Mars.
2358 3919 2386 3940 σι
2404 3912 2599 3944 necesse
2621 3907 2695 3945 est
2723 3911 2854 3959 qno-

1829 3993 1927 4041 que
1950 3978 2166 4026 omnium
2186 3977 2270 4027 fin.
2284 3999 2308 4018 κ
2322 3979 2446 4024 Ven.
2474 3982 2636 4038 1494,
2656 3991 2853 4040 quoque

1827 4057 2025 4122 ignorat
2055 4074 2067 4107 2
2093 4070 2142 4106 et
2173 4059 2286 4104 item
2317 4054 2528 4104 omnium
2544 4055 2726 4125 finem.
2754 4053 2851 4103 Sed

1825 4148 1882 4184 nt
1908 4136 2142 4184 sententia
2167 4135 2260 4183 loci
2290 4136 2389 4183 vim
2418 4135 2570 4201 magis
2596 4137 2649 4183 in
2661 4133 2840 4202 finem,
