3217 4784
696 438 786 532 74

1365 440 1462 506 Μ.
1509 439 1586 505 Τ.
1640 433 2121 506 CICERONIS

687 555 921 629 fuisse.
966 560 1325 653 Torquem
1367 555 1671 627 detraxit
1711 556 1922 627 hosti.
1975 558 2065 624 Et
2110 551 2404 650 quidem
2447 576 2522 623 se
2577 554 2788 637 texit,

687 691 779 738 ne
829 668 1174 739 interiret.
1220 670 1312 737 At
1362 691 1704 764 magnum
1754 665 2156 763 periculum
2203 662 2394 734 adiit.
2433 667 2515 731 ln
2562 661 2789 732 oculis

688 775 982 872 quidem
1007 768 1071 818 ¹⁸
1103 777 1476 855 exercitus.
1524 775 1717 866 Quid
1765 799 1853 845 ex
1899 798 1985 844 eo
2030 784 2520 868 consequutus
2554 770 2792 840 est19?

685 883 1001 956 Laudem
1064 901 1135 957 et
1180 887 1588 958 caritatem:
1622 909 1783 981 quae
1828 898 1996 954 sunt
2033 886 2194 952 vitae
2231 882 2383 952 sine
2419 893 2617 950 metu
2662 879 2791 950 de-

685 991 933 1090 gendae
966 995 1288 1092 praesidia
1323 995 1743 1067 firmissima.
1784 993 2046 1063 Filium
2086 1005 2320 1062 morte
2358 988 2787 1060 multavitw.

686 1105 757 1174 Si
807 1104 958 1175 sine
1007 1129 1247 1193 causa,
1283 1105 1549 1181 nollem
1590 1129 1709 1175 me
1752 1103 1844 1174 ab
1897 1127 1986 1173 eo
2023 1115 2300 1187 ortum,
2337 1113 2481 1169 tam
2525 1099 2794 1195 impor-

687 1226 908 1298 tuno,
962 1226 1252 1311 tamque
1304 1213 1596 1285 crudeli.
1660 1215 1787 1285 Sin
1841 1225 1924 1283 ut
1978 1209 2230 1281 dolore
2294 1232 2426 1279 suo
2486 1208 2795 1280 sanciret

685 1321 1007 1393 militaris
1053 1325 1339 1421 imperii
1399 1316 1882 1420 disciplinam,
1930 1320 2466 1414 exercitumque
2508 1321 2583 1389 in
2633 1341 2794 1416 gra-

684 1431 972 1502 vissimo
1031 1432 1223 1504 bello
1261 1433 1891 1505 animadversionis
1941 1443 2142 1501 metu
2198 1431 2641 1514 contineret3
2686 1450 2791 1497 sa-

686 1540 822 1612 luti
877 1547 1244 1640 prospexit
1300 1546 1594 1631 civium,
1632 1566 1776 1638 qua
1825 1537 2269 1636 intelligebat
2323 1548 2382 1581 ²¹
2441 1534 2795 1605 contineri

528 1660 533 1669 '
589 1668 655 1720 36
690 1675 912 1722 suam.
936 1655 1171 1777 Atque
1194 1652 1342 1725 haec
1367 1657 1551 1725 ratio
1574 1596 1718 1723 late
1749 1664 1960 1749 patet.
1990 1654 2077 1720 In
2101 1670 2250 1744 quo
2273 1647 2463 1716 enim
2489 1642 2796 1713 maxime

689 1764 1060 1833 consuevit
1080 1763 1345 1857 jactare
1374 1777 1613 1833 vestra
1642 1785 1717 1832 se
1754 1759 2022 1846 oratiO,
2055 1772 2180 1827 tua
2208 1755 2639 1853 praesertim,
2671 1749 2799 1846 qui

690 1858 1007 1943 studiose
1061 1874 1353 1968 antiqua
1402 1873 1888 1967 persequeriS‚
1925 1868 2127 1938 claris
2168 1879 2240 1936 et
2282 1860 2591 1934 fortibus
2632 1859 2798 1929 viris

690 1981 1357 2069 commemorandis,
1372 2003 1773 2075 eorumque
1791 1976 1990 2048 sactis
2006 2001 2152 2047 non
2171 1973 2659 2046 emolumento
2673 1966 2798 2038 ali-

693 2115 876 2187 qu0,
901 2090 1062 2163 sed
1044 2093 1265 2189 ipsius
1292 2090 1688 2161 honestatis
1714 2088 2011 2173 decore,
2029 2083 2439 2169 laudandis,
2466 2079 2540 2151 id
2565 2094 2800 2151 totum

700 2203 1041 2271 evertitur
1073 2224 1161 2271 eo
1192 2199 1471 2272 delectu
1511 2206 1864 2287 rerum22,
1892 2219 2107 2293 quem
2144 2192 2361 2264 modo
2399 2191 2585 2278 dixi,
2625 2213 2799 2260 con-

770 2455 850 2503 18.
873 2456 936 2502 In
973 2454 1124 2503 oeulis
1157 2453 1366 2519 quidem.
1406 2456 1554 2502 Forte
1588 2453 1708 2500 ecri-

694 2534 907 2582 bendum
929 2544 977 2582 et
1005 2533 1058 2583 in
1076 2533 1226 2582 oculis
1243 2533 1435 2599 quidem
1454 2548 1541 2581 ex.
1557 2546 1706 2595 quum

696 2613 831 2662 Gud.
862 2629 890 2663 2
922 2624 971 2660 et
1006 2614 1114 2660 Bae.
1142 2611 1265 2659 etin
1306 2611 1467 2659 oculos
1484 2618 1705 2674 peccent.

699 2692 760 2738 In
783 2691 1020 2755 proximis
1044 2689 1256 2737 diverbia
1291 2689 1532 2738 dinotavit
1582 2688 1709 2735 Mat-

698 2769 816 2818 thia.-
830 2805 844 2829 ,
869 2771 954 2833 qui
974 2768 1103 2816 idem
1122 2767 1263 2816 simul
1287 2768 1470 2832 primun
1494 2763 1710 2813 animad-

697 2849 843 2919 yet-tit
857 2884 872 2908 ‚
889 2847 965 2895 bia
982 2863 1146 2909 voces,
1164 2858 1215 2894 et
1224 2846 1436 2911 quidem,
1453 2845 1704 2894 inservire.

697 2929 877 2977 Prteter
918 2943 972 2976 ea
1013 2926 1149 2987 loca,
1175 2927 1406 2991 qua-ipae
1434 2961 1449 2986 ,
1490 2941 1544 2990 p.
1575 2938 1709 2983 102,

697 3006 871 3067 babet,
889 3007 951 3056 cf.
972 3008 1106 3056 om.
1136 3007 1230 3065 50,
1262 3006 1358 3053 168
1382 3019 1396 3053 ε
1424 3025 1446 3047 ιι
1480 3016 1581 3051 nou
1609 3011 1712 3049 erat

698 3086 794 3135 hoc
819 3086 949 3150 apud
966 3097 1152 3135 veteres
1179 3119 1192 3132 .
1212 3119 1227 3133 .
1249 3120 1262 3133 .
1290 3087 1352 3133 Et
1367 3082 1564 3147 quidem
1589 3080 1713 3129 nihil

705 3165 838 3213 aliud
865 3166 963 3213 sere
999 3180 1100 3214 uon
1131 3175 1292 3213 erata.
1328 3161 1548 3212 Diverbii
1573 3160 1709 3224 sigua

702 3258 836 3307 eque
858 3243 930 3291 ibi
947 3242 1088 3309 editis
1111 3242 1273 3290 addes.
1294 3246 1357 3292 G.
1575 3245 1581 3254 '

779 3337 860 3384 ¹9·
892 3321 1023 3383 Quid
1044 3337 1111 3369 ea.-
1146 3338 1203 3369 eo
1235 3330 1554 3385 consequutus
1591 3321 1712 3366 est?

705 3401 840 3449 Goer.
866 3400 1011 3448 scrib.
1041 3399 1181 3464 quod
1194 3416 1260 3448 ea:
1284 3416 1341 3447 eo
1364 3410 1436 3447 est
1450 3411 1715 3462 consequu-

707 3490 782 3526 tus
798 3484 826 3527 ι’
847 3482 918 3526 Ita
939 3514 954 3537 ,
977 3478 1136 3542 inquit
1154 3514 1169 3538 ‚
1210 3479 1459 3543 transponi
1472 3479 1717 3538 iuuerunt

707 3559 803 3606 Erl.
825 3558 953 3623 Spir.
974 3557 1106 3606 Gud.
1130 3573 1173 3616 ι,
1196 3558 1305 3606 Bae.
1327 3558 1432 3605 Nec
1450 3555 1588 3603 aliter
1603 3553 1716 3601 edd.

706 3646 827 3684 vett.
868 3651 980 3684 cum
1005 3638 1060 3683 P.
1101 3637 1248 3683 Mara.
1278 3645 1327 3683 et
1370 3635 1500 3682 cm.
1539 3632 1717 3697 plures.

708 3715 840 3765 Gud.
885 3730 912 3763 a
929 3749 944 3773 ,
994 3714 1302 3777 consequitur
1338 3723 1522 3777 peccat.
1556 3710 1720 3772 Vulgo

709 3804 1029 3857 consequutus
1067 3802 1155 3840 est.
1195 3792 1364 3855 Coegit
1403 3791 1542 3838 illum
1581 3788 1721 3836 verbi

710 3870 929 3919 ordinem
964 3880 1185 3918 nostrum
1228 3870 1383 3917 facere
1416 3868 1525 3915 eoui
1572 3866 1720 3923 ratio,

709 3953 859 4014 'quum
876 3949 931 3996 in
950 3949 1129 4013 quid..

711 4029 788 4076 eit.

783 4122 868 4157 ao.
895 4106 1141 4156 Multam't.
1167 4106 1399 4169 Quoeres
1384 4120 1434 4152 nu
1462 4102 1715 4159 multavit,

710 4203 820 4249 quae
861 4186 1040 4234 rectior
1089 4186 1149 4233 sit
1191 4183 1431 4232 scribendi
1470 4183 1643 4230 ratio?
1679 4181 1717 4228 si

1150 3958 1505 4012 .eonsequutus
1528 3945 1626 3993 loci
1648 3945 1723 3992 via

1791 2447 2035 2497 Bremium
2066 2443 2245 2492 viderie
2278 2438 2527 2489 mulctavit
2559 2437 2799 2487 edentem.

1792 2526 1898 2575 Nos
1925 2523 2117 2589 quidem
2143 2521 2243 2569 duo
2270 2518 2417 2566 modo
2441 2517 2800 2580 distinguimus,

1793 2603 2005 2652 medeare
2023 2636 2038 2662 ,
2066 2598 2201 2665 quod
2229 2599 2333 2659 eiua
2368 2596 2466 2644 loci
2491 2611 2593 2643 non
2622 2603 2696 2641 eat
2715 2627 2729 2652 ,
2755 2600 2806 2639 et

1796 2682 2002 2730 multare
2021 2717 2036 2743 ,
2072 2690 2129 2728 ut
2168 2677 2406 2726 edidimus
2434 2688 2449 2724 ε
2480 2673 2665 2722 tertiam
2701 2671 2804 2719 for·

1795 2776 1921 2809 mam
1956 2758 2166 2808 librariis
2193 2755 2522 2806 adscribimus.
2552 2754 2715 2816 Atque
2736 2750 2804 2798 ita

1795 2841 1940 2890 etiam
1971 2838 2204 2888 celebrem
2249 2835 2386 2883 illum
2437 2830 2615 2881 Bremii
2657 2830 2806 2893 magi-

1797 2918 2196 2981 strumjudicaaae
2219 2913 2437 2962 videmus
2453 2913 2599 2960 Tunc.
2626 2911 2649 2957 1
2676 2945 2690 2969 ,
2714 2923 2805 2966 aa,

1802 2998 1883 3047 50.
1918 2997 2021 3045 Nec
2049 2996 2188 3044 aliter
2211 2993 2421 3042 docuere
2443 3005 2545 3038 uuo
2572 3000 2808 3036 consentu

1797 3076 2046 3125 ‘Victorius
2061 3111 2076 3135 ,
2111 3072 2372 3122 Lambinus
2388 3103 2402 3127 ,

1799 3156 2008 3216 rentiua,
2028 3165 2125 3203 etc.
2145 3155 2210 3202 G.

1868 3251 1951 3286 at.
1977 3237 2089 3300 Qua
2110 3228 2423 3294 intelligebat.
2460 3228 2573 3289 Qua
2598 3232 2670 3271 cet
2692 3219 2810 3285 quia

1797 3315 1892 3363 hac
1907 3349 1921 3374 ,
1944 3325 2003 3362 ut
2034 3327 2177 3376 sepe.
2207 3310 2271 3355 Et
2296 3304 2442 3361 verba
2460 3338 2473 3361 ,
2512 3324 2537 3344 α
2560 3302 2667 3349 haec
2688 3300 2811 3347 ratio

1799 3396 1893 3443 late
1917 3401 2086 3457 patet»
2102 3424 2119 3449 ‚
2151 3385 2328 3452 quibus
2349 3383 2513 3447 plum
2537 3389 2587 3427 et
2609 3378 2777 3442 scripti
2794 3410 2810 3435 ,

1801 3481 1850 3519 et
1875 3469 1995 3518 editi
2014 3505 2032 3531 ,
2054 3466 2128 3516 ad
2147 3464 2271 3512 male
2297 3460 2624 3527 promittuut,
2650 3457 2811 3505 notia-

1803 3549 1920 3597 eima
1941 3563 2045 3595 esee
2068 3544 2246 3593 debent
2268 3540 2553 3589 Ciceronem
2579 3550 2688 3583 cum
2709 3534 2812 3581 sru-

1805 3639 1887 3676 etu
1912 3622 2198 3689 legentibus.
2230 3621 2292 3669 G.

1881 3720 1965 3754 aa.
2001 3704 2074 3751 Eo
2117 3701 2306 3749 delectu
2346 3710 2521 3744 rerum.
2559 3691 2817 3740 verissima

1808 3796 1880 3833 eet
1923 3782 2127 3846 vulgate
2154 3774 2346 3827 tectim:
2378 3773 2464 3821 aed
2488 3772 2661 3819 mirum
2683 3767 2818 3833 quod

1808 3862 1977 3911 ecriboe
2002 3862 2054 3908 iu
2078 3857 2240 3907 omnia
2274 3853 2395 3912 alia,
2423 3874 2450 3894 α
2477 3849 2695 3905 deflexu,
2736 3846 2818 3894 de-

1809 3941 1948 3989 fluxu
1968 3972 1983 3997 ,
2029 3936 2221 3984 defectu
2256 3954 2285 3974 a·
2305 3967 2323 3993 ,
2374 3940 2623 3993 vagantur.
2674 3926 2816 3975 Forte

1808 4017 2052 4069 inauditus
2086 4023 2185 4061 erat
2229 4010 2334 4058 ictis
2366 4008 2501 4056 vocis
2534 4005 2614 4053 hic
2639 4015 2818 4068 quartae

1803 4096 2027 4148 flexioni-
2052 4108 2196 4148 ume,
2222 4105 2374 4153 quum
2398 4086 2678 4149 degenerata
2704 4084 2813 4132 lati·

1804 4179 1928 4226 nitas
1953 4171 2118 4222 eleccio
2146 4179 2311 4236 ponat.
2336 4169 2399 4215 G.

2439 3067 2631 3131 Lipsius
2645 3099 2659 3124 ,
2685 3067 2810 3112 Tor·
