3217 4784
692 362 699 369 ’
801 406 923 471 DE
972 405 1145 472 FIN.
1197 402 1407 470 BON.
1456 403 1569 468 ET
1618 403 1836 469 MAI..
1893 404 1995 486 11,
2043 427 2153 470 20.

411 525 910 623 Carthaginem
951 527 1393 609 revertisset,
1428 537 1580 592 tum
1625 522 1944 620 ipsum¹³
1969 580 1987 609 ‚
2027 550 2253 622 quum
2292 527 2543 624 vigiliis

411 653 481 708 et
526 636 711 708 farne
758 639 1221 719 cruciaretur,
1271 633 1527 703 clamat
1572 638 1798 704 virtus
1846 634 2241 707 beatiorem
2286 635 2543 722 fuisse,

408 772 623 844 quam
677 760 1049 844 potantem
1097 746 1170 812 in
1215 767 1377 812 rosa
1412 743 1785 813 Thorium.

505 857 693 929 Bella
734 878 989 949 magna
1026 866 1369 950 gesserat3
1402 851 1515 923 bis
1543 852 1799 923 consul
1831 853 2098 938 fuerat3
2140 857 2540 956 triumpha-

407 983 514 1038 rat
550 996 566 1037 :
611 992 746 1038 nec
786 980 1023 1035 tamen
1066 987 1193 1033 sua
1232 963 1348 1032 illa
1388 964 1870 1061 superior-2114,
1907 978 2054 1035 tarn
2091 993 2375 1066 magna,
2420 995 2543 1040 ne·-

408 1104 551 1175 que
612 1091 755 1146 tarn
824 1074 1159 1171 praeclara
1225 1072 1569 1157 ducebat,
1640 1098 1858 1169 quam
1929 1074 2133 1144 illum
2207 1078 2540 1149 ultimum

407 1212 690 1270 casum,
745 1208 964 1282 quem
1017 1198 1318 1281 propter
1367 1182 1584 1253 fidem
1635 1184 2257 1281 constantiamque
2308 1212 2541 1259 susce·

411 1313 611 1395 perat
647 1323 662 1365 z
704 1296 830 1393 qui
867 1292 1079 1364 nobis
1117 1293 1543 1364 miserabilis
1577 1292 1865 1364 videtur
1906 1291 2400 1385 audientibus,
2436 1297 2538 1368 illi

405 1407 839 1505 perpetienti
880 1419 1030 1476 erat
1072 1406 1515 1503 voluptarius
1540 1401 1624 1473 ¹⁵.
1673 1408 1838 1476 Non
1895 1404 2086 1472 enim
2141 1402 2536 1493 hilaritate,

405 1541 538 1588 nec
584 1517 900 1603 lascivia,
946 1541 1079 1587 nec
1113 1518 1298 1599 risu,
1342 1528 1463 1584 aut
1492 1515 1696 1607 j0c0,
1733 1515 1997 1582 comite
2031 1512 2369 1600 levitatiS,
2409 1520 2535 1588 sed

404 1652 588 1725 saepe
620 1630 835 1699 etiam
871 1629 1108 1697 tristes
1141 1624 1478 1694 firmitate
1510 1638 1581 1692 et
1616 1624 2015 1693 constantia
2045 1623 2299 1694 sunt¹⁶
2323 1624 2535 1698 beati.

2405 409 2539 500 237

402 1851 504 1898 haee
532 1860 663 1897 recte
690 1832 838 1896 at’abit
865 1860 877 1893 z
906 1860 1016 1892 uam
1042 1860 1155 1891 saue
1179 1844 1251 1891 vis
1283 1843 1428 1890 inter·

402 1944 463 1974 ua
491 1938 620 1984 erat,
660 1944 755 1991 qua
790 1923 1076 1988 adigebatur
1114 1923 1332 1987 Regulus
1363 1923 1427 1970 ad

402 2007 687 2053 servandam
702 2002 1021 2065 jurisjurandi
1051 2001 1212 2053 fldem.
1250 2005 1425 2051 Sensus

402 2086 551 2148 igitur
575 2096 673 2143 est,
713 2105 735 2126 ιι
760 2082 894 2130 nulla
911 2083 1003 2129 alia
1024 2083 1100 2141 vi,
1123 2100 1267 2147 quam
1282 2086 1427 2144 iuris-

397 2161 626 2223 jurandi,
647 2177 749 2225 quo
778 2178 829 2207 ae
854 2160 918 2208 ad
938 2159 1147 2209 reditum
1162 2164 1423 2225 obligarat,

400 2241 663 2304 praeataudi
682 2241 869 2287 interna
884 2239 1086 2287 adactus
1106 2262 1148 2289 a.
1170 2242 1309 2288 Hosti
1323 2257 1421 2289 non

403 2322 508 2367 siue
535 2321 584 2367 vi
610 2318 847 2368 enuntiati
879 2318 1141 2365 clausulam
1174 2331 1420 2383 occupat:

400 2400 583 2447 scilicet
599 2400 679 2445 cui
702 2398 852 2461 vulgo
870 2397 1016 2446 fidem
1036 2395 1218 2445 nullam
1238 2399 1422 2445 haben-

398 2479 511 2525 dam
538 2489 732 2544 putant.
758 2478 819 2526 G.

476 2559 558 2606 13.
585 2559 703 2603 Tam
721 2556 893 2621 ipsum.
917 2560 1067 2606 Recte
1083 2567 1245 2606 tuetur
1262 2559 1418 2605 Brem.

394 2648 493 2683 tum
514 2672 527 2694 ‚
552 2638 751 2684 Davisio
766 2653 793 2684 e
809 2636 909 2684 Pal.
936 2653 958 2686 1
986 2654 1093 2684 eum
1113 2635 1417 2699 scurrigente.

398 2717 497 2762 Etsi
524 2716 593 2762 sie
623 2717 767 2763 etiam
803 2718 929 2780 Spir.
970 2727 1017 2762 et
1044 2716 1141 2763 Erl.
1170 2727 1332 2764 tamen
1358 2732 1418 2764 ex

396 2794 526 2842 Gud.
543 2811 571 2842 2
595 2830 609 2852 ,
643 2795 727 2856 qui
753 2810 862 2840 cam
890 2795 1035 2841 refert
1051 2830 1065 2852 ‚
1091 2796 1419 2858 corruptionis

396 2873 522 2919 viam
547 2872 699 2919 vides.
729 2874 845 2919 Tum
872 2884 943 2919 est
966 2890 1023 2919 eo
1044 2874 1146 2937 ipso
1174 2885 1417 2937 tempore:

395 2962 564 3000 contra
616 2966 731 2997 vero
778 2967 886 2997 eum
927 2950 1130 2998 nimium
1182 2965 1415 3015 quantum

393 3031 601 3092 languet.
626 3031 848 3077 Ceterum
880 3029 939 3075 de
968 3030 1143 3092 Reguli
1171 3031 1415 3093 supplicio

394 3109 460 3157 ita
486 3109 746 3172 scriptores
782 3109 970 3154 variant
993 3108 1011 3167 (
1032 3108 1143 3154 vide
1168 3109 1414 3157 Drakeub.

393 3186 455 3234 ad
486 3188 576 3237 sil.
606 3187 715 3237 Ital.
738 3189 808 3233 Vl
825 3224 839 3247 ,
875 3203 925 3234 v.
951 3188 1051 3248 539
1070 3186 1090 3251 )
1108 3220 1122 3243 ,
1152 3197 1206 3234 ut
1222 3189 1416 3249 angusti

394 3283 509 3314 saue
543 3266 719 3327 iudicii
771 3267 943 3322 fuerit,
987 3265 1281 3328 prodigiosis
1319 3265 1416 3311 inis

396 3361 648 3408 poeuarum
687 3344 946 3407 generibus
976 3342 1122 3390 fidem
1154 3342 1413 3405 addicere,

391 3426 576 3489 quippe
594 3441 702 3487 quae
724 3440 975 3485 expressas
995 3423 1046 3469 in
1076 3439 1178 3469 sese
1200 3420 1415 3469 fictionis

392 3515 532 3552 notas
552 3513 738 3566 gerant.
758 3502 916 3550 Facile
941 3502 1088 3563 igitur
1109 3500 1172 3548 ad
1191 3500 1413 3547 Palmerii

392 3583 676 3630 sententiam
696 3581 922 3637 accedes,
950 3582 1112 3627 nixam
1155 3580 1303 3628 Diod.
1344 3581 1415 3627 Si-

390 3662 487 3709 culi
529 3663 830 3725 fragmento,
874 3660 1210 3722 Regulumque
1236 3659 1410 3706 morbo

389 3741 595 3788 naturali
629 3739 920 3803 Cartbagine
937 3749 1183 3785 mortuum
1199 3772 1213 3795 ,
1234 3739 1414 3801 proba-

388 3818 536 3867 biliu-
554 3819 817 3880 judicabia.
855 3818 982 3865 Vide
1009 3817 1141 3865 illius
1178 3818 1410 3865 Exci-citt.

387 3898 451 3944 ad
470 3899 682 3962 Appian.
705 3914 816 3961 pag.
845 3898 933 3946 151
968 3913 1102 3960 seqq.
1128 3898 1411 3945 Ciceronem

388 3987 546 4025 autem
575 3978 703 4041 vulgi
722 3978 1005 4026 seutentiam
1032 3989 1288 4040 sequutum
1305 4013 1320 4035 ,
1350 3993 1411 4024 ue

388 4057 578 4103 mireris
614 4072 626 4104 ι
673 4059 758 4120 qui
811 4058 850 4104 si
891 4058 969 4105 vel
1014 4058 1105 4104 ista
1142 4057 1191 4104 in
1236 4055 1410 4103 fabulis

389 4134 656 4196 posuisset,
700 4146 793 4184 tam
832 4136 1010 4184 bellum
1046 4149 1205 4185 tamen
1247 4152 1409 4183 exem·

1514 1844 1680 1907 plum,
1718 1843 1853 1907 quod
1880 1844 1958 1891 vel
1985 1842 2373 1907 splendidisaima
2400 1847 2538 1894 Grae-

1513 1938 1681 1970 corum
1726 1924 1946 1988 exempla
1991 1922 2238 1986 aequabat,
2289 1924 2411 1987 eripi
2441 1925 2534 1972 sibi

1511 2018 1777 2066 numquam
1794 2013 2055 2068 pateretur.
2069 2003 2190 2052 Inde
2202 2002 2373 2051 eodem
2390 2006 2532 2052 etiam

1511 2098 1640 2145 saepe
1679 2084 1886 2131 multum
1920 2084 2094 2131 utitur.
2124 2082 2200 2131 Cf.
2226 2084 2533 2147 potissimum

1510 2160 1636 2209 iufra
1662 2165 1716 2221 V,
1736 2179 1821 2221 27,
1841 2161 2030 2220 823011.
2049 2163 2151 2210 Off.
2174 2165 2278 2225 111,
2301 2163 2531 2225 a7et28,

1511 2250 1607 2288 etc.
1635 2240 1749 2288 Aul.
1777 2240 1904 2289 Gell.
1925 2241 2013 2289 lib.
2032 2243 2129 2296 VI,
2166 2257 2274 2306 cap.
2295 2250 2324 2298 4
2343 2255 2359 2301 3
2380 2243 2529 2292 Tuae.

1510 2320 1574 2375 V,
1622 2321 1690 2379 53
1724 2318 1910 2378 Off-1,
1950 2319 2211 2375 13;F101·.
2240 2323 2317 2379 11,
2367 2338 2430 2383 ²3
2478 2323 2528 2371 in

1514 2396 1682 2443 Pisou.
1710 2413 1803 2457 19;
1827 2398 2000 2444 Horat.
2038 2399 2142 2455 111,
2181 2400 2228 2448 5.
2255 2401 2318 2448 G.

1585 2485 1665 2532 14.
1684 2478 1783 2522 Sua
1817 2474 1905 2522 illa
1936 2474 2197 2539 superiora.
2229 2479 2361 2527 Goer.
2385 2480 2530 2529 *delet

1506 2570 1615 2601 sua.
1633 2557 1744 2602 Hoc
1759 2589 1775 2615 ,
1791 2555 2094 2618 inquit,Baa.
2110 2555 2317 2618 ignorat.
2339 2560 2467 2622 Spir.
2481 2573 2528 2609 et

1506 2635 1605 2682 Erl.
1623 2634 1808 2683 illasaa
1821 2651 1931 2699 sap.
1947 2636 2194 2700 praebent:
2221 2639 2386 2687 Davis,
2410 2655 2529 2688 con-

1507 2724 1577 2760 tra
1589 2730 1651 2761 ex
1664 2714 1956 2777 quibusdam
1970 2716 2088 2774 auia,
2103 2727 2149 2762 et
2159 2733 2219 2763 ex
2230 2718 2527 2778 Victoriana,

1502 2810 1595 2840 sua
1614 2811 1715 2858 sup.
1736 2793 1822 2842 illa
1842 2794 2004 2853 dedit,
2023 2806 2078 2842 ut
2098 2796 2247 2844 Mars.
2266 2797 2528 2862 pluresque

1503 2884 1622 2922 vett.
1651 2875 1751 2921 cusi
1777 2873 2028 2922 exhibent.
2065 2874 2160 2922 Sed
2191 2874 2320 2922 idem
2341 2892 2428 2923 sua
2445 2894 2526 2923 au-

1502 2962 1720 3014 spectum
1749 2968 1900 3015 quum
1939 2951 2147 3007 habeat;
2190 2967 2283 2997 noa
2327 2953 2434 3000 Bas.
2475 2954 2523 2999 in

1500 3031 1590 3077 hac
1613 3031 1841 3078 lectionis
1857 3029 2171 3091 ambiguitate
2189 3029 2297 3087 jure
2322 3045 2523 3092 sequen-

1501 3108 1618 3155 dum
1640 3126 1742 3156 esse
1750 3107 2093 3168 judicavimuS.
2106 3108 2181 3153 Ne
2195 3115 2352 3152 autem
2374 3117 2524 3156 traua-

1500 3187 1658 3249 posita
1699 3186 1817 3232 velia
1839 3217 1853 3241 ‚
1894 3183 2089 3231 notabis
2134 3185 2388 3247 superiora
2438 3204 2523 3250 per

1498 3265 1857 3328 appositionem
1890 3262 2006 3309 addi
2033 3297 2047 3320 ,
2077 3263 2110 3311 i.
2148 3280 2190 3309 e.
2218 3285 2243 3304 u
2264 3262 2344 3311 illa
2364 3299 2381 3324 ‚
2411 3282 2522 3330 quae

1499 3343 1720 3406 superius
1743 3352 1950 3404 gesserat
1971 3364 1994 3381 ›-
2026 3355 2040 3389 :
2064 3342 2132 3389 sic
2152 3342 2376 3406 vulgatus
2394 3346 2520 3393 ordo

1498 3418 1851 3483 praeferendus.

1580 3500 1655 3546 15.
1685 3498 2016 3562 Voluptare‘as.
2045 3500 2201 3547 Facile
2237 3503 2438 3550 Daviaio
2465 3503 2521 3552 fi-

1502 3578 1613 3625 dem
1633 3576 1867 3625 habemus
1884 3614 1898 3636 ,
1933 3580 2018 3642 qui
2065 3595 2125 3625 ex
2171 3597 2272 3627 uno
2315 3599 2405 3630 suo
2447 3587 2515 3631 sic

1498 3658 1680 3720 primus
1720 3656 1877 3718 dedit,
1916 3658 2093 3705 uostris
2137 3661 2364 3708 omnibus
2408 3679 2518 3710 cum

1496 3738 1613 3786 olim
1671 3737 1864 3800 vulgata
1905 3739 2219 3787 voluntarius
2262 3742 2521 3805 praebenti-

1496 3818 1589 3865 bus
1623 3832 1635 3864 :
1661 3818 1726 3864 ita
1760 3817 1888 3864 enim
1909 3817 2023 3865 alibi
2046 3820 2222 3882 aaepiua
2264 3833 2515 3884 peccatur.

1496 3902 1764 3961 Receptum
1787 3899 1929 3945 etiam
1957 3899 2146 3946 Marsus
2162 3902 2397 3963 sequitur.
2417 3902 2479 3948 G.

1576 3979 1657 4024 16.
1687 3978 1800 4023 Noa
1822 3976 1948 4024 enim
1968 3977 2215 4025 hilaritate
2231 4013 2244 4035 ‚
2269 3995 2359 4025 nee
2375 3979 2519 4026 lasei-

1499 4056 1577 4103 via
1608 4093 1620 4104 .
1648 4092 1660 4103 .
1687 4091 1699 4103 .
1730 4054 1876 4103 beati.
1906 4058 2114 4104 Goereuz
2159 4058 2240 4104 dat
2286 4068 2331 4103 et
2375 4056 2517 4104 lasci-

1502 4135 1591 4184 νῐα.
1641 4136 1743 4183 Nos
1764 4169 1777 4195 ‚
1829 4135 1986 4199 inquit
2008 4173 2021 4197 ,
2063 4137 2192 4199 Spir.
2244 4136 2425 4183 Erleus.
2468 4144 2516 4181 et
