3217 4784
764 384 906 469 654
1427 381 1522 445 Μ.
1574 378 1652 443 Τ.
1707 376 2196 444 CICERONIS

760 511 1144 580 auctoritas
1180 497 1646 600 philosophiae
1681 496 2003 566 consistit
2040 499 2115 563 in
2160 493 2369 565 beata
2402 501 2541 567 vita
2593 523 2896 599 compa-

763 617 1009 690 randa.
1061 621 1271 686 Beate
1313 612 1504 682 enim
1551 605 1837 677 vivendi
1882 604 2269 703 cupiditate
2313 609 2583 678 incensi
2638 636 2901 682 omnes

761 753 1034 800 sumus.
1074 731 1227 795 Hoc
1254 721 1431 790 mihi
1460 743 1626 789 cum
1658 733 1785 788 tuo
1825 714 2042 786 fratre
2080 720 2435 787 convenit.
2471 724 2713 810 Quare
2750 722 2901 794 hoc

759 835 1150 910 videndum
1186 842 1364 918 est2,
1405 833 1726 926 possitne
1765 825 1976 897 nobis
2010 825 2151 897 hoc
2186 828 2371 898 ratio
2412 826 2899 928 philosopho-

754 973 918 1020 rum
954 946 1143 1017 dare.
1178 940 1566 1013 Pollicetur
1604 952 1822 1008 certe.
1867 938 2018 1009 Nisi
2059 937 2250 1006 enim
2297 933 2369 1007 id
2406 935 2712 1024 faceret,
2760 964 2903 1011 cur

758 1060 957 1131 Plato
985 1059 1363 1153 AEgyptum
1396 1047 1798 1147 peragravit
1820 1100 1838 1131 ,
1864 1061 2011 1116 uta
2044 1044 2539 1118 sacerdotibus
2564 1047 2901 1120 barbaris

758 1188 1101 1239 numeros
1137 1178 1210 1235 et
1246 1159 1546 1233 caelestia
1582 1157 1987 1254 acciperet?
2016 1180 2144 1225 cur
2181 1171 2346 1253 post
2373 1161 2766 1230 Tarentum
2800 1161 2897 1232 ad

757 1276 1186 1374 Archytam?
1215 1296 1349 1343 cur
1372 1268 1463 1340 ad
1497 1281 1772 1338 ceteros
1807 1264 2363 1362 Pythagoreos³‚
2388 1268 2857 1341 Echecratem
2878 1326 2901 1356 ,

757 1391 1095 1460 Timaeum
1114 1440 1135 1473 ,
1162 1385 1546 1456 Actionem
1568 1377 1600 1433 4
1632 1381 1899 1447 Locros
1923 1430 1942 1464 ‚
1972 1391 2084 1461 ut,
2113 1401 2339 1472 quum
2372 1382 2734 1470 Socratem
2767 1406 2899 1452 ex-

757 1500 1168 1597 pressisset,
1238 1491 1664 1587 adjungeret
1728 1484 2339 1583 Pythagoreorum
2408 1487 2855 1588 disciplinam
2876 1545 2899 1572 ,

757 1633 1024 1706 eaque,
1076 1629 1237 1703 quae
1296 1605 1625 1704 Socrates
1674 1593 2097 1691 repudiabat
2123 1584 2186 1682 ⁵,
2249 1583 2688 1669 addisceret?
2740 1604 2897 1671 Cur

758 1726 909 1818 ipse
948 1714 1387 1815 Pythagoras
1434 1724 1508 1780 et
1543 1711 1923 1805 AEgyptum
1978 1705 2343 1791 lustravit,
2395 1723 2469 1778 et
2514 1714 2889 1784 Persarum

761 1854 1006 1928 magos
1042 1822 1257 1899 adiit?
1284 1844 1416 1893 cur
1441 1832 1676 1890 tantas
1711 1818 2039 1913 regiones
2066 1815 2538 1888 barbarorum
2577 1820 2893 1917 pedibus

756 2068 1006 2132 phu-astus.
1030 2072 1115 2136 qni
1134 2068 1300 2118 multis
1325 2062 1494 2114 annis,
1532 2067 1678 2121 atque
1691 2054 1779 2101 td·
1866 2060 2115 2122 omiserit,
2170 2070 2246 2117 vel
2296 2089 2440 2137 pron.
2486 2071 2840 2137 transposuerit
2876 2105 2893 2122 ,

756 2164 818 2195 eo
849 2150 1038 2198 saecnlis
1061 2185 1077 2206 ‚
1115 2161 1227 2197 ante
1265 2143 1465 2193 Lucium
1494 2138 1777 2187 0ἰῦθωῦοΦ
1865 2159 2054 2206 “qnare
2079 2152 2346 2203 videndum
2373 2151 2710 2206 honest-,Sed
2732 2165 2889 2216 quum

756 2236 899 2276 natus
930 2240 1028 2288 est,
1046 2229 1106 2277 de
1130 2243 1191 2276 eo
1211 2227 1427 2292 cogitare
1446 2256 1462 2282 ‚
1491 2229 1578 2269 aut
1598 2216 1737 2282 loqui
1759 2217 1781 2263 Ρ

757 2304 838 2352 Sic
866 2307 1017 2372 igitur
1037 2308 1229 2356 videtur
1244 2303 1503 2370 legendum
1517 2335 1532 2358 ,
1554 2321 1581 2342 α
1594 2302 1778 2348 Tecum

755 2391 913 2448 euim.
951 2391 1094 2448 Luci,
1134 2387 1255 2436 mihi
1291 2381 1588 2434 instituenda
1618 2381 1779 2428 oratio

754 2481 844 2518 est.
862 2471 1036 2519 Omnis
1057 2466 1321 2518 auctoritas
1345 2459 1670 2528 philosophia
1687 2493 1704 2519 ,
1724 2470 1781 2507 ut

755 2551 823 2597 ait
858 2551 1255 2615 Theophrastus,
1297 2547 1522 2595 consistit
1548 2547 1599 2592 in
1637 2544 1778 2591 beata

755 2634 854 2678 vita
879 2628 1229 2692 comparanda,
1254 2636 1386 2675 etc.»
1403 2624 1779 2674 Larum-—Goen

753 2708 924 2758 scribit
946 2708 1056 2755 inst.
1077 2720 1150 2754 est
1167 2707 1307 2754 ratio.
1330 2708 1402 2753 Ita
1426 2737 1442 2765 ‚
1459 2705 1649 2767 inquit,
1666 2719 1779 2750 cum

754 2788 886 2838 oud.
934 2798 1098 2850 utroq.
1139 2795 1187 2832 et
1214 2786 1323 2831 Bas.
1367 2782 1579 2831 scribere
1599 2780 1775 2829 malui·

753 2884 861 2916 mus
875 2903 890 2926 ‚
914 2883 1060 2932 quam
1079 2865 1349 2928 vulgatam,
1368 2861 1528 2909 oratio
1551 2871 1643 2918 est,
1665 2876 1775 2908 cum

751 2949 932 2997 uostris
971 2948 1041 2995 sic
1090 2960 1312 3001 servare,
1355 2952 1407 2989 ut
1443 2956 1526 2988 vv-
1568 2961 1594 2981 ·
1622 2950 1680 2987 ut
1702 2940 1773 2987 ait

752 3026 1120 3091 Theophrastus
1141 3046 1193 3084 ιο,
1230 3038 1341 3070 cum
1366 3021 1482 3069 Π.
1501 3021 1614 3069 DD.
1638 3019 1776 3068 uncis

749 3107 1111 3164 addiceremus,
1153 3120 1329 3169 quum,
1371 3101 1503 3149 uude
1549 3116 1602 3148 ea
1662 3110 1775 3148 nata

750 3189 886 3236 dicas
903 3222 921 3247 ,
939 3201 1140 3252 prorsus
1156 3183 1354 3231 nescias.
1372 3180 1623 3230 Calculum
1645 3180 1773 3228 enim

751 3268 890 3334 quasi
906 3266 1048 3315 ducit
1062 3267 1158 3326 jam
1178 3263 1292 3311 Piso
1317 3277 1331 3311 :
1353 3260 1405 3308 id
1422 3260 1561 3322 quod
1586 3258 1774 3323 opt-ime

749 3364 863 3396 cum
913 3362 1050 3410 seqq.
1105 3343 1355 3391 convenit.
1417 3345 1563 3389 Forte
1604 3338 1771 3387 Theo·

747 3427 974 3490 phrastus
1001 3426 1053 3472 in
1084 3422 1311 3484 dialogis,
1339 3434 1465 3484 quos
1490 3417 1771 3482 scripserat,

747 3504 960 3568 aliquam
1003 3499 1288 3564 hujusmodi
1332 3497 1527 3546 dicendi
1565 3497 1769 3544 formam

749 3581 1097 3646 frequentat-at.
1124 3581 1349 3630 Ceterum
1379 3577 1504 3625 bene
1532 3577 1604 3624 sic
1643 3575 1769 3624 ratio

746 3661 801 3708 iu
826 3659 1037 3708 clausula
1064 3674 1079 3708 t
1101 3658 1287 3723 quippe
1313 3673 1409 3722 qua
1436 3658 1490 3703 in
1515 3671 1638 3704 voce
1660 3671 1767 3702 sen·

745 3738 911 3787 tentius
943 3738 1017 3786 vis
1042 3738 1122 3787 sit.
1305 3763 1312 3776 ·

816 3834 866 3865 2.
898 3816 1061 3878 Quare
1093 3816 1185 3863 hoe
1215 3814 1488 3863 videndum
1515 3826 1599 3862 ese.
1629 3814 1763 3862 Goer.

744 3911 916 3945 voeesu
959 3892 1051 3943 hoc
1095 3893 1235 3941 uncis
1274 3893 1484 3941 damnat.
1528 3893 1625 3940 nic
1660 3908 1765 3940 ver·

742 3975 916 4023 borum
967 3971 1154 4036 positus
1173 4003 1188 4028 ,
1248 3968 1341 4017 bac
1394 3971 1448 4017 in
1496 3980 1723 4017 contexta
1740 4001 1753 4026 ,

742 4050 994 4101 Ciceronis
1017 4066 1118 4098 uon
1139 4057 1210 4096 est
1231 4062 1244 4096 :
1271 4048 1454 4113 quippe
1480 4047 1761 4108 cujus-scri-

1865 2218 1956 2270 1100
1976 2232 2136 2277 statim
2166 2243 2216 2280 et
2244 2235 2487 2299 praecedat
2504 2272 2520 2294 ,
2556 2246 2607 2284 et
2623 2244 2860 2298 sequatur
2876 2267 2891 2285 ,

1864 2304 2079 2356 medium
2123 2312 2258 2362 istud
2297 2315 2560 2363 scribarum
2601 2331 2703 2363 esse
2754 2323 2889 2360 recte

1859 2382 2119 2452 judicabis,
2136 2408 2388 2457 uncosque
2407 2396 2622 2456 adjectos
2636 2391 2890 2458 probabis.

1936 2467 1987 2515 3.
2014 2469 2112 2518 Gur
2144 2472 2219 2519 ad
2246 2484 2426 2520 eeteros
2446 2472 2588 2534 Pyelt.
2630 2474 2763 2520 Goer.
2803 2471 2887 2518 dat

1863 2543 2094 2609 reliquos.
2127 2551 2229 2605 Ita,
2256 2552 2446 2616 inquit,
2488 2568 2658 2601 omnes
2694 2555 2851 2600 nostri
2869 2590 2886 2606 .

1864 2624 1897 2681 4
1920 2626 2119 2678 Oxonn.
2157 2632 2303 2680 vien.
2348 2632 2566 2695 editique
2606 2641 2722 2680 vett.
2770 2648 2885 2680 eum

1862 2705 2016 2755 Mars.
2035 2717 2084 2754 et
2100 2709 2229 2756 Crat.
2244 2709 2401 2773 plures
2415 2745 2430 2769 ,
2454 2711 2633 2758 Davisii
2654 2712 2888 2774 exemplo

1861 2799 1954 2832 nos
1979 2788 2188 2836 scribere
2206 2790 2447 2849 jusserunt
2474 2806 2487 2838 :
2517 2792 2602 2852 qui
2636 2789 2706 2838 ita
2747 2807 2811 2838 ex
2850 2799 2879 2846 Ι.

1862 2863 1990 2923 suis,
2013 2878 2063 2915 et
2088 2868 2388 2916 Victoriana.
2412 2868 2490 2918 Cf.
2511 2885 2655 2933 supra
2677 2872 2761 2928 tv,
2790 2873 2850 2918 18
2870 2906 2886 2924 ,

1863 2942 1925 2991 51
1942 2967 1965 3003 ‚·
2002 2944 2090 2993 ubi
2132 2948 2297 2995 eadem
2342 2946 2609 2996 diversitas.
2652 2948 2883 3012 Suspicor

1862 3033 2022 3072 tamen
2047 3042 2191 3089 posse
2212 3043 2297 3075 vv.
2316 3027 2527 3090 reliquos
2550 3026 2884 3091 Pythagoreos

1860 3101 2014 3151 aliena
2041 3120 2187 3153 manu
2212 3107 2485 3155 accessisse.

1931 3192 1979 3239 4.
2019 3184 2275 3233 Aer-ionem
2313 3187 2387 3234 De
2421 3184 2648 3233 Act-ionis
2685 3189 2883 3235 nomine

1858 3262 2039 3322 merito
2050 3262 2303 3312 dubitatur
2327 3280 2341 3313 :
2365 3280 2473 3312 nam
2495 3264 2607 3313 Val.
2632 3266 2879 3313 Maximus

1859 3341 2003 3398 Vm,
2032 3341 2096 3398 8,
2125 3352 2224 3390 ext.
2257 3344 2314 3400 3,
2355 3341 2576 3391 eumdem
2604 3343 2833 3391 Arionem
2861 3377 2878 3402 ,

1856 3429 2025 3475 vocat,
2062 3430 2112 3468 et
2153 3432 2324 3470 nostro
2365 3423 2479 3470 loco
2530 3422 2696 3486 scripti
2733 3422 2882 3470 valde

1856 3497 2108 3548 fluctuant.
2143 3499 2271 3548 Nam
2308 3501 2410 3550 Erl.
2430 3500 2683 3548 Art-ionem
2700 3535 2715 3556 ,
2740 3501 2876 3562 Gud,

1853 3588 2057 3642 uterque
2069 3579 2331 3650 ‘Aaronem
2347 3617 2363 3640 ,
2392 3583 2588 3630 Monac.
2609 3580 2845 3628 Aet'onem
2859 3602 2878 3639 ,-

1852 3673 1916 3705 ex
1941 3658 2073 3722 Spir.
2091 3670 2141 3707 et
2168 3659 2275 3706 Bas.
2303 3658 2428 3706 nihil
2452 3669 2664 3707 notatur.
2696 3661 2877 3707 Praeoer

1851 3735 1956 3785 haec
1980 3736 2083 3785 duo
2110 3747 2270 3785 autem
2299 3737 2407 3785 loca
2423 3772 2437 3794 ‚
2464 3738 2598 3785 hunc
2623 3739 2874 3803 Pythago-

1850 3831 1985 3863 reum
2003 3815 2142 3863 citari
2157 3831 2260 3863 nou
2282 3815 2606 3863 meminimus.
2621 3816 2879 3879 G.·—Qui·

1850 3894 1961 3942 dam
1982 3896 2221 3957 Eurytum
2251 3901 2444 3957 ponunt
2461 3925 2475 3950 ‚
2506 3892 2591 3940 sed
2620 3895 2721 3940 siue
2745 3897 2874 3955 justa

1850 3988 2325 4110 mnia-Repudium&
2358 4049 2489 4097 Gud.
2520 4064 2540 4098 1
2574 4059 2621 4096 et
2650 4050 2763 4096 Bas.
2798 4066 2873 4098 re·

740 4130 887 4179 bendi
920 4145 1025 4177 nuos
1050 4129 1100 4177 h.
1125 4129 1164 4178 l.
1194 4126 1272 4175 vel
1301 4126 1498 4175 verbum
1520 4125 1756 4174 substant.
1838 4125 2082 4191 predict-et.
2107 4132 2171 4177 G.
