3217 4784
855 449 971 515 DE
1018 449 1190 517 FlN.
1246 449 1452 515 BON.
1502 450 1615 514 ET
1664 448 1877 516 MAL.
1924 447 2030 529 ΙΙ,
2087 440 2201 512 35.

2479 442 2618 536 309

489 568 804 640 turbatio
842 593 1086 639 rerum
1128 569 1454 637 omnium
1494 566 2025 663 consequatur?
2056 578 2325 662 quanta
2360 563 2613 633 confu-

488 678 644 749 sio?
700 677 1010 748 Tollitur
1052 675 1530 760 beneficium;
1586 675 1866 747 tollitur
1902 679 2126 773 gratia
2166 703 2181 744 :
2232 700 2393 772 quae
2444 692 2617 745 sunt

487 788 772 858 vincula
827 784 1252 869 concordiae.
1308 789 1459 855 Nec
1513 788 1745 870 enim,
1806 788 1863 855 si
1919 798 2114 855 tuam
2165 783 2261 854 ob
2320 808 2603 855 causam

486 897 828 991 cuiquam
869 893 1320 979 commodes»,
1351 892 1789 965 beneficium
1818 893 1996 963 illud
2023 893 2438 989 habendum
2477 909 2614 977 cst,

486 1002 611 1076 sed
640 1002 1020 1074 foeneratio
1045 1030 1064 1087 .·,
1093 1028 1225 1073 nec
1262 1006 1485 1100 gratia
1517 1002 1766 1074 deberi
1794 1003 2081 1073 videtur
2118 1006 2219 1085 ei,
2255 1007 2378 1100 qui
2411 1029 2614 1076 suain

487 1113 588 1184 ob
620 1110 952 1184 causam⁵
991 1114 1575 1185 commodaverit.
1604 1116 1951 1184 Maximas
1981 1138 2152 1184 vero
2189 1115 2488 1185 virtutes
2505 1116 2613 1208 ja-

489 1247 649 1293 cere
686 1247 936 1293 omnes
987 1247 1276 1295 necesse
1316 1239 1457 1310 est,
1514 1225 1884 1322 voluptate
1932 1220 2375 1293 dominante.
2435 1228 2619 1294 Sunt

490 1333 704 1401 etiam
750 1332 1234 1428 turpitudines
1279 1332 1641 1431 plurimae,
1683 1359 1888 1430 quae,
1947 1334 2083 1401 nisi
2125 1332 2461 1404 honestas
2505 1360 2619 1403 na-

493 1456 656 1511 tura
692 1439 1087 1539 plurimum
1117 1444 1341 1514 valeat
1360 1440 1415 1529 ⁵,
1447 1468 1578 1514 cur
1617 1470 1768 1514 non
1789 1441 2048 1512 cadant
2078 1444 2152 1510 in
2182 1444 2580 1538 sapientem
2602 1500 2619 1525 ‚

490 1576 643 1621 11011
677 1566 784 1621 est
829 1550 1034 1622 facile
1066 1551 1452 1624 defendere
1475 1564 1529 1622 7.
1566 1546 1742 1638 Α68,
1783 1579 1872 1623 116
1922 1552 2133 1649 plura
2179 1554 2619 1648 complectar
2662 1594 2756 1641 118

488 1661 688 1755 (sunt
717 1666 908 1733 enim
937 1661 1537 1759 innumerabilia),
1580 1663 1767 1734 bene
1810 1661 2091 1733 laudata
2121 1662 2394 1731 virtus9
2425 1663 2623 1732 volu-

489 1777 700 1869 ptatis
719 1772 954 1843 aditus
977 1771 1409 1842 intercludat
1441 1797 1732 1844 necesse
1755 1787 1879 1844 est.
1920 1770 2134 1864 Quod
2168 1772 2313 1863 jam
2341 1781 2401 1813 ¹⁰
2429 1796 2469 1840 a
2509 1797 2622 1839 me

488 1897 899 1978 exspectare
950 1881 1121 1951 noli.
1164 1886 1345 1953 Tute
1389 1884 1854 1980 introspice¹¹
1903 1884 1975 1952 in
2036 1896 2354 1952 mentem
2423 1895 2618 1951 tuam

486 2098 534 2134 et
572 2089 678 2135 Bas.
718 2090 779 2135 Et
818 2089 921 2151 ipsa
965 2106 1075 2136 vera
1120 2095 1402 2139 consecutio
1439 2092 1508 2139 sic

489 2167 705 2228 requirit.
743 2166 841 2213 Sed
887 2167 1197 2216 offenderunt
1239 2170 1408 2217 scribae
1455 2172 1509 2217 in

485 2245 650 2293 futuro
669 2244 872 2309 duplici,
891 2245 951 2292 de
969 2261 1070 2309 quo
1087 2247 1198 2295 vide
1208 2248 1428 2312 exempla
1447 2249 1509 2296 sd

485 2326 630 2388 Legg.
658 2325 699 2380 1,
722 2324 786 2370 15
800 2360 815 2384 ,
839 2325 922 2379 43.
943 2324 1111 2372 Addes
1136 2342 1197 2372 ex
1218 2325 1326 2374 aliis
1354 2328 1508 2390 Ligur.

488 2404 540 2460 8,
565 2411 629 2458 24
648 2436 662 2460 ,
687 2401 1127 2466 J'acturifiaeriti55
1153 2403 1273 2454 ibid.
1307 2419 1393 2466 12,
1413 2406 1505 2461 34,

472 2478 849 2543 fittumsfieen'e
864 2516 879 2539 ,
907 2482 988 2529 cll.
1007 2483 1216 2547 Philipp.
1235 2487 1332 2540 IX,
1358 2500 1379 2532 1
1404 2520 1419 2545 ,
1450 2501 1468 2532 1
1491 2521 1505 2544 ,

469 2560 631 2624 ficet-it
670 2594 684 2606 .
708 2595 721 2607 .
745 2596 756 2608 .
789 2558 1014 2626 ficturus.
1058 2564 1113 2609 In
1162 2563 1341 2627 quibus
1387 2563 1510 2611 locis

484 2640 710 2687 omnibus
742 2641 911 2687 scribae
937 2652 1153 2704 peccant.

566 2720 615 2766 5.
644 2721 796 2765 Tuam
834 2720 896 2767 ob
927 2736 1128 2768 causam
1171 2757 1181 2768 .
1207 2757 1218 2768 .
1242 2758 1251 2768 .
1292 2738 1430 2768 suam
1450 2723 1510 2770 ob

486 2814 706 2845 causam.
725 2797 990 2845 Offendere
1009 2799 1153 2847 debet
1175 2834 1191 2859 ,
1214 2800 1351 2864 quod
1379 2802 1504 2864 Spir.

480 2888 530 2924 et
557 2877 659 2924 Erl.
701 2887 953 2938 utramque
990 2878 1050 2924 ob
1092 2880 1339 2940 ignorant.
1384 2881 1504 2927 Inde

486 2956 616 3001 enim
653 2954 865 3017 suspicio
893 2955 1123 3017 nascitur,
1141 2968 1386 3005 auctorem
1406 2959 1503 3006 sor-

484 3046 531 3082 te
553 3071 567 3089 ‚
587 3045 671 3081 mu
699 3049 855 3080 causa
872 3067 886 3086 ‚
907 3049 995 3079 sua
1020 3051 1176 3099 eausa
1188 3070 1205 3091 ,
1229 3037 1500 3100 scripsisse,

483 3113 666 3176 quippe
689 3127 798 3174 quae
825 3111 969 3171 buius
989 3114 1188 3176 propria
1210 3114 1405 3162 dicendi
1428 3133 1502 3162 ru·

485 3192 556 3238 tio
575 3193 717 3240 toties
736 3202 1089 3253 corrumpatur.
1110 3192 1201 3238 Sed
1218 3202 1374 3238 tumen
1398 3195 1501 3240 vul·

484 3281 639 3335 gatam
656 3271 980 3334 praetulerim,
998 3287 1059 3317 ex
1079 3286 1172 3333 qua
1191 3270 1238 3316 in
1256 3282 1339 3318 tua
1354 3306 1368 3329 ,
1388 3289 1497 3327 sua,

482 3350 596 3397 loco
637 3367 834 3414 prorsus
876 3350 1239 3396 accommodate
1254 3385 1268 3406 ‚
1313 3352 1503 3413 gravior

484 3430 556 3475 vis
578 3430 789 3476 insit.-
810 3431 905 3475 Pro
926 3429 1154 3492 cuiquam
1180 3428 1279 3476 Eri.
1308 3440 1353 3476 ct
1372 3428 1503 3477 Gud.
1566 3428 1577 3437 ’

488 3526 538 3568 1,
556 3508 654 3558 cni.
682 3511 743 3557 G.

550 3591 603 3635 6.
644 3588 758 3635 Nisi
782 3587 1007 3635 honestas
1037 3600 1216 3634 natura
1241 3588 1501 3650 plurimum

484 3669 673 3717 valeat.
726 3670 903 3714 Sensus
925 3699 942 3724 ‚
1004 3688 1028 3708 σι
1051 3668 1143 3713 nisi
1206 3668 1464 3715 honestum
1486 3704 1500 3721 ,

480 3765 539 3793 ex
567 3765 650 3795 sua
691 3758 861 3795 natura
892 3747 964 3793 vel
1000 3746 1188 3802 solum,
1227 3747 1303 3793 vel
1342 3750 1499 3794 maxi-

482 3843 612 3873 mum
639 3829 822 3873 bonum
846 3827 1092 3886 judicetur
1112 3849 1152 3872 n.
1187 3827 1324 3873 Nihil
1344 3839 1502 3874 auten·

481 3915 553 3950 est
597 3905 801 3953 honesta
844 3915 1058 3959 natura.
1104 3905 1240 3968 quod
1294 3923 1354 3951 ex
1407 3907 1504 3952 suis

486 3982 655 4032 Palatt.
682 3985 908 4032 omnibus
931 3986 1073 4032 Grut.
1104 3984 1318 4031 defendit
1341 4019 1354 4039 ‚
1394 3984 1505 4031 licet

487 4058 614 4106 idem
681 4063 822 4110 etiam
904 4063 1121 4127 spirens.
1194 4074 1238 4109 et
1310 4063 1502 4124 tiu-lang.

489 4140 714 4189 referant.
768 4145 922 4204 AEque
983 4160 1130 4206 prave
1182 4153 1350 4206 peccat
1393 4144 1508 4189 Cra-

1597 2093 1786 2141 tandria
1833 2110 1943 2158 quae
1986 2092 2255 2140 honestatis
2301 2091 2515 2139 exhibet.
2560 2094 2619 2139 G.

1674 2189 1718 2232 7.
1742 2172 2021 2234 Defendet-e
2049 2172 2316 2235 praegnsnti
2356 2186 2498 2217 sensu
2518 2183 2591 2219 est
2606 2208 2621 2231 ‚

1600 2273 1625 2290 α
1647 2250 1850 2305 docere,
1875 2266 1977 2313 quo
2019 2260 2186 2297 cavens
2202 2283 2216 2307 ‚
2255 2265 2315 2295 ne
2336 2249 2446 2296 talia
2474 2251 2524 2296 iu
2545 2267 2618 2297 sa·

1600 2330 1814 2392 pientem
1832 2328 2004 2376 cadere
2021 2339 2253 2392 putentur
2265 2350 2306 2374 a.
2326 2329 2390 2376 G.

1673 2409 1722 2456 8.
1747 2408 1843 2454 Ac.
1863 2408 2030 2454 Nostri
2059 2406 2277 2470 plerique
2304 2418 2370 2453 ac.
2394 2407 2489 2453 Sed
2511 2407 2618 2454 vul-

1600 2472 1707 2548 gata
1754 2483 1995 2531 verissima
2050 2495 2119 2530 est
2155 2499 2168 2531 ε
2208 2493 2348 2531 notat
2384 2486 2511 2531 enim
2556 2488 2620 2532 Ee

1599 2580 1757 2620 sane;
1788 2573 1836 2610 et
1875 2562 2058 2625 ubique
2090 2573 2234 2625 pai-tt.
2277 2564 2379 2609 istae
2414 2566 2617 2611 consun-

1600 2643 1809 2701 duutur3
1837 2642 1901 2689 cf.
1927 2640 2113 2689 Acadd.
2136 2643 2183 2688 11
2201 2675 2216 2700 ,
2249 2656 2274 2688 2
2293 2677 2306 2699 ,
2344 2643 2390 2689 5.
2413 2644 2472 2690 G.

1671 2737 1721 2784 9.
1755 2723 1884 2768 Bene
1912 2720 2120 2769 laudata
2145 2720 2326 2779 virtus,
2357 2721 2479 2768 valet
2501 2739 2618 2785 pro,

1598 2815 1726 2847 «sua
1759 2811 1929 2848 natura
1973 2801 2066 2848 rite
2110 2799 2444 2847 commendata
2475 2822 2515 2847 a.
2547 2804 2616 2846 lta

1596 2878 1848 2927 laudabile
1862 2879 2038 2925 bonum
2058 2879 2239 2925 dicitnr
2259 2880 2405 2940 Legg.
2433 2880 2455 2925 1
2477 2914 2492 2936 ,
2528 2895 2584 2938 17
2608 2914 2621 2929 ,

1594 2960 1690 3017 48ς
1717 2957 1796 3004 cll.
1816 2956 1937 3003 ibid.
1965 2958 2010 3002 11
2031 2989 2047 3012 ‚
2073 2958 2101 3002 5
2124 2989 2138 3013 ,
2175 2972 2192 3001 1
2211 2973 2253 3002 1.
2273 2954 2617 3014 ——Volupeatis

1590 3037 1756 3085 aditus
1788 3033 2103 3083 intercludat.
2140 3034 2264 3079 Cum
2294 3031 2528 3079 Lambino
2558 3051 2618 3080 116

1591 3116 1829 3178 voluptati
1837 3112 2049 3173 corrigas
2061 3126 2075 3169 ;
2087 3125 2235 3172 quum
2256 3109 2451 3156 obstent
2466 3110 2618 3158 codd.

1589 3205 1638 3240 et
1671 3192 1886 3254 alioquin
1933 3188 2106 3235 crebro
2136 3203 2224 3233 usu
2266 3186 2336 3232 sic
2373 3188 2618 3236 secundus

1591 3287 1729 3317 casus
1764 3284 1855 3332 pro
1888 3267 2031 3314 tertio
2061 3265 2264 3314 dicatur.
2294 3267 2439 3313 Conf.
2471 3284 2614 3331 supra

1592 3349 1654 3396 ad
1679 3365 1739 3411 9,
1771 3363 1855 3413 27.

1673 3444 1749 3477 10.
1774 3429 1918 3490 Quod
1915 3426 2024 3489 jam
2048 3444 2081 3474 a
2099 3444 2175 3474 me
2198 3438 2479 3489 exspectare
2497 3430 2613 3475 noli.

1596 3511 1778 3571 luterp.
1815 3521 1905 3554 nec
1936 3523 2027 3569 ego
2060 3508 2161 3570 ipse
2185 3506 2280 3553 hoc
2314 3506 2402 3553 tibi
2436 3508 2618 3554 conlir-

1593 3604 1723 3635 mare
1745 3586 1979 3634 laborabo
2002 3601 2015 3636 :
2039 3586 2134 3633 hoc
2155 3586 2242 3632 tibi
2267 3587 2382 3633 satis
2405 3598 2483 3633 tua
2504 3603 2622 3633 con-

1591 3665 1803 3714 firmabit
1824 3665 2137 3721 conscientia,
2161 3667 2200 3712 si
2215 3682 2317 3712 eam
2339 3666 2615 3729 interroges,

1674 3763 1690 3792 1
1711 3763 1751 3794 1.
1788 3748 1904 3792 Tute
1931 3743 2184 3807 introspice

1594 3827 1694 3890 ipse
1718 3838 1779 3873 te.
1811 3826 1895 3871 His
1924 3825 2081 3870 verbis
2100 3824 2385 3871 Ciceronem
2405 3824 2612 3885 aliquem

1595 3908 1738 3969 graeci
1771 3904 1982 3951 auctoris
2000 3903 2190 3963 locum,
2217 3904 2303 3965 qui
2336 3905 2497 3949 animo
2516 3903 2618 3960 ejus

1597 3983 1943 4031 obversabatur
1969 4017 1982 4040 ‚
2049 3982 2140 4027 nisi
2195 3982 2338 4045 plane
2379 3981 2586 4026 fallimur
2605 4014 2619 4033 ‚

1598 4061 1838 4115 Platonis,
1888 4063 2175 4123 expressisse
2200 4093 2212 4114 ‚
2251 4056 2504 4104 certissimi
2541 4072 2621 4101 su-

1599 4156 1703 4188 mus
1732 4157 1743 4188 :
1769 4139 1904 4186 facile
1924 4140 2048 4187 enim
2070 4156 2119 4185 se
2143 4137 2387 4201 produnt,
2409 4150 2518 4197 qua».
2539 4133 2619 4179 liic

2221 3779 2234 3790 .
2257 3779 2269 3791 .
2291 3780 2303 3791 .
2328 3756 2618 3807 percontare
