3217 4784
636 407 726 477 26
1314 412 2082 481 ARGUMENTUM.

710 550 881 609 quam
919 550 1040 591 non
1075 550 1181 609 per
1208 550 1269 593 se
1307 533 1496 611 ipsam
1538 547 1916 613 expetamus,
1947 532 2050 595 sed
2080 544 2144 591 ut
2181 532 2306 591 sine
2344 552 2486 593 cure
2519 546 2581 592 et
2607 547 2761 593 metu

709 630 985 689 vivamus.
1035 633 1119 689 Ut
1143 629 1300 689 enim
1332 631 1535 689 mortis
1566 633 1746 691 metui
1777 631 2197 708 doloribusque
2227 630 2609 693 succumbere
2647 634 2760 691 mi-

707 745 902 784 serum
927 726 1033 795 sit,
1061 738 1235 803 atque
1271 725 1409 787 inde
1438 739 1526 787 tot
1552 742 1895 806 parentum,
1921 727 2245 788 amicorum
2267 770 2288 800 ,
2320 728 2525 806 petriae
2554 727 2763 807 prodi-

708 836 864 881 tores
892 821 1216 881 exstiterint
1257 845 1271 880 :
1315 823 1396 882 ita
1437 843 1564 883 esse
1606 825 1820 883 fortem
1857 825 2266 902 excelsumque
2304 825 2561 883 animum
2601 826 2762 885 omni

707 939 849 978 cura
888 917 1236 993 immunem,
1286 922 1492 981 mortis
1542 935 2003 1000 contemptorem
2021 964 2041 994 ‚
2093 920 2167 980 ad
2214 920 2451 981 dolores
2495 920 2765 981 serendos

708 1028 1008 1096 paratum3
1050 1038 1300 1096 quorum
1331 1020 1567 1079 maximi
1606 1033 1799 1079 morte
1845 1020 2140 1092 finiantur,
2183 1020 2350 1098 parvi
2395 1017 2617 1079 crebris
2665 1038 2764 1076 re-

706 1114 920 1192 quietis
940 1114 1254 1175 intervallis
1284 1116 1736 1194 distinguantur.
1765 1122 1856 1177 Ita
1879 1116 2116 1196 quidem
2147 1116 2514 1177 timiditatem
2544 1117 2764 1197 impro-

710 1210 838 1270 bari
877 1223 937 1271 et
979 1211 1169 1291 rejici,
1220 1212 1380 1290 quod
1413 1212 1725 1286 dolorem3
1779 1213 2176 1274 fortitudinem
2205 1213 2434 1272 laudari
2460 1225 2518 1272 et
2545 1212 2764 1292 optari,

710 1306 872 1385 quod
894 1308 1253 1387 voluptatem
1275 1309 1491 1388 pariat,
1514 1317 1546 1384 ς
1568 1318 1647 1387 49
1661 1354 1678 1383 ,
1704 1310 1800 1371 50.
1827 1311 2100 1388 Relinqui
2105 1311 2407 1383 justitiam
2422 1352 2443 1381 ,
2473 1330 2602 1388 quse
2625 1311 2764 1369 item

713 1425 748 1463 a
772 1404 1069 1483 voluptate
1095 1405 1317 1485 sejungi
1345 1420 1619 1486 nequeat,
1641 1428 1824 1487 quum
1848 1409 2061 1486 partim
2088 1421 2291 1486 suapte
2317 1421 2526 1467 natura
2547 1407 2767 1467 animos

715 1501 1076 1580 tranquillet,
1120 1504 1330 1582 partim
1363 1525 1525 1585 spem
1548 1505 1815 1585 praebeat
1834 1549 1851 1575 ,
1878 1525 1948 1565 ea
1981 1525 2211 1583 semper
2241 1506 2460 1574 affore,
2498 1523 2630 1582 quae
2659 1522 2768 1561 na—

714 1613 846 1658 tura
878 1619 997 1657 non
1024 1599 1338 1679 depravata
1364 1602 1641 1680 requirat.
1676 1602 2022 1679 Injustitium
2055 1614 2256 1660 contra
2293 1621 2450 1670 esse,
2486 1619 2618 1678 quae
2644 1600 2769 1657 ani-

713 1716 872 1756 mum
913 1716 1100 1775 usque
1138 1719 1320 1776 poenae
1366 1713 1523 1758 metu
1568 1700 1864 1760 excruciet
1887 1743 1906 1773 ,
1961 1718 2261 1778 praveque
2309 1699 2594 1757 factorum
2635 1716 2769 1755 eon-

711 1791 967 1851 scientia.
1020 1794 1234 1851 Vocari
1274 1794 1452 1869 igitur
1487 1793 1640 1852 bene
1669 1814 1841 1853 sanos
1868 1815 1903 1853 a
1935 1815 2076 1853 vera
2103 1794 2326 1854 ratione
2356 1792 2432 1852 ad
2455 1791 2768 1870 justitium,

713 1893 1073 1968 aequitatem,
1104 1887 1297 1947 fidem.
1339 1893 1429 1948 Ita
1458 1889 1698 1966 quidem
1725 1911 1833 1949 nec
1858 1892 2137 1969 justitiam
2167 1912 2275 1971 per
2299 1891 2570 1968 seipsam
2599 1909 2773 1968 expe-

714 1985 947 2045 tendam
974 1983 1224 2057 esse,sed
1240 1987 1397 2063 quod
1424 1986 1633 2045 multas
1658 1987 1790 2045 vitae
1806 1987 2244 2047 commoditates
2261 1986 2771 2065 jucunditatesque

715 2081 1013 2149 conciliet,
1043 2082 1078 2158 §
1112 2080 1366 2150 50—54.

795 2177 857 2237 si
888 2176 1067 2254 igitur
1093 2197 1166 2235 ne
1193 2177 1433 2235 virtutes
1460 2177 1722 2256 quidem,
1745 2199 1780 2237 a
1804 2179 2041 2258 reliquis
2067 2179 2437 2259 philosophis
2466 2193 2774 2258 tantopere

718 2271 1058 2344 celebratae,
1096 2273 1320 2334 ratione
1360 2294 1499 2333 vero
1541 2289 1930 2345 consentanea
1972 2276 2199 2337 laudari
2248 2277 2510 2356 possint,
2553 2276 2666 2333 nisi
2698 2273 2772 2330 ad

719 2371 1079 2447 voluptatem
1108 2370 1462 2444 referantur,
1500 2372 1667 2450 sique
1707 2374 1978 2453 voluptas
2006 2372 2133 2431 sola
2162 2392 2271 2430 nos
2309 2371 2514 2429 invitet
2540 2370 2775 2427 alliciat·

720 2488 834 2547 que
868 2488 976 2547 per
1003 2489 1152 2539 sese,
1192 2483 1251 2528 et
1276 2484 1485 2528 natura
1511 2491 1648 2539 sua;
1677 2485 1900 2528 certum
1942 2490 2100 2540 esse,
2132 2481 2456 2526 extremum
2483 2466 2774 2524 bonorum

726 2567 786 2624 in
828 2566 1127 2645 voluptate
1173 2568 1351 2644 poni,
1396 2567 1682 2646 beateque
1734 2568 1933 2626 vivere
1952 2610 1971 2639 ,
2019 2566 2175 2623 idem
2204 2583 2362 2630 esse,
2407 2562 2601 2641 quod,
2643 2583 2776 2622 cum

722 2663 1020 2741 voluptate
1049 2663 1276 2734 vivere,
1325 2669 1357 2735 ς
1386 2663 1481 2731 54.
1508 2669 1577 2723 In
1607 2664 1746 2740 ipsis
1775 2662 1953 2739 igitur
1987 2659 2201 2719 finibus
2230 2658 2525 2719 bonorum
2552 2673 2613 2718 et
2645 2678 2776 2717 ma-

720 2759 943 2829 lorum,
989 2758 1050 2816 in
1089 2760 1387 2837 voluptate
1432 2769 1604 2834 atque
1642 2757 1881 2827 dolore,
1932 2774 2190 2814 errorem
2221 2773 2344 2812 esse
2387 2755 2644 2826 nullum3
2674 2754 2777 2813 sed

723 2858 781 2914 in
813 2855 905 2914 his
931 2856 1190 2932 peccari,
1216 2853 1377 2933 quod
1404 2851 1699 2922 nesciant,
1724 2850 1880 2909 unde
1907 2850 2029 2908 haec
2057 2849 2401 2910 efficiantur.
2429 2851 2620 2910 Animi
2643 2851 2772 2928 qui·

720 2952 852 3012 dem
880 2951 1205 3030 voluptates
1230 2963 1289 3007 et
1318 2947 1577 3013 dolores,
1605 2966 1680 3003 ex
1707 2945 1911 3003 iisdem
1950 2946 2216 3023 corporis
2254 2947 2396 3005 oriri
2414 2989 2429 3018 ,
2469 2947 2568 3005 sed
2602 2948 2779 3005 animi

720 3053 907 3112 multo
938 3053 1183 3128 majores
1218 3069 1374 3119 esse,
1428 3065 1605 3124 quam
1649 3046 1934 3124 corporis.
1985 3051 2247 3124 Corpore
2292 3045 2448 3105 enim
2484 3046 2631 3105 nihil
2669 3046 2779 3105 nisi

724 3168 972 3227 praesens
994 3147 1231 3219 sentiri3
1255 3144 1449 3203 auimo
1471 3143 1764 3220 praeterita
1789 3144 1964 3202 etiam
1987 3156 2046 3203 et
2074 3144 2272 3205 futura
2296 3165 2310 3201 ε
2341 3142 2479 3203 inde
2507 3162 2780 3222 magnum

725 3260 784 3304 et
801 3244 1108 3321 voluptati,
1136 3255 1197 3302 et
1221 3240 1417 3300 dolori
1445 3239 1676 3319 pondus
1706 3242 2002 3315 accedere,
2020 3240 2093 3300 ud
2114 3242 2292 3299 vitam
2311 3239 2541 3299 beatam
2563 3241 2782 3317 pariter

725 3356 897 3419 atque
926 3342 1222 3412 miseram,
1252 3344 1283 3411 S
1313 3337 1569 3419 55—58.

804 3444 892 3498 Ita
936 3457 1219 3516 apparere
1242 3480 1259 3508 ,
1306 3435 1604 3515 quomodo
1647 3437 1965 3514 Epicurus,
2026 3454 2199 3512 quem
2250 3453 2420 3493 secus
2472 3434 2782 3495 sentientes

730 3534 1127 3615 voluptatibus
1168 3534 1338 3593 nimis
1368 3533 1631 3592 deditum
1658 3531 1879 3604 dicant,
1907 3547 2065 3595 recte
2088 3531 2441 3601 contendat,
2467 3552 2584 3591 non
2613 3551 2781 3609 posse

721 3631 980 3711 jucunde
1006 3633 1156 3700 vivi,
1197 3630 1307 3691 nisi
1336 3629 1662 3707 sapienter,
1696 3629 1974 3698 honeste,
2007 3630 2196 3702 juste,
2243 3640 2418 3707 atque
2446 3627 2571 3685 vice
2597 3646 2781 3685 versa.

727 3734 858 3788 Non
893 3728 1058 3789 beate
1083 3726 1277 3785 vivere
1304 3727 1459 3785 enirn
1487 3726 1781 3785 civitatem
1810 3726 1870 3783 in
1899 3724 2218 3794 seditione,
2263 3724 2322 3781 in
2354 3722 2648 3781 discordia
2675 3722 2785 3781 do-

728 3846 921 3892 mum,
967 3844 1137 3903 posse
1168 3847 1181 3880 2
1218 3825 1402 3883 multo
1440 3822 1634 3883 miuus
1661 3823 1917 3881 animum
1951 3842 1983 3880 a
2029 3840 2152 3881 sese
2187 3820 2380 3898 ipsum
2408 3819 2784 3879 dissidentem

730 3924 848 3981 nlla
877 3923 1116 3982 sincerae
1143 3924 1457 4009 voluptatis
1485 3934 1649 3999 parte
1681 3921 1814 3980 frui.
1843 3920 2040 3981 Animi
2076 3917 2327 3990 morbis,
2369 3914 2438 3976 'iu
2472 3932 2588 3986 est,
2615 3917 2784 3994 cupi-

730 4019 1004 4080 ditatibus
1034 4019 1332 4087 inanibus,
1354 4017 1699 4097 aegritudine
1716 4061 1735 4090 ,
1759 4036 2038 4086 moerore,
2070 4034 2302 4073 omnem
2331 4013 2631 4093 prohiberi
2658 4014 2787 4071 vitae

724 4117 1177 4196 jucunditatem,
1223 4116 1506 4194 exedique
1548 4116 1640 4174 his
1688 4116 1929 4174 animos.
1979 4113 2233 4172 Stultum
2263 4125 2456 4171 autem
2490 4130 2786 4187 quemque
2833 4124 2840 4133 ·
