3217 4784
537 1947 603 1997 ²9

647 366 778 450 ιω,
858 386 867 399 ·
1310 370 1407 436 Μ.
1460 370 1537 436 Τ.
1591 370 2078 437 cleERoms
2137 318 2140 321 ’

637 487 821 560 nihil
848 502 994 559 tam
1031 502 1247 585 turpe
1276 487 1402 570 sit,
1437 486 1641 585 quod
1681 488 2069 585 voluptatis
2095 505 2314 563 'eausa
2347 514 2497 560 non
2527 490 2763 561 videa-

636 614 756 670 tur
793 622 948 671 esse
982 595 1324 673 facturus.
1365 597 1677 687 Deinde,
1730 597 1857 671 ubi
1895 597 2189 671 erubuit
2228 598 2379 694 (vis
2415 602 2609 671 enim
2657 613 2767 671 est

639 731 1027 806 permagna
1059 707 1418 803 naturae),
1459 705 1786 806 confugit
1823 708 2024 794 illuc,
2069 721 2150 780 ut
2182 723 2398 807 neget
2424 707 2765 781 accedere

637 816 1039 915 quidquam
1080 841 1289 914 posse
1325 818 1414 889 ad
1448 819 1893 916 voluptatem
1927 818 2107 888 nihil
2140 818 2473 891 dolentis.
2511 824 2597 891 At
2629 824 2762 891 iste

636 952 788 999 non
813 924 1107 998 dolendi
1137 941 1363 998 status
1390 953 1542 1009 non
1569 942 1871 999 vocatur
1900 928 2251 1026 voluptas.
2278 932 2444 1001 Non
2475 927 2726 999 laboro
2743 982 2764 1015 ‚

637 1038 914 1134 inquit,
965 1035 1055 1107 de
1103 1037 1418 1111 nomine.
1465 1036 1692 1126 Quid,
1739 1035 1940 1133 quod
1992 1061 2106 1107 res
2142 1037 2276 1109 alia
2328 1047 2566 1109 tota¹⁷
2610 1038 2766 1110 est?

636 1147 1015 1245 Reperiam
1066 1145 1334 1218 multos
1361 1137 1453 1232 ¹⁸,
1507 1145 1620 1216 vel
1669 1145 2233 1219 innumerabiles
2291 1151 2569 1246 potius,
2611 1174 2765 1221 non

640 1272 782 1327 tam
822 1257 1178 1344 curiosos»,
1210 1280 1345 1327 nec
1370 1269 1518 1326 tam
1546 1255 1889 1327 molestos
1911 1308 1931 1341 ,
1961 1280 2182 1352 quam
2212 1280 2342 1328 vos
2369 1259 2579 1329 estis:
2610 1260 2764 1357 qui·

637 1363 816 1454 bus,
862 1364 1220 1463 quidquid
1259 1365 1506 1452 velim,
1558 1362 1764 1436 facile
1812 1364 2303 1462 persuadeam.
2347 1367 2538 1458 Quid
2592 1392 2764 1467 ergo

639 1472 1088 1561 dubitamus»,
1120 1475 1298 1572 quin
1320 1530 1340 1561 ‚
1372 1477 1429 1546 si
1460 1499 1607 1546 non
1645 1473 1928 1562 dolere,
1963 1473 2290 1571 voluptas
2327 1477 2416 1546 sit
2448 1501 2764 1566 summa,

639 1609 789 1656 non
833 1609 986 1657 esse
1027 1586 1102 1655 in
1130 1585 1534 1684 voluptate,
1569 1582 1899 1667 dolorsit
1938 1584 2333 1655 maximus?
2361 1608 2492 1655 cur
2512 1584 2586 1656 id
2613 1610 2766 1657 non

640 1697 736 1766 ita
776 1693 993 1766 fit19?
1029 1698 1216 1787 Quia
1244 1697 1481 1769 dolori
1516 1720 1670 1767 non
1712 1694 2043 1794 voluptas
2080 1694 2434 1766 contraria
2468 1710 2606 1782 est,
2639 1695 2764 1767 sed

641 1804 910 1879 doloris
947 1809 1274 1905 privatio,

736 1923 819 1989 X.
865 1922 1021 1988 Hoc
1055 1940 1227 1986 vero
1264 1939 1411 1985 non
1449 1913 1677 2004 videt,
1719 1920 2033 1986 maximo
2070 1924 2533 2012 argumento¹
2576 1939 2767 1999 esse,

2506 2064 2529 2092 Δ

622 2122 769 2186 faire
800 2138 916 2170 sans
949 2120 1161 2169 carnaim.
1203 2119 1299 2168 Sed
1339 2133 1559 2167 veremur
1596 2135 1660 2167 ne
1749 2118 1854 2166 Hoc
1875 2131 1995 2166 ‘vern
2029 2134 2127 2167 non
2154 2119 2354 2178 wilere,
2381 2119 2478 2168 levi
2504 2121 2769 2171 mutatione

639 2217 816 2250 vocum
843 2201 971 2249 bom.
993 2218 1036 2249 c.
1060 2211 1245 2249 remota
1270 2216 1463 2250 aeneum
1485 2217 1659 2264 parum

642 2281 839 2344 ceperit.
871 2278 1188 2344 Significant:
1215 2277 1366 2330 Nulla
1396 2279 1560 2328 habita
1578 2296 1660 2328 ra·

640 2359 774 2405 tione
798 2373 960 2406 earum
985 2359 1273 2422 opinionum
1294 2374 1415 2422 quaa
1439 2358 1501 2407 de
1523 2358 1659 2407 bono

640 2447 692 2484 et
708 2435 837 2485 malo
860 2436 1111 2486 bominum
1138 2438 1358 2487 omnium
1380 2436 1662 2502 pectoribus

640 2525 810 2564 natura
851 2515 1029 2565 infixit.
1071 2517 1152 2565 Sic
1183 2515 1316 2580 apud
1345 2517 1500 2575 Tacit.
1524 2537 1551 2558 e·
1569 2517 1663 2564 hu·

638 2594 773 2643 nani
795 2595 983 2659 generi·
1007 2596 1351 2643 conscientiam
1374 2594 1560 2642 aboleri
1585 2611 1663 2642 ar-

638 2672 944 2721 bin-abenton·
968 2695 1009 2722 ι.

720 2767 799 2812 ¹⁴7·
841 2750 1005 2814 Quid,
1030 2751 1167 2815 qnod
1189 2766 1264 2799 res
1289 2751 1395 2798 alia
1421 2761 1527 2799 eota
1555 2757 1663 2799 ese?

640 2830 700 2881 Id
720 2841 825 2879 eat:
849 2853 874 2872 κ
892 2829 1233 2879 Laborandum
1251 2846 1364 2878 eane
1385 2828 1446 2877 de
1463 2830 1662 2878 nomine

641 2920 740 2972 eat,
762 2926 913 2975 quum
928 2945 944 2970 ,
960 2925 1104 2974 quam
1130 2910 1227 2957 vim
1245 2909 1363 2957 huic
1382 2907 1557 2957 tribuis
1572 2944 1587 2968 ‚
1606 2924 1662 2957 ea

642 2999 751 3037 toto
776 2989 899 3038 caelo
924 3005 952 3036 a
978 2987 1188 3038 nominis
1215 3004 1328 3037 vera
1363 2987 1564 3036 notione
1587 2988 1662 3035 di-

645 3085 777 3118 vom
796 3057 859 3117 til
877 3091 919 3118 ⁸·-
946 3070 1007 3118 G.

720 3150 799 3196 18.
845 3149 1100 3213 Reperiam
1144 3148 1336 3199 maltos.
1386 3150 1515 3197 Ante
1557 3147 1662 3196 haec

644 3229 783 3277 Goer.
804 3226 1010 3276 diverbii
1026 3229 1219 3293 tignum
1237 3254 1305 3265 —
1326 3228 1509 3293 posuit,
1529 3238 1583 3275 ut
1600 3227 1664 3276 ab

644 3307 858 3369 Epicuro
894 3305 1023 3354 dicta
1044 3319 1060 3353 ε
1094 3306 1229 3354 aliud
1267 3316 1380 3355 ante
1416 3305 1540 3370 qnid
1560 3324 1663 3373 erg.

645 3382 795 3432 dubie.
833 3393 888 3429 ut
926 3380 1160 3432 Cicerone
1195 3385 1487 3447 objiciente3
1530 3385 1665 3434 aliud

646 3473 759 3511 ante
771 3496 786 3520 ,
807 3460 925 3526 quia
942 3461 1043 3511 dol.
1061 3473 1119 3510 ut
1134 3464 1273 3529 Epic.
1294 3463 1634 3529 respondente.

726 3556 806 3602 ¹9·
849 3540 945 3589 cur
968 3540 1025 3588 id
1044 3557 1144 3589 non
1172 3540 1368 3609 itafie?
1406 3542 1488 3590 Sc.
1516 3560 1551 3590 a
1577 3554 1625 3590 te
1644 3559 1663 3590 .·

647 3620 744 3667 boc
764 3629 865 3667 eat:
892 3640 918 3660 ιι
932 3635 1022 3667 cur
1038 3635 1140 3668 non
1157 3636 1268 3668 eum
1288 3618 1509 3669 dolorem
1529 3637 1663 3669 aum-

646 3714 782 3746 mum
801 3698 925 3745 dicia
940 3734 955 3757 ‚
975 3700 1079 3751 aine
1104 3698 1354 3764 voluptate
1380 3716 1507 3756 eane,
1527 3715 1666 3762 aeque

647 3789 702 3826 ut
724 3776 850 3825 banc
882 3777 1183 3841 voluptatem
1207 3793 1440 3826 summam
1464 3780 1666 3839 atatnia,

646 3873 750 3906 eece
773 3856 877 3904 aine
901 3856 1070 3905 dolore
1085 3859 1108 3904 i>
1125 3879 1150 3899 a
1173 3859 1235 3907 G.
1344 3864 1353 3868 “

719 3938 785 3985 X.
814 3953 856 3985 ι.
884 3938 990 3985 Hoc
1004 3953 1126 3985 vero
1143 3953 1236 3985 non
1257 3937 1423 3998 videt,
1443 3938 1664 3986 maximo

648 4029 934 4084 argumento
960 4032 1077 4064 esse.
1110 4018 1191 4065 Sic
1216 4017 1469 4066 emendavi
1489 4033 1582 4081 ego
1599 4021 1666 4066 vi-

649 4098 825 4146 tioeum
844 4095 1031 4155 locum3
1055 4105 1103 4144 et
1125 4095 1364 4161 vulg-tam
1381 4096 1664 4155 lectionem,

1748 2199 2013 2264 explicavi,
2049 2211 2109 2250 ut
2136 2201 2314 2250 deinde
2349 2203 2413 2250 ait
2447 2200 2767 2253 ἀνακόλουθον.

1747 2279 1937 2329 Erneat.
1983 2296 2087 2329 non
2128 2291 2369 2344 repererat
2417 2284 2769 2331 correctionem

1748 2357 2067 2423 probabilem.
2088 2359 2120 2407 J
2125 2393 2141 2409 .
2164 2361 2227 2408 V.
2255 2362 2309 2408 L.
2335 2385 2401 2396 —
2421 2360 2605 2408 Ceteris
2621 2360 2771 2408 inter·

1748 2438 1965 2502 pretibua
1977 2439 2110 2486 bunc
2128 2437 2293 2485 locum
2308 2436 2383 2484 vel
2399 2439 2770 2503 corrigentibna,

1750 2514 1826 2563 vel
1868 2516 1921 2562 in
1965 2514 2158 2562 vitiosi·
2197 2512 2561 2561 numerantibus
2579 2549 2597 2576 ‚
2644 2531 2771 2563 unua

1749 2592 1970 2640 Matthia.-
1997 2607 2163 2639 verum
2196 2590 2317 2638 vidit
2336 2626 2350 2650 ‚
2378 2591 2504 2641 nihil
2530 2608 2633 2641 ease
2658 2610 2767 2642 mu..

1751 2671 1949 2721 tandum
1969 2704 1986 2730 ‚
2012 2686 2164 2733 quum
2204 2669 2378 2717 videre
2408 2669 2677 2721 infinitivus
2707 2676 2771 2722 ait

1750 2766 1862 2798 cnm
1886 2749 2206 2798 admiratione
2229 2748 2556 2812 indignantia,
2580 2763 2630 2800 et
2657 2764 2771 2817 poet

1749 2828 2056 2895 parenthesin
2080 2831 2229 2894 (quae
2253 2831 2357 2894 ipea
2384 2829 2436 2876 in
2462 2829 2667 2895 vulgati·
2685 2831 2772 2879 ab·

1750 2903 1823 2957 e‘at
1839 2942 1853 2965 ‚
1878 2907 2042 2956 addita
2068 2909 2277 2972 primum
2304 2925 2330 2955 a
2359 2909 2551 2957 Bremio
2577 2911 2598 2975 )
2613 2943 2630 2971 ,
2657 2927 2770 2974 per·

1750 3004 1860 3053 gere
1898 2990 2167 3038 orationem
2207 2986 2529 3045 ἀνακόλουθον.
2572 2992 2770 3056 Oppor-

1752 3079 1867 3117 tune
1880 3069 2024 3117 affert
2037 3068 2142 3127 ille,
2155 3069 2284 3116 infra·
2296 3070 2384 3127 IV,
2400 3085 2486 3130 27,
2502 3070 2566 3130 76
2583 3084 2597 3117 ε
2612 3092 2636 3111 α
2652 3072 2772 3118 Hoec

1751 3163 1853 3195 non
1886 3145 2070 3205 videre,
2098 3148 2236 3209 cnjus
2266 3148 2458 3211 generis
2485 3162 2610 3196 onua
2635 3149 2775 3196 navia

1751 3229 1897 3276 vehat
1914 3263 1929 3290 ,
1969 3228 2032 3274 ad
2080 3226 2414 3292 gubernatoris
2457 3239 2608 3276 artem
2647 3227 2770 3276 nihil

1752 3307 2018 3372 pertinere!
2049 3328 2074 3349 ι·
2116 3306 2260 3355 Adde
2293 3309 2432 3354 verr.
2469 3308 2534 3365 V,
2576 3309 2634 3364 6,
2670 3316 2768 3364 14:

1755 3411 1780 3430 σι
1799 3388 2074 3437 Tantumne
2095 3386 2275 3434 vidiaae
2302 3386 2355 3434 in
2372 3397 2503 3434 metu
2527 3385 2772 3450 periculo·

1751 3482 1847 3530 qne
1864 3467 2134 3532 provincia
2149 3467 2162 3514 !
2180 3486 2203 3506 ο
2219 3465 2305 3513 ubi
2319 3464 2600 3513 simulacris
2616 3463 2771 3511 ironia

1752 3560 1804 3593 ae
1820 3545 1973 3594 addit.
1997 3544 2128 3593 Alibi
2149 3545 2229 3592 bia
2239 3544 2350 3592 infs.
2375 3542 2559 3591 doloris
2576 3558 2773 3606 qnoque

1752 3624 1955 3673 affectus
1984 3624 2281 3687 adjungitur.
2308 3624 2413 3671 Act.
2457 3624 2521 3681 V,
2551 3638 2630 3686 ep.
2673 3635 2772 3670 ao:

1754 3726 1779 3745 κ
1797 3706 1866 3752 At
1893 3717 1941 3751 te
1965 3707 2135 3753 Roma.-
2163 3718 2262 3751 non
2289 3703 2416 3750 fore!
2440 3724 2465 3744 ιο
2499 3701 2581 3751 cll.
2625 3704 2773 3751 Roac.

1754 3782 1973 3832 Comoed.
1992 3785 2016 3831 1
2030 3817 2047 3842 ‚
2068 3790 2097 3839 4
2122 3796 2137 3829 :
2166 3802 2192 3823 ι
2214 3781 2345 3829 Proh
2364 3780 2433 3829 dii
2452 3779 2770 3830 immortates!

1753 3878 1915 3911 eaaene
1940 3877 2230 3926 quemquam
2266 3871 2396 3908 tanta
2425 3859 2623 3908 audacia
2651 3876 2777 3924 prae·

1754 3941 1938 4000 ditum,
1978 3940 2090 4005 qui.
2111 3972 2124 3987 .
2148 3974 2161 3987 .
2183 3975 2196 3988 .
2226 3939 2278 3986 id
2316 3949 2480 4003 petere
2517 3938 2722 3988 audeat!
2747 3961 2770 3984 ιι

1754 4021 1917 4070 Solere
1930 4031 2089 4068 autem
2111 4029 2223 4084 poet
2238 4018 2507 4082 longiorem
2527 4020 2772 4082 parenthe-

1753 4101 1828 4148 ain
1852 4110 2100 4147 auctorem
2127 4096 2190 4145 ad
2226 4096 2368 4145 aliam
2396 4099 2774 4149 conatruetionia
