3217 4784
678 356 771 425 80
1339 359 1434 426 Μ.
1488 360 1566 428 Τ.
1620 361 2114 431 CICERONIS

673 491 857 548 esset
894 476 1194 563 affecta;
1233 476 1634 550 secundum
1676 504 1825 552 non
1866 495 2099 568 recte,
2136 484 2196 553 si
2228 482 2558 580 voluptas
2593 500 2783 556 esset

671 585 982 673 bonum,
1033 585 1249 658 fuisse
1313 586 1989 665 desideraturam‚²⁴.
2031 590 2309 664 Idcirco
2371 597 2560 662 enim
2633 617 2781 663 non

672 697 1151 782 desideraret,
1192 698 1400 794 quia,
1459 699 1661 795 quod
1715 698 1967 771 dolore
2018 715 2213 773 caret
2250 750 2270 788 ‚
2320 699 2396 771 id
2453 703 2525 770 in
2577 701 2782 772 volu-

672 821 872 904 ptate
899 818 1033 876 est.
1815 802 1824 813 “

766 919 920 985 ΧΠ.
960 918 1383 986 Extremum
1431 931 1674 989 autern
1715 940 1870 989 esse
1903 916 2272 990 bonorum
2308 918 2783 1017 voluptatem,

670 1048 759 1095 ex
786 1022 926 1095 hoc
961 1020 1165 1094 facile
1198 1027 1548 1123 perspici¹
1583 1041 1841 1124 potest.
1873 1030 2440 1131 Constituamus²
2473 1029 2785 1125 aliquem

671 1134 982 1230 magnis,
1017 1133 1294 1223 multis,
1329 1137 1696 1233 perpetuis
1729 1135 2089 1210 fruentem
2121 1151 2196 1210 et
2232 1143 2476 1210 animo
2515 1153 2587 1209 et
2622 1162 2783 1210 cor·

667 1266 848 1339 pore
906 1236 1441 1339 voluptatibuS‚
1504 1245 1711 1316 nullo
1771 1245 2029 1318 dolore
2099 1271 2235 1318 nec
2304 1248 2779 1344 impediente,

668 1373 803 1421 nec
839 1350 1303 1449 impendente
1339 1379 1356 1422 ε
1397 1377 1612 1448 quem
1650 1354 1946 1426 tandem
1995 1354 2137 1426 hoc
2183 1354 2373 1426 stat'u
2423 1355 2783 1453 praestabi-

665 1458 954 1550 liorem,
1007 1475 1132 1532 aut
1187 1463 1408 1558 magis
1460 1461 1940 1560 expetendum
2006 1485 2388 1559 possumus
2449 1453 2785 1531 dicere3?

667 1572 909 1641 Inesse
950 1571 1145 1642 enim
1175 1594 1471 1643 necesse
1508 1584 1620 1643 est
1649 1575 1726 1642 in
1759 1594 1884 1659 eo,
1922 1572 2049 1669 qui
2086 1573 2182 1640 ita
2205 1571 2294 1640 sit
2334 1567 2671 1656 affectus,
2709 1580 2784 1637 et

666 1678 1124 1753 firmitatem4
1155 1682 1373 1752 animi
1393 1734 1412 1766 ‚
1442 1706 1579 1754 nec
1608 1684 1919 1754 m'ortem
1941 1736 1961 1768 ,
1990 1705 2126 1752 nec
2163 1679 2486 1751 dolorem
2527 1680 2782 1749 timen-

672 1791 792 1876 tis»,
832 1789 1034 1887 quod
1068 1814 1267 1860 mors
1294 1814 1506 1861 sensu
1549 1805 1823 1875 careat3
1865 1789 2075 1862 dolor
2112 1791 2188 1859 in
2224 1788 2774 1885 longinquitate,

666 1896 880 1985 levis-3
920 1899 995 1968 in
1029 1899 1369 1995 gravitate
1391 1950 1411 1985 ‚
1456 1897 1694 1968 brevis
1721 1896 1945 1968 soleat
1982 1920 2177 1969 esse:
2211 1908 2293 1968 ut
2325 1899 2477 1992 ejus
2506 1897 2781 1995 magni-

733 2101 819 2148 αι.
862 2091 1024 2140 Fuisse
1059 2090 1462 2141 desideratur-am.
1498 2089 1631 2139 Gud.
1655 2107 1685 2139 ο
1777 2090 1901 2140 desti
1953 2103 2027 2141 est
2051 2127 2067 2152 ,
2102 2107 2248 2157 qnam
2297 2091 2390 2141 sibi
2451 2090 2646 2142 fidentis
2668 2128 2686 2154 ‚
2729 2103 2784 2141 ut

663 2183 716 2220 et
740 2173 849 2217 Bas.
890 2190 917 2212 σι
953 2170 1100 2217 fuisse
1140 2167 1466 2217 desideratura
1498 2188 1521 2210 ι
1557 2168 1687 2219 ssed

667 2264 769 2296 non
796 2245 1106 2295 attenderunt
1133 2246 1307 2296 scribo
1332 2246 1394 2297 ad
1410 2246 1684 2295 conclusio·

664 2327 739 2374 nis
762 2342 909 2390 supra
930 2327 1105 2390 positae
1134 2326 1389 2376 rationein.
1406 2328 1465 2374 In
1483 2324 1581 2375 fine
1605 2342 1685 2376 ca·

663 2405 780 2469 pitis
808 2405 914 2453 sine
953 2405 1063 2466 jure
1093 2403 1342 2453 Bremiana
1376 2406 1680 2469 transponit,

662 2504 689 2526 σι
710 2483 762 2531 id
784 2495 858 2532 est
882 2484 932 2530 in
958 2483 1206 2549 voluptate
1224 2505 1269 2529 n.
1285 2484 1349 2533 G.

732 2564 848 2611 111.
875 2578 896 2610 1
909 2598 923 2610 .
944 2562 1109 2612 Facile
1125 2561 1352 2626 perspici.
1371 2557 1511 2612 Goer.
1527 2560 1684 2627 sacil—

662 2637 795 2690 It'me.
825 2644 925 2700 Ita,
940 2641 1099 2704 inquit
1115 2673 1132 2701 ‚
1173 2640 1202 2687 5
1227 2640 1431 2699 Davisii,
1455 2641 1548 2689 mei
1575 2656 1683 2689 om-

661 2735 776 2777 nes,
816 2729 913 2767 tres
939 2720 1146 2769 Oxonn.
1178 2730 1228 2768 et
1249 2729 1366 2767 vett.
1395 2718 1513 2767 editi
1531 2719 1682 2783 pleri-

661 2814 757 2862 que
790 2813 977 2847 omues.
1014 2799 1180 2862 Vulgo
1209 2796 1376 2862 facile
1393 2833 1410 2860 ,
1445 2813 1507 2847 ex
1546 2813 1683 2846 com·

661 2876 842 2941 pendio
867 2887 1018 2942 puta,
1042 2893 1132 2941 per
1166 2876 1302 2942 quod
1332 2877 1476 2924 toties
1516 2891 1683 2941 super·

658 2954 794 3003 lativi
814 2956 1174 3018 oblinet-autum
1198 2956 1311 3006 vide
1338 2970 1482 3020 supra
1510 2962 1569 3014 4,
1600 2968 1681 3004 ιι.

657 3035 883 3085 Ceterum
904 3052 1030 3084 unus
1054 3052 1273 3085 meorum
1290 3047 1341 3084 et
1357 3034 1458 3083 duo
1476 3036 1681 3082 Oxonn.

653 3114 844 3180 percipi
865 3132 885 3162 .·
914 3131 1011 3180 qua
1036 3114 1395 3181 permutatione
1419 3110 1546 3162 nihil
1581 3112 1680 3160 fre·

660 3193 908 3256 quentius.

729 3285 782 3317 α.
823 3270 1194 3321 consumamus.
1247 3270 1380 3321 Gud.
1422 3287 1445 3319 1
1484 3280 1535 3320 et
1567 3270 1680 3317 Bas.

656 3359 821 3395 autem
842 3348 1050 3398 addunt.
1071 3349 1247 3397 Natam
1274 3349 1446 3414 partic.
1470 3366 1534 3398 ex
1550 3364 1685 3397 com·

658 3424 839 3490 pendio
860 3426 1185 3490 praecedentis
1206 3426 1339 3475 verbi
1355 3427 1567 3492 putabis.
1591 3428 1681 3477 Co-

658 3516 815 3553 ternm
830 3504 1050 3553 conferas
1069 3505 1272 3554 similem
1291 3506 1424 3554 beati
1438 3522 1500 3553 ex
1517 3516 1678 3553 mente

658 3582 856 3647 Epicuri
883 3583 1259 3648 descriptionem
1282 3583 1414 3649 apud
1423 3584 1640 3631 Lnernx
1661 3615 1678 3642 ,

667 3660 788 3719 133,
825 3661 914 3726 qui
946 3659 1086 3709 locus
1130 3663 1334 3712 omnino
1380 3678 1492 3711 cum
1535 3677 1678 3727 seqq.

659 3739 928 3803 comparari
954 3751 1183 3789 meretur.
1205 3743 1268 3789 G.

731 3818 784 3866 3.
829 3820 1083 3867 Possumus
1121 3819 1474 3871 diceree’Gud.
1507 3834 1527 3868 ι
1567 3829 1619 3867 et
1646 3835 1675 3869 2

659 3911 770 3943 eum
797 3894 905 3943 Bas.
932 3896 1185 3961 possimus.
1229 3898 1326 3948 Sed
1358 3898 1680 3948 indicativum

657 3973 973 4035 subjunctivo
1009 3977 1411 4043 anteponendum
1454 3975 1678 4036 videtum

660 4069 866 4118 namque
918 4052 1024 4101 hoc
1068 4055 1230 4103 oratio
1273 4072 1377 4104 non
1429 4065 1525 4103 tam
1572 4070 1680 4102 mo-

1773 2170 2017 2235 Epicurei.
2049 2197 2119 2207 —
2158 2173 2308 2219 Recte
2345 2182 2503 2219 autem
2533 2171 2704 2220 Cicero
2730 2172 2784 2218 in

1770 2250 1994 2312 proxime
2030 2247 2282 2298 antecedd.
2308 2259 2435 2297 statu
2456 2283 2471 2309 ‚
2501 2266 2651 2314 quum
2676 2248 2784 2299 talis

1771 2327 1998 2392 voluptas
2015 2329 2158 2375 etiam
2185 2326 2247 2374 de
2269 2327 2435 2375 futuro
2469 2337 2689 2391 tempore
2709 2344 2782 2375 se·

1769 2422 1884 2454 cura
1914 2422 2015 2453 esse
2047 2406 2232 2471 possit,
2256 2404 2424 2452 dolore
2449 2400 2587 2452 nullo
2607 2405 2785 2469 impen-

1768 2482 1924 2532 dente.
1952 2484 2015 2531 G.

1843 2568 1893 2615 4.
1913 2558 2284 2628 Eefimu'taeem.
2315 2559 2478 2607 Deleri
2492 2558 2638 2608 Rath.
2669 2578 2782 2610 cum

1769 2638 1932 2687 Davis.
1972 2649 2022 2685 οε
2041 2636 2213 2698 jubet,
2254 2653 2364 2701 quae
2403 2648 2532 2686 recte
2566 2641 2783 2704 ponitur.

1768 2720 1954 2765 ‘Verum
1974 2714 2101 2764 enim
2119 2714 2246 2763 vidit
2267 2715 2428 2763 Bremi
2446 2752 2461 2776 ,
2486 2727 2536 2764 ec
2551 2717 2599 2765 h.
2618 2717 2654 2766 l.
2681 2735 2783 2767 esse

1769 2794 2071 2859 partitivam,
2092 2804 2139 2841 et
2158 2793 2332 2842 deinde
2353 2811 2442 2858 per
2457 2795 2781 2848 anacoluthon

1768 2873 1914 2921 altera
1932 2885 2070 2938 parte
2091 2873 2358 2945 orationem
2384 2874 2462 2923 his
2488 2876 2647 2925 verbis
2668 2895 2780 2942 per-

1769 2969 1905 3019 gere,
1950 2974 1972 2996 ι
1998 2952 2060 3000 ad
2086 2970 2139 3002 ea
2165 2971 2313 3018 quum
2335 2955 2522 3005 aceedit
2536 2979 2578 3006 a.
2600 2958 2675 3005 Ita
2692 2973 2783 3021 per

1768 3030 2095 3080 anacoluthon
2114 3032 2285 3083 Cicero
2310 3033 2423 3099 plus
2448 3051 2591 3098 quum
2619 3047 2783 3093 cente-

1766 3110 1845 3158 nis
1869 3109 2019 3172 locis3
2059 3120 2108 3159 et
2123 3127 2311 3176 semper
2330 3112 2428 3160 sere
2450 3146 2468 3172 ‚
2492 3117 2531 3160 si
2560 3113 2783 3161 enuntia-

1768 3190 1925 3238 tiones
1949 3190 2248 3254 explicativae
2266 3192 2630 3240 interseruntur.
2663 3193 2782 3252 Ejus

1769 3269 1955 3335 generis
1969 3281 2081 3317 sunt
2101 3285 2159 3317 ex
2173 3270 2379 3318 maxima
2397 3281 2532 3335 parte
2546 3270 2781 3336 exempla,

1769 3362 1878 3411 quae
1914 3348 2139 3412 Hotting.
2177 3347 2240 3395 ad
2283 3347 2447 3396 Divin.
2470 3351 2494 3395 1
2514 3381 2531 3408 ‚
2573 3348 2660 3409 30,
2688 3349 2782 3411 63,

1766 3425 1964 3491 collegit
1989 3429 2042 3476 in
2086 3412 2358 3491 quibusque
2403 3438 2452 3473 et
2493 3443 2587 3492 pro
2631 3428 2782 3476 etiam

1767 3503 1865 3551 dici
1892 3506 2075 3555 statuit.
2085 3504 2345 3554 Uberiores
2366 3504 2422 3555 h.
2440 3504 2474 3552 l.
2494 3506 2705 3554 foi-emus
2726 3507 2782 3553 in

1767 3584 1999 3649 exemplis
2038 3583 2275 3632 addendis
2293 3617 2308 3642 ,
2352 3585 2444 3631 nisi
2472 3600 2637 3632 eorum
2665 3585 2779 3633 satis

1766 3660 2036 3726 collegisset
2060 3661 2220 3709 Brenni
2239 3697 2256 3721 ,
2280 3661 2468 3725 nisique
2493 3679 2602 3727 spes
2624 3674 2746 3711 esset
2762 3696 2779 3721 ‚

1766 3738 2014 3801 Muttine,
2031 3740 2188 3788 virum
2207 3740 2348 3788 bisin
2372 3741 2514 3789 rebus
2531 3742 2779 3806 sagacissi-

1765 3834 1922 3879 mum,
1944 3835 2095 3884 quum
2116 3835 2273 3883 nuper
2297 3820 2427 3867 hunc
2464 3820 2525 3868 de
2552 3820 2779 3869 anacolu-

1767 3896 1860 3944 this
1895 3896 2056 3945 locum
2073 3933 2089 3959 ‚
2126 3898 2366 3946 desertum
2409 3899 2506 3946 huc
2542 3916 2695 3963 usque
2729 3912 2779 3949 et

1765 3977 1908 4025 nimis
1950 3977 2247 4042 neglectum,
2299 3987 2500 4026 tractare
2542 3980 2776 4044 coeperit,

1766 4055 1908 4104 etiam
1949 4055 2045 4102 hoc
2092 4055 2286 4103 illorum
2335 4070 2486 4119 genus
2525 4072 2626 4105 non
2674 4074 2775 4104 esse
