3217 4784
662 409 800 495 504
858 472 867 483 .
1333 408 1433 475 M.
1484 408 1564 474 T.
1616 403 2112 474 CICERONIS

656 538 810 604 Jam
850 531 1263 628 insipientes
1306 527 1484 597 alios
1506 529 1618 596 'ita
1653 547 1845 610 esse,
1892 539 1974 595 ut
2023 522 2230 594 nullo
2276 523 2495 593 modo
2544 522 2633 593 ad
2670 547 2787 594 sa-

657 646 1005 740 pientiam
1040 650 1341 736 possent
1380 637 1793 733 pervenire3
1834 634 2049 722 alios,
2091 634 2220 729 qui
2256 648 2582 729 possent,
2613 635 2674 704 si
2709 635 2790 704 id

555 760 623 831 ⁵7
657 755 966 850 egissent
981 759 1038 838 7,
1073 748 1491 845 sapientiam
1525 745 1897 842 consequi.
1927 745 2059 815 Hic
2088 740 2525 839 loquebatur
2554 743 2791 830 aliter,

655 878 874 959 atque
911 881 1203 946 omnes;
1244 855 1598 929 sentiebat
1632 854 1822 926 idem
1845 909 1866 943 ‚
1904 853 2101 951 quod
2150 854 2392 924 ceteri.
2434 857 2579 925 Nec
2612 868 2797 924 vero

656 970 956 1042 minoris
972 966 1385 1041 aestimanda
1408 964 1721 1038 ducebat
1747 988 1831 1035 ea
1847 1021 1867 1051 ,
1895 988 2058 1061 quae
2085 965 2239 1062 ipse
2271 962 2468 1035 bona
2494 979 2795 1060 negaret

655 1105 844 1168 esse,
876 1103 1091 1176 quam
1122 1078 1266 1166 illi,
1295 1079 1422 1175 qui
1460 1102 1542 1149 ea
1568 1076 1767 1147 bona
1801 1098 1952 1146 esse
1989 1072 2331 1146 dicebant
2344 1067 2399 1144 ⁸.
2430 1073 2626 1163 Quid
2659 1075 2798 1172 igi-

657 1207 774 1263 tur
803 1189 1037 1261 voluit
1071 1187 1248 1275 sibi,
1286 1189 1417 1285 qui
1450 1187 1585 1257 illa·
1607 1184 2046 1256 mutaverit?
2084 1183 2349 1254 Saltem
2389 1181 2662 1280 aliquid
2693 1183 2794 1255 de

653 1297 980 1397 pondere
1024 1296 1444 1369 detraxisset
1458 1308 1515 1381 9,
1558 1310 1632 1366 et
1667 1292 1914 1393 paullo
1957 1294 2260 1388 minoris
2308 1294 2797 1364 aestimavisset

655 1432 774 1495 ea,
808 1430 1025 1505 quam
1050 1406 1551 1505 peripatetici,
1589 1419 1671 1475 ut
1701 1403 1970 1475 sentire
2011 1426 2313 1500 quoque
2361 1403 2554 1474 aliud
2577 1457 2598 1491 ,
2633 1429 2788 1475 non

656 1518 890 1590 solum
932 1515 1169 1589 dicere
1206 1515 1594 1586 videretur.

747 1626 980 1717 Quid?
1002 1626 1093 1698 de
1131 1626 1283 1724 ipsa
1314 1623 1522 1697 beata
1539 1627 1791 1712 vitam,
1816 1622 1904 1695 ad
1933 1647 2151 1720 quam
2188 1624 2432 1697 omnia
2464 1621 2789 1695 referun-

654 1754 803 1824 tur,
856 1762 1018 1835 quoe
1058 1735 1342 1806 dicitis?
1377 1734 1666 1830 Negatis
1711 1757 1868 1804 eam
1908 1756 2063 1804 esse
2092 1786 2112 1817 ‚
2149 1756 2308 1829 quae
2361 1731 2643 1830 expleta
2696 1734 2792 1802 sit

653 1845 994 1919 omnibus
1012 1847 1098 1917 iis
1114 1844 1370 1929 rebus,
1407 1868 1585 1940 quas
1614 1859 1869 1915 natura
1898 1840 2286 1927 desideret,
2322 1857 2698 1939 totamque
2720 1852 2780 1887 ¹¹

653 1983 810 2031 eam
850 1959 922 2027 in
964 1981 1112 2028 una
1145 1960 1410 2028 virtute
1449 1955 1766 2051 ponitis:
1803 1976 2181 2050 quumque
2218 1955 2453 2024 omnis
2497 1968 2787 2027 contro·

652 2067 882 2138 versia
920 2081 1045 2135 aut
1080 2063 1171 2134 de
1210 2087 1287 2134 re
1318 2063 1547 2135 soleat
1568 2102 1601 2150 ,·
1624 2076 1751 2133 aut
1792 2062 1884 2133 de
1922 2063 2220 2133 nomine
2256 2086 2447 2149 esse;
2483 2078 2792 2162 utraque

588 2236 593 2241 .
652 2199 905 2248 earum
944 2176 1283 2258 nascitur,
1327 2175 1383 2244 si
1435 2187 1559 2245 aut
1600 2198 1716 2244 res
1757 2174 2171 2270 ignoratur,
2213 2187 2340 2243 aut
2381 2188 2663 2271 erratur
2711 2177 2788 2246 in

652 2285 967 2356 nomine.
1014 2284 1349 2373 Quorum
1382 2286 1441 2354 si
1481 2299 1824 2356 neutrum
1854 2297 1962 2353 est
1983 2336 2003 2372 ‚
2043 2306 2265 2381 opera
2297 2281 2612 2355 dandam
2644 2300 2790 2371 est,

722 2485 774 2536 7.
796 2469 850 2517 Se·
863 2468 919 2518 e'd
935 2468 1161 2534 egissent.
1182 2471 1302 2519 Hoec
1323 2470 1507 2534 optima
1526 2469 1678 2518 lectio
1765 2483 1865 2515 nou
1881 2467 2040 2516 solum
2056 2466 2235 2527 verbis,
2257 2466 2342 2515 sed
2363 2467 2509 2515 etiam
2527 2484 2580 2516 re
2606 2468 2793 2517 dissen-

650 2560 724 2598 est
752 2549 909 2605 Tei-tii
946 2547 1083 2612 apud
1121 2549 1176 2595 P.
1210 2550 1402 2597 Manat.
1429 2558 1625 2612 recepta
1649 2565 1677 2594 ι
1765 2546 1875 2593 tire.

654 2627 858 2676 Davisio
872 2662 890 2689 ‚
922 2635 972 2673 et
993 2642 1020 2673 ι
1046 2627 1176 2690 spir.
1197 2627 1298 2676 Erl.
1317 2628 1375 2674 E.
1397 2638 1446 2674 et
1471 2623 1514 2685 ξ.
1537 2642 1675 2675 com·

651 2705 874 2773 proban.
901 2704 1097 2769 Reliqui
1116 2706 1272 2752 nostri
1298 2722 1408 2753 cum
1429 2706 1550 2753 olim
1568 2707 1677 2753 vul-

650 2796 761 2851 gata
787 2784 845 2832 id
856 2783 1120 2850 gessissem
1141 2800 1162 2831 .-
1186 2784 1282 2832 m‘si
1307 2784 1445 2847 quod
1468 2784 1600 2832 Gud.
1646 2801 1669 2833 1

655 2861 967 2930 digessissem
977 2871 1170 2927 peccat.
1189 2860 1569 2909 Aecommodata
1585 2876 1694 2910 au·-

650 2954 747 2991 tem
771 2942 875 2990 hee
890 2939 1029 2989 fictio
1052 2939 1116 2987 ad
1135 2939 1259 2988 illud
1277 2974 1292 2998 ,
1314 2938 1406 2987 hoe
1430 2956 1554 3004 age,
1576 2951 1674 3000 est,

650 3021 788 3087 quod
816 3019 1113 3087 proverbiali
1140 3035 1273 3067 more
1300 3019 1486 3068 Latinis
1523 3019 1586 3068 de
1623 3037 1675 3067 re

650 3117 752 3165 prae
778 3102 950 3150 ceteris
975 3100 1188 3147 curanda
1220 3099 1440 3163 ponitur.
1470 3100 1676 3147 Senten-

652 3182 718 3228 tia
745 3191 848 3239 est,
868 3180 1020 3229 -siiu
1047 3194 1107 3226 eo
1132 3194 1326 3227 omnem
1356 3193 1555 3241 operam
1580 3193 1677 3241 po·

651 3258 860 3308 suissent
883 3281 925 3306 ι.
959 3255 1264 3306 G.—-1.·mb.
1301 3266 1460 3305 autem
1495 3256 1678 3316 edidit,

649 3336 694 3384 si
730 3335 1081 3402 processissem
1096 3369 1114 3395 ‚
1166 3334 1300 3398 quod
1351 3350 1379 3381 a
1431 3335 1682 3383 nonnullis

650 3415 923 3464 editoribus
950 3423 1200 3477 receptum
1233 3413 1477 3473 eiecerunt
1504 3414 1680 3462 Grute-

650 3506 735 3542 rus
761 3504 811 3543 et
830 3491 1076 3542 Davisius.

722 3572 772 3620 8.
803 3570 903 3634 Qui
923 3586 983 3617 ea
1008 3570 1137 3617 bona
1163 3584 1264 3617 esse
1286 3568 1535 3618 dicebant.
1561 3572 1679 3621 Em.

649 3664 756 3697 esse
766 3647 1027 3696 delendum
1043 3657 1202 3711 putat.
1216 3645 1533 3710 Neutiqumu.
1553 3650 1678 3697 Nam

649 3727 836 3783 dicere,
865 3736 1080 3773 statuere
1099 3725 1254 3781 valet,
1273 3736 1418 3790 atque
1438 3737 1539 3775 tum
1552 3743 1679 3774 sem·

650 3820 740 3870 per
750 3820 850 3854 esse
867 3805 921 3855 in
941 3805 1177 3855 comitatu
1196 3804 1345 3853 babet
1361 3840 1376 3864 ,
1406 3806 1556 3870 idque
1572 3823 1677 3854 non

651 3884 756 3933 sine
782 3884 832 3933 vi
861 3882 1100 3933 additum.
1131 3886 1193 3931 G.

721 3980 774 4028 9.
799 3963 989 4012 Saltem
1016 3996 1029 4008 .
1052 3998 1065 4010 .
1086 3997 1098 4007 .
1132 3959 1441 4010 detraxisset.
1463 3965 1557 4013 Int.
1580 3963 1678 4013 hoo

653 4043 770 4092 fecit
784 4076 802 4104 ,
826 4054 881 4091 ut
897 4042 1066 4091 saltem
1087 4040 1163 4088 his
1185 4041 1457 4090 commodis
1479 4041 1677 4107 pondus

537 4182 545 4193 ι
650 4122 851 4186 aliquod
892 4120 1195 4179 detraheret,
1237 4130 1285 4168 et
1325 4121 1394 4169 sie
1433 4121 1676 4169 videretur

1841 2640 1921 2672 ιο.
1947 2623 2081 2688 Quid
2091 2629 2119 2671 ,Ρ
2134 2623 2197 2671 de
2221 2623 2332 2687 ipsa
2356 2623 2501 2672 ῠεοω
2516 2623 2640 2671 vita.
2658 2627 2782 2672 Ver-

1762 2705 1880 2753 bum
1909 2714 2210 2769 postremum
2228 2721 2330 2753 non
2351 2716 2424 2753 est
2448 2707 2499 2752 iu
2524 2705 2626 2752 Pal.
2645 2721 2787 2768 quar·

1765 2795 1849 2840 to;
1877 2793 1927 2832 et
1946 2784 2074 2832 forte
2090 2782 2385 2847 subintelligi
2403 2784 2561 2832 voluit
2580 2796 2754 2833 auctor
2771 2800 2784 2831 :

1763 2878 1877 2909 nem
1916 2878 2006 2911 nec
2052 2860 2230 2926 reliqui
2265 2863 2422 2911 nostri
2455 2864 2786 2914 concordant:

1762 2940 1908 2990 habet
1945 2942 2076 2989 enim
2119 2957 2215 2988 sec.
2252 2940 2352 2990 Pal.
2389 2940 2549 2990 vitam
2567 2962 2587 3000 ‚·
2627 2954 2791 2991 sextus

1763 3020 1873 3068 via.
1900 3019 2073 3069 Gnur.

1841 3115 1862 3146 1
1879 3116 1921 3147 ι.
1966 3102 2249 3164 Totamque.
2309 3102 2445 3166 Qus,
2483 3100 2574 3147 sed
2611 3112 2752 3150 notat
2772 3119 2788 3162 3

1769 3190 1847 3237 et,
1867 3178 2003 3243 quod
2031 3178 2170 3227 brevi
2195 3190 2309 3244 post
2335 3180 2386 3226 in
2411 3179 2546 3229 Gud.
2580 3191 2790 3246 utroque

1767 3272 1868 3305 cena
1881 3258 2113 3306 omissum
2132 3270 2223 3318 est,
2241 3258 2294 3306 id
2307 3258 2421 3306 iude
2431 3258 2790 3325 putabis,quod

1768 3335 1939 3383 scribae
1958 3337 2010 3383 in
2031 3336 2122 3383 hae
2144 3353 2266 3385 voce
2287 3337 2572 3398 offendunt,
2593 3341 2635 3386 si
2650 3339 2756 3385 sola
2770 3371 2784 3395 ‚

1769 3415 1917 3462 unica
1943 3414 2069 3463 valet
2091 3433 2103 3463 :
2130 3416 2182 3464 in
2208 3416 2379 3480 primis
2403 3432 2556 3480 quum
2586 3426 2788 3480 propter

1771 3504 1925 3541 totam
1968 3493 2214 3543 abundare
2251 3495 2473 3544 videatur
2489 3530 2504 3553 ‚
2555 3493 2788 3559 ponderis

1769 3588 1907 3620 caus·
1922 3571 2297 3623 additamenta·
2316 3577 2443 3623 enim
2456 3576 2608 3638 ipsam
2622 3575 2786 3623 Stoica

1767 3651 1890 3699 ratio
1907 3686 1922 3709 ,
1949 3663 2000 3699 et
2015 3658 2153 3700 sueu's
2169 3654 2381 3701 auctoris
2399 3664 2576 3701 tuetur.
2598 3658 2663 3704 G.

1845 3746 1864 3777 ι
1878 3745 1927 3781 a.
1961 3732 2178 3794 Quorum
2201 3731 2247 3781 si
2271 3745 2487 3780 neutrum
2516 3743 2608 3792 est,
2637 3748 2786 3795 opem

1763 3808 1933 3856 danda
1953 3821 2054 3868 esc,
2074 3822 2139 3858 ut.
2177 3813 2311 3859 Goer.
2352 3821 2532 3873 trausp.
2566 3812 2784 3874 Quorum

1767 3899 1989 3935 neem-um
2015 3888 2060 3937 εἰ
2092 3900 2194 3949 est,
2220 3889 2515 3951 alterumque
2551 3899 2620 3936 est
2655 3887 2785 3936 delet

1766 3980 1875 4013 cum
1900 3966 2033 4031 Spir.
2062 3966 2162 4016 Erl.
2182 3978 2231 4015 et
2255 3969 2360 4015 Bas.
2380 3968 2455 4014 De
2471 3977 2574 4025 ese,
2595 3966 2783 4031 iuquit,

1765 4044 1897 4108 quod
1931 4046 1995 4094 ad
2035 4056 2183 4111 pan-tt.
2219 4046 2308 4093 fut.
2343 4047 2398 4093 in
2423 4046 2516 4093 dus
2554 4062 2616 4094 ex
2647 4063 2782 4095 more

1764 4123 1932 4173 scribae
1955 4125 2144 4175 addunt
2163 4161 2177 4186 ,
2196 4142 2325 4191 saepe
2344 4126 2545 4194 egimus.
