3217 4784
812 400 936 467 DE
986 400 1153 467 FIN.
1208 400 1413 467 BON.
1460 402 1572 467 ET
1626 402 1842 469 MAL.
1890 404 2035 485 111,
2091 405 2193 484 ιζ..

2419 401 2554 497 387

441 520 704 591 bonam
750 535 1062 592 mortem
1124 536 1198 591 et
1253 518 1533 591 bonum
1584 534 1873 618 partum
1907 577 1926 609 ,
1972 520 2343 592 meliorem
2401 521 2556 592 lon-

440 653 615 726 gum
638 637 894 717 essem,
919 654 1139 727 quam
1166 628 1488 700 brevem.
1514 633 1676 701 Non
1704 631 1984 717 vident,
2027 630 2165 701 alia
2205 630 2560 704 brevitate

440 739 664 837 pluris
712 742 1075 826 aestimari3
1117 739 1291 824 alia,
1334 737 1834 812 diuturnitate.
1884 745 2136 839 ltaque
2185 759 2562 814 consenta-
2598 765 2668 827 48

436 875 655 921 neum
712 867 822 923 est
858 850 968 920 his
994 904 1015 936 ‚
1066 874 1229 945 quae
1272 847 1462 919 dicta
1497 863 1707 936 sunt,
1746 852 2026 923 ratione
2063 852 2353 923 illorum
2375 908 2396 940 ,
2435 857 2563 950 qui

436 960 641 1031 illum
678 958 1048 1030 bonorum
1102 956 1361 1045 finem,
1401 956 1603 1056 quod
1635 958 2079 1057 appellamus
2116 976 2520 1033 extremum
2543 1018 2563 1051 ,

435 1069 640 1165 quod
693 1068 1068 1154 ultimum,
1103 1091 1422 1139 crescere
1477 1082 1740 1166 putent
1795 1093 2006 1166 posse
2028 1125 2048 1157 ,
2099 1071 2355 1142 iisdem
2411 1071 2566 1170 pla-

437 1204 598 1251 cere
624 1189 707 1266 ¹¹,
741 1201 897 1249 esse
922 1177 1138 1248 alium
1172 1177 1313 1248 alio
1346 1179 1564 1249 etiam
1586 1178 2212 1277 sapientioremn,
2245 1168 2569 1277 itemque

437 1287 652 1358 alium
703 1290 926 1382 magis
961 1287 1101 1357 alio
1148 1288 1261 1358 vel
1309 1312 1642 1385 peccare,
1679 1288 1792 1358 vel
1823 1303 2020 1359 recte
2056 1287 2309 1361 facere.
2350 1290 2570 1381 Quod

439 1397 650 1469 nobis
691 1421 844 1468 non
893 1397 1057 1468 licet
1099 1396 1376 1484 dicere,
1413 1400 1541 1495 qui
1580 1420 1900 1469 crescere
1936 1396 2302 1468 bonorum
2347 1396 2569 1471 finem

438 1533 585 1579 non
616 1524 969 1607 putamus.
985 1513 1084 1579 Ut
1111 1509 1304 1579 enim
1347 1510 1474 1604 qui
1508 1507 1819 1580 demersi
1847 1522 2020 1578 sunt
2052 1509 2128 1577 in
2160 1506 2442 1604 aqua13,
2465 1512 2572 1580 ni-

440 1618 588 1690 hilo
628 1623 853 1718 magis
897 1622 1251 1716 respirare
1292 1633 1631 1714 possunt,
1670 1620 1728 1688 si
1774 1642 1922 1688 non
1977 1619 2190 1714 longe
2231 1617 2496 1688 absunt
2528 1645 2570 1690 a

438 1753 767 1816 summ0,
812 1742 895 1799 ut
940 1730 1087 1824 jam
1116 1727 1413 1824 jamque
1451 1731 1729 1825 possint
1785 1753 2194 1827 emergere,
2254 1753 2475 1825 quam
2514 1733 2570 1801 si

438 1841 652 1909 etiarn
688 1853 842 1908 tum
892 1852 1132 1908 essent
1171 1838 1246 1907 in
1291 1836 1693 1935 profund03
1732 1864 1869 1909 nec
1901 1836 2180 1910 catulus
2228 1837 2386 1926 ille,
2447 1840 2610 1935 qui.

431 1947 577 2040 jam
623 1948 1200 2045 appropinquat,
1245 1962 1331 2017 ut
1367 1948 1644 2035 videat,
1681 1947 1844 2046 plus
1893 1949 2157 2033 cernit,
2205 1970 2426 2043 quam
2472 1948 2566 2035 is,

438 2054 565 2152 qui
587 2056 806 2128 modo
839 2072 946 2128 est
974 2073 1223 2128 natus:
1251 2058 1348 2127 ita
1381 2061 1507 2154 qui
1535 2063 1885 2156 processit
1906 2057 1969 2114 ¹4
1994 2057 2448 2153 aliquantum
2476 2054 2570 2126 ad

439 2166 718 2235 virtutis
741 2156 1596 2252 aditum1⁵‚nihilominus
1626 2171 1700 2237 in
1731 2169 2015 2238 miseria
2042 2166 2567 2262 est,quamille,

438 2274 564 2372 qui
591 2273 775 2346 nihil
811 2277 1177 2373 processit.

513 2430 595 2462 ιο.
633 2417 853 2479 Longum
884 2429 1003 2462 esse.
1041 2416 1193 2461 Prave
1235 2425 1460 2477 transpo-

438 2505 561 2542 nunt
577 2496 704 2557 Spir.
724 2505 772 2541 et
794 2493 896 2541 Erl.
916 2508 1022 2541 esse
1042 2493 1265 2556 lomna.
1288 2493 1353 2539 G.

512 2591 531 2620 ι
548 2590 593 2621 1.
643 2576 821 2637 Imque
870 2584 1244 2620 consentaneum
1283 2582 1356 2618 est
1388 2570 1462 2619 leis

447 2687 458 2698 .
473 2688 485 2701 .
499 2687 513 2700 .
548 2652 738 2700 ratium
757 2653 952 2701 illorum
972 2682 985 2698 .
1001 2685 1013 2698 .
1025 2685 1039 2698 .
1063 2650 1233 2697 iisdem
1242 2650 1458 2712 placere.

438 2730 516 2778 Ad
543 2740 918 2778 consemamum
959 2740 1031 2776 ese
1048 2763 1063 2787 ‚
1100 2728 1157 2776 id
1186 2728 1426 2792 intellige·
1443 2763 1458 2785 ‚

438 2821 492 2857 ut
537 2825 695 2873 προς
737 2808 852 2855 vido
896 2824 987 2855 nos
1021 2808 1211 2857 Aoedd.
1256 2810 1338 2868 11,
1384 2823 1417 2869 9
1440 2840 1454 2862 ‚

439 2889 524 2936 28.
577 2886 766 2935 Deinde
792 2902 943 2949 quum
977 2896 1147 2933 auctor
1197 2898 1448 2949 pergeret,

436 2989 459 3008 κ
481 2967 582 3026 his,
619 2980 727 3029 quae
750 2965 880 3012 dicta
906 2977 1018 3011 sunt
1058 2965 1243 3011 ratione
1270 2964 1400 3012 fflor.
1429 2986 1453 3006 a·

438 3047 454 3107 (
482 3047 609 3094 inter
633 3060 744 3108 qnae
770 3044 919 3106 vulgo
964 3043 1087 3090 male
1132 3042 1317 3104 virgula
1342 3054 1456 3106 post

435 3125 567 3172 dicta
590 3136 701 3171 sune
717 3121 949 3185 additur)
975 3136 1103 3169 :non
1122 3121 1313 3185 potuit,
1330 3122 1453 3183 quin

437 3216 709 3265 pronomen
730 3212 936 3263 poneret
951 3228 966 3255 ‚
1014 3199 1153 3262 quod
1175 3198 1238 3245 ad
1262 3198 1454 3245 illorum

438 3280 712 3328 referretur.
732 3278 903 3326 Iisdem
924 3289 1086 3326 autem
1108 3278 1235 3325 dixit
1254 3292 1347 3340 pro
1367 3278 1459 3325 illis

435 3359 579 3425 ipsis,-
594 3361 660 3408 ef.
682 3361 837 3407 Brenn.
851 3358 911 3404 de
930 3361 1061 3415 Fato,
1086 3358 1169 3406 15.
1184 3359 1248 3404 G.
1266 3383 1335 3392 --
1353 3358 1456 3404 No-

434 3439 509 3486 bis
534 3440 706 3488 melius
732 3447 856 3485 stare
884 3436 1077 3485 videtur
1100 3435 1315 3500 vitguln‚
1343 3447 1456 3498 pout

434 3518 568 3566 dicta
601 3527 714 3565 sune
750 3518 946 3580 positu
998 3533 1110 3564 nam
1138 3530 1310 3563 sunm
1338 3526 1411 3562 est
1430 3529 1448 3563 e

436 3598 657 3646 Admissa
697 3597 884 3644 ratione
926 3612 1096 3644 eornm
1123 3595 1209 3659 qni
1227 3631 1241 3655 ,
1267 3607 1360 3643 etc.
1388 3611 1455 3641 se·

434 3678 604 3740 quitur
628 3688 687 3724 ut
714 3675 861 3722 iidem
897 3675 1058 3722 dicere
1104 3674 1312 3722 debeant
1349 3689 1452 3721 eone

432 3753 579 3803 altum
606 3755 706 3802 alio
732 3753 1086 3816 sapientiorem.

508 3851 588 3883 ra.
611 3834 777 3882 Alium
796 3833 898 3880 alio
917 3833 1063 3880 eciam
1089 3831 1447 3895 sapientiorem.

434 3915 564 3960 Goer.
591 3913 894 3962 deletedam.
920 3916 1107 3975 Quum,
1134 3911 1326 3974 inquit,
1346 3911 1451 3970 ejus

433 3990 663 4041 locanti.
688 3993 990 4056 eepraebeat,
1028 3990 1157 4038 Gna.
1187 4006 1206 4035 1
1257 4000 1306 4036 et
1341 3992 1446 4040 Bas.

435 4084 602 4117 vocem
628 4071 771 4134 plane
804 4073 1031 4136 ignorent
1058 4086 1071 4119 :
1095 4071 1205 4131 jure
1232 4069 1447 4133 partien-

432 4149 526 4195 lam
541 4182 555 4207 ‚
577 4164 685 4212 qun
700 4150 849 4199 toties
871 4150 1042 4197 scribit
1064 4149 1292 4205 debetur,
1319 4160 1367 4198 et
1385 4148 1448 4197 ad

1551 2415 1655 2463 haee
1682 2426 1909 2463 contexta
1937 2425 2142 2473 marcet,
2173 2415 2572 2479 proter-ibendarn

1551 2495 1840 2558 putarimus.

1628 2574 1709 2620 13.
1741 2574 1800 2618 Ut
1821 2571 1950 2618 enim
1979 2570 2184 2634 quim&
2208 2586 2359 2635 αφια.
2393 2571 2571 2620 Eadem

1549 2652 1648 2699 fere
1661 2684 1678 2710 ,
1699 2662 1756 2699 ut
1777 2651 2079 2715 Chrysippea
2094 2684 2110 2708 ‚
2143 2651 2291 2698 refert
2315 2651 2440 2701 Plut.
2460 2651 2572 2701 adv·

1548 2731 1701 2779 Stoie.
1719 2746 1769 2794 p.
1789 2731 1921 2778 1063
1947 2748 1957 2775 ε
1982 2727 2137 2795 ὥσπερ
2160 2728 2182 2777 ὁ
2203 2733 2356 2793 πῆχυν
2376 2727 2573 2791 ἀπέχων

1548 2807 1593 2859 ἐν
1612 2808 1823 2873 θαλάττῃ
1844 2811 1924 2865 τῆς
1947 2807 2217 2874 ἐπιφανείαις
2230 2845 2244 2868 ,
2274 2804 2410 2858 οὐδὲν
2432 2800 2572 2860 ἦττον

1545 2887 1761 2957 πνίγεται
1809 2893 1891 2937 τοῦ
1938 2882 2329 2943 καταδεδυκότος
2383 2884 2568 2953 ὀργυιὰς

1542 2967 1868 3023 πεντακοσίας·
1902 2968 2045 3022 οὕτως
2069 2961 2181 3013 οὐδὲ
2223 2963 2264 3012 οἱ
2293 2962 2568 3021 πελάζοντες

1546 3045 1692 3113 ἀρετῇ
1732 3052 1825 3096 τῶν
1862 3041 2050 3112 μακρὰν
2083 3042 2227 3091 ὄντων
2264 3032 2403 3092 ἧττόν
2438 3040 2564 3090 εἰσιν*

1544 3123 1625 3174 καὶ
1650 3124 1861 3190 καθάκιρ
1885 3122 1926 3171 οἱ
1946 3118 2134 3188 τυφλοὶ,
2159 3118 2318 3186 τυφλοί
2341 3120 2429 3168 εἰσι
2445 3155 2458 3178 ,
2480 3119 2568 3172 κᾶν

1546 3202 1698 3271 ὀλίγον
1739 3204 1930 3268 ῡσι-ιρον
1973 3196 2252 3248 ἀναῧλέπιιν
2295 3197 2523 3265 μέλλωσιν
2551 3237 2563 3258 ,

1546 3282 1690 3338 οὕτως
1715 3281 1755 3331 οἱ
1779 3279 2152 3348 προκόπτοντες,
2201 3277 2337 3345 ἄχρις
2386 3271 2438 3328 οὗ
2485 3279 2565 3333 τὴν

1546 3358 1714 3425 ἀρετὴν
1734 3355 2032 3409 ἀναλάὸωσιν
2049 3395 2062 3417 ,
2079 3356 2268 3410 ἀνόητοι
2285 3352 2368 3405 καὶ
2389 3359 2562 3424 μοχθη-

1545 3435 1617 3507 ροὶ
1670 3434 1983 3507 διαμένουσιν.
2031 3438 2158 3487 Vide
2202 3438 2370 3500 insup.
2416 3439 2558 3487 Nost.

1543 3519 1631 3566 inf.
1652 3522 1746 3577 lv,
1767 3521 1855 3582 23,
1875 3526 1940 3574 24
1959 3551 1976 3578 ,
1997 3528 2046 3565 et
2067 3519 2342 3573 LaertNH,
2365 3530 2481 3565 120.

1621 3600 1700 3648 14.
1735 3593 1812 3637 Ita
1849 3590 1934 3654 qui
1967 3588 2215 3653 processit.
2241 3590 2382 3635 Goer.
2412 3589 2557 3637 scrib.

1543 3669 1671 3717 item.
1691 3670 1771 3717 Sic
1790 3705 1804 3727 ‚
1817 3670 2002 3732 inquit,
2021 3680 2118 3716 tren
2138 3677 2419 3716 nostrorum
2433 3679 2518 3731 opt
2527 3668 2561 3714 i·

1540 3750 1639 3806 mi,
1665 3760 1874 3812 quatuor
1892 3751 2094 3797 Oxonn.
2125 3749 2275 3794 Mars.
2299 3747 2433 3795 Crat.
2453 3746 2559 3810 ple-

1541 3843 1703 3891 raeque
1722 3828 1935 3891 reliquae.
1959 3827 2200 3888 Vulgatnr
2237 3825 2304 3872 fta
2333 3825 2420 3889 qui
2439 3842 2557 3887 pro-

1540 3923 1660 3955 cess.
1683 3919 1832 3970 prout
1849 3906 2029 3970 ubique
2055 3906 2106 3951 in
2121 3905 2234 3951 icem
2252 3939 2265 3959 ,
2294 3915 2351 3950 ut
2374 3919 2559 3967 praeee-

1542 3987 1971 4050 dente‚peeeamr.
1993 3983 2113 4033 Vid.
2135 3986 2282 4047 Legg.
2296 3984 2344 4029 11
2359 3984 2418 4041 ,5
2435 4016 2450 4040 ,
2470 3997 2488 4027 ι
2507 3998 2524 4026 ι
2544 4017 2558 4037 ,

1542 4068 1779 4115 rll.Tnsc.
1797 4068 1858 4121 V,
1881 4068 1909 4112 3
1927 4101 1941 4123 ‚
1958 4080 2007 4127 9.

1613 4147 1697 4195 ¹15.
1728 4145 1811 4194 Ad
1824 4161 1877 4192 ν.
1897 4144 2083 4192 aditum
2104 4179 2118 4201 ,
2154 4153 2250 4190 ete.
2282 4142 2395 4188 Non
2417 4156 2556 4186 aver-

2234 4221 2344 4293 25.
