3217 4784
705 456 842 529 538
1360 462 2151 532 ARGUMENTUM.

776 582 1041 640 nonnulli
1067 582 1245 640 exitia
1264 581 1377 641 sibi
1397 596 1663 661 quaerant
1687 606 1702 641 :
1727 584 1851 644 fleri
1887 581 1946 641 id
1975 585 2128 641 enim
2159 581 2316 660 apud
2341 581 2549 641 dolore
2565 624 2580 651 ‚
2603 585 2856 662 cupidi-

781 690 926 751 tate,
957 677 1256 738 iracundia
1270 722 1290 751 ,
1311 692 1635 739 commotos
1651 724 1668 754 ,
1690 694 1755 739 ut
1779 682 1841 741 in
1868 680 2020 739 maia
2039 679 2308 738 eonstiito
2329 691 2592 752 ruentes,
2614 681 2854 759 optime

778 774 889 835 sibi
915 775 1216 835 consulere
1233 789 1440 854 putent
1454 821 1471 849 ,
1496 783 1534 849 -s
1562 796 1772 856 ²7-29·
1797 780 1886 837 Ne
1906 795 2028 836 oese
2047 776 2284 855 quidem
2302 796 2650 855 quemqnam
2665 822 2682 848 ‚
2709 781 2848 857 qui,

773 871 1073 951 quomodo
1117 892 1180 932 se
1221 872 1468 947 habeat,
1526 875 1672 935 nihii
1721 895 1830 935 suav
1872 887 2108 934 censeat
2150 874 2425 933 interesse
2460 896 2473 931 ε
2511 875 2636 933 tolli
2677 878 2844 934 enim

773 988 1001 1029 omnem
1045 971 1401 1050 appetitum,
1443 972 1491 1032 si
1524 974 1585 1031 in
1630 985 1895 1032 neutram
1942 983 2168 1050 partem
2213 971 2312 1057 fiat
2341 972 2674 1050 propensio.
2705 974 2842 1030 Nee

772 1067 939 1125 istam
975 1086 1100 1127 sese
1136 1066 1417 1147 diligendi-
1448 1070 1565 1128 vim
1605 1069 1683 1128 ad
1724 1068 1884 1129 aliud
1919 1067 2241 1147 quidquam
2278 1068 2487 1127 referri
2503 1109 2520 1138 ‚
2551 1086 2727 1146 quam
2757 1070 2834 1128 ad

771 1183 907 1223 eum
943 1164 1135 1243 ipsum
1172 1166 1291 1244 qui,
1318 1185 1444 1225 sese
1482 1166 1701 1246 diligat.
1746 1170 1881 1225 Non
1918 1165 2075 1224 enirn
2119 1184 2224 1225 nos
2265 1186 2321 1224 v.
2362 1185 2413 1224 c.
2457 1178 2701 1244 propter
2727 1186 2837 1225 vo-

770 1261 1053 1339 luptatem
1078 1281 1186 1321 nos
1213 1281 1443 1333 amare;
1468 1262 1572 1322 sed
1599 1263 1752 1322 hanc
1783 1273 2030 1342 propter
2064 1275 2292 1322 nosmet
2324 1263 2503 1341 ipsos.
2530 1263 2704 1321 Nulla
2736 1283 2841 1322 au-

770 1369 885 1415 tem
903 1376 967 1417 re
988 1357 1171 1436 magis
1187 1357 1338 1417 hanc
1360 1358 1420 1416 in
1440 1371 1668 1418 nosmet
1686 1359 1848 1437 ipsos
1859 1358 2158 1417 caritatem
2181 1358 2434 1437 perspici
2447 1402 2464 1430 ,
2479 1377 2653 1436 quam
2671 1374 2838 1418 metu

768 1454 1003 1527 mortis,
1032 1474 1207 1533 quam
1242 1456 1334 1515 ve}
1375 1457 1511 1514 ferae
1541 1455 1852 1526 horreant3
1885 1456 2263 1534 hominesque
2297 1456 2493 1515 omnia
2523 1455 2838 1516 durissima

763 1550 1090 1629 perferant,
1124 1564 1190 1610 ut
1231 1552 1446 1611 vivant.
1494 1557 1659 1631 lpsas
1705 1551 1857 1611 adeo
1903 1553 2114 1632 stirpes
2153 1551 2420 1630 quaedam
2466 1554 2557 1612 sui
2597 1572 2839 1613 conser-

761 1648 939 1708 vandi
986 1650 1265 1728 impetum
1312 1649 1591 1729 prodere,
1633 1656 1669 1723 ς
1707 1649 1916 1709 30-33.
1966 1655 2056 1709 De
2093 1649 2345 1709 bominis
2390 1663 2600 1710 natura
2629 1663 2834 1711 autem

760 1747 912 1825 ipsa,
951 1746 1069 1806 hoc
1110 1760 1313 1826 patere
1333 1791 1348 1819 ,
1392 1746 1687 1810 hominem
1730 1746 2001 1826 inprimis
2044 1747 2277 1819 animo,
2318 1745 2532 1806 deinde
2575 1765 2835 1825 corpore

758 1858 1046 1904 constare.
1078 1845 1358 1924 Corporis
1401 1845 1647 1922 figuram
1680 1845 2014 1923 praecellere
2042 1844 2210 1902 aliis:
2254 1844 2510 1903 animum
2562 1845 2837 1905 sensibus

759 1942 1011 2019 pollere,
1039 1955 1098 2001 et
1128 1954 1354 2015 mente,
1388 1960 1506 2018 qua
1542 1954 1664 2000 tota
1706 1941 1957 2001 hominis
2001 1954 2215 2000 natura
2259 1955 2525 2019 regatur,
2577 1961 2836 2019 quaeque

757 2038 1037 2098 virtutum
1063 2038 1358 2117 particeps
1383 2036 1459 2095 sit
1484 2039 1763 2097 omnium.
1796 2041 1864 2096 ln
1890 2056 2140 2117 corpore
2167 2051 2361 2097 autem
2378 2080 2394 2110 ‚
2438 2051 2505 2097 ut.
2531 2051 2716 2097 totum
2748 2039 2834 2097 ab

756 2136 915 2194 omni
943 2147 1110 2215 parte
1140 2134 1216 2193 ad
1242 2145 1512 2193 naturam
1539 2147 1742 2213 aptum
1767 2135 1873 2208 sit,
1909 2134 1973 2193 id
2014 2148 2165 2214 opus
2201 2153 2356 2206 esse,
2397 2147 2463 2193 nt
2489 2136 2680 2195 valeat
2699 2179 2716 2208 ‚
2742 2138 2836 2195 vi-

755 2243 916 2307 geat,
940 2232 1252 2310 omniaque
1278 2231 1338 2290 in
1366 2250 1441 2289 eo
1467 2231 1561 2290 vel
1588 2231 1650 2290 in
1680 2245 1876 2303 motu,
1917 2244 2071 2292 statu
2093 2275 2110 2304 ‚
2150 2231 2408 2291 sessione
2435 2246 2657 2293 naturae
2687 2253 2832 2292 con·

755 2341 995 2407 gruant,
1026 2327 1356 2407 viteturque
1380 2328 1757 2388 contrarium.
1789 2332 1860 2387 In
1891 2329 2087 2387 animo
2109 2342 2322 2402 autem,
2351 2329 2559 2389 mentis
2578 2330 2831 2389 virtutes

756 2424 831 2483 ad
858 2423 978 2487 duo
1005 2425 1254 2484 maxime
1275 2444 1489 2505 genera
1515 2438 1779 2503 spectare
1800 2445 1818 2481 t
1844 2425 2092 2484 aiterum
2124 2425 2348 2484 innatas
2374 2438 2434 2484 et
2458 2445 2573 2484 non
2603 2427 2826 2485 voiun-

757 2522 959 2595 tarias,
997 2522 1073 2582 ad
1107 2542 1255 2600 quas
1284 2521 1582 2593 docilitas,
1623 2522 1903 2580 memoria
1930 2534 1992 2580 et
2034 2521 2280 2580 omnino
2303 2541 2438 2600 quae
2467 2521 2682 2600 ingenii
2710 2542 2829 2580 no—

753 2617 913 2677 mine
953 2618 1563 2698 comprehendantur-3
1623 2621 1872 2678 alterum
1936 2619 2298 2678 voluntarias
2319 2661 2337 2687 ,
2393 2638 2526 2697 quae
2579 2621 2824 2698 proprie

750 2715 996 2773 virtutes
1026 2714 1411 2792 appellentur,
1445 2715 1788 2793 complecti3
1816 2713 1909 2773 cui
1946 2733 2080 2772 cum
2121 2729 2376 2793 quatuor
2404 2713 2519 2774 illis
2550 2715 2824 2774 cardina-

750 2811 932 2886 libus,
965 2812 1204 2891 reiiqnae
1242 2830 1483 2890 quoqne
1513 2813 1760 2891 proprie
1787 2810 2094 2890 appellatae
2131 2812 2377 2871 virtutes
2404 2812 2615 2884 insint,
2643 2820 2674 2886 ς
2711 2816 2824 2881 34-

751 2909 845 2969 36.
870 2908 1017 2971 Inde
1047 2908 1417 2987 perspicuum
1441 2926 1599 2982 esse,
1645 2923 1710 2968 ut
1731 2952 1747 2980 ‚
1784 2927 1965 2987 quum
2007 2921 2238 2969 nosmet·
2280 2911 2439 2988 ipsos
2477 2909 2820 2988 diligamus»,

746 3019 958 3067 cuncta
983 3006 1158 3066 animi
1180 3006 1562 3085 corporisque
1589 3007 1849 3084 perfecta
1881 3005 2224 3085 cupiamus:
2267 3006 2391 3065 haec
2419 3007 2542 3085 ipsa
2573 3019 2823 3085 propter

747 3125 809 3164 se
851 3103 1026 3163 nobis
1066 3122 1239 3175 cai-⁸3
1288 3103 1350 3161 in
1398 3101 1603 3180 hisque
1651 3100 1733 3161 ad
1778 3102 1929 3161 bene
1981 3102 2292 3162 vivendum
2349 3116 2638 3161 momenta
2686 3122 2819 3162 esse

746 3204 1014 3263 maxima.
1049 3203 1159 3262 Cui
1194 3202 1348 3260 enim
1389 3200 1476 3260 sui
1518 3201 1886 3260 conservatio
1926 3220 2061 3259 cara
2093 3201 2197 3273 sit,
2245 3199 2384 3259 huic
2415 3200 2587 3258 etiam
2620 3213 2820 3279 partes

745 3303 876 3373 sui,
912 3320 1034 3379 quo
1073 3300 1191 3359 sint
1229 3299 1637 3378 perfectiores,
1677 3318 1749 3358 eo
1775 3299 2032 3357 cariores
2058 3317 2202 3358 esse.
2242 3304 2311 3357 In
2349 3316 2423 3356 eo
2455 3297 2632 3372 igitur
2654 3318 2815 3356 sum—

744 3418 902 3459 mum
927 3398 1150 3460 bonum
1177 3397 1512 3477 ponendum
1540 3418 1667 3458 esse
1684 3442 1700 3469 ‚
1736 3397 1895 3476 quod
1921 3398 2108 3457 vitam
2126 3398 2359 3477 expleat
2391 3396 2571 3455 animi
2594 3416 2814 3475 corpo—

744 3497 945 3574 risque
971 3494 1285 3554 virtutibus
1318 3495 1623 3568 omnibus,
1665 3515 1848 3574 quum
1884 3494 1944 3553 in
1973 3497 2104 3575 ipso
2131 3514 2326 3555 rerum
2354 3494 2813 3574 expetendarum

745 3604 1075 3651 extremum
1110 3591 1496 3651 contineatur.
1538 3597 1630 3652 Ex
1669 3592 1760 3651 his
1804 3592 1974 3652 facile
2007 3592 2253 3670 conjici,
2290 3610 2360 3651 ea
2401 3591 2650 3649 maxime
2687 3610 2814 3649 esse

748 3686 1103 3765 expetenda,
1137 3706 1268 3765 qum
1309 3686 1607 3766 dignitatis
1646 3706 1718 3744 ex
1761 3686 1864 3762 iis,
1900 3706 2031 3764 quae
2070 3700 2332 3746 nostrum
2365 3687 2512 3758 sint,
2558 3685 2812 3745 habeant

746 3783 1081 3861 pini-imum.
1105 3784 1204 3844 Sic
1246 3784 1423 3843 animi
1464 3784 1766 3855 virtutem,
1800 3784 1998 3844 virtuti
2046 3786 2310 3863 corporis
2358 3783 2812 3864 praeferendam3

747 3879 924 3941 animi
950 3880 1195 3940 virtutes
1221 3882 1608 3951 voluntarias,
1647 3883 2161 3955 non-voluntariis,
2204 3887 2236 3955 ς
2266 3882 2359 3956 37,
2392 3882 2486 3940 38.
2516 3886 2584 3940 1η
2615 3880 2814 3939 bestiis

744 3998 980 4058 quoque
1023 3976 1290 4057 quaedam
1329 3998 1452 4037 esse
1493 3980 1802 4038 simulacra
1847 3979 2114 4039 virtutis:
2161 3980 2338 4037 immo
2376 3978 2549 4037 etiam
2582 3978 2641 4036 iu
2669 3976 2811 4036 stir-

748 4076 921 4157 pibus
973 4074 1281 4156 quamd‘am
1337 4077 1750 4154 perfectionem
1774 4122 1788 4147 ,
1846 4076 2235 4137 animantibus
2284 4075 2441 4134 haud
2485 4074 2811 4134 absimilem

746 4177 926 4235 cerni.
969 4174 1066 4238 Sic
1102 4186 1426 4239 extremum
1466 4173 1957 4253 appetendorum,
2005 4195 2037 4233 a
2077 4173 2264 4251 prima
2300 4171 2812 4233 commendatione
