3217 4784
802 496 925 563 DE
973 498 1146 566 FIN.
1194 497 1408 566 RON.
1454 500 1570 566 ET
1616 498 1832 565 MAL.
1886 499 1988 580 ΙΙ,
2048 520 2152 564 12.

2413 520 2435 565 ¹
2449 520 2538 592 97

499 619 708 701 Nam,
741 613 943 712 quod
966 618 1092 698 ait,
1119 614 1450 687 sensibus
1483 617 1655 713 ipsis
1676 615 2026 712 judicari,
2054 617 2496 714 voluptatem
2519 672 2539 705 ‚
2579 625 2646 677 36

406 724 685 795 bouum
718 750 915 812 esse3
944 724 1271 797 dolorem
1296 779 1315 811 ,
1351 725 1625 796 malum
1655 753 1670 794 z
1706 724 1870 824 plus
1903 725 2165 797 tribuit
2190 724 2547 814 seusib'uS‚

405 859 624 930 quam
659 833 874 906 nobis
904 833 1093 931 leges
1120 836 1573 933 permittunt.
1615 838 2054 907 Privatarum
2091 836 2321 908 litium
2351 836 2545 932 judi-

405 969 521 1016 ces
541 942 570 988 ³
605 969 877 1016 sumus.
910 944 1107 1018 Nihil
1141 948 1338 1015 enim
1369 969 1755 1043 possumus
1778 945 2142 1041 judicare,
2175 951 2315 1019 nisi
2345 948 2548 1044 quod

406 1069 515 1127 cst
545 1057 775 1126 nostri
804 1053 1082 1150 judicii.
1112 1059 1195 1126 In
1225 1081 1378 1153 quo
1404 1054 1670 1128 frustra
1690 1055 1973 1151 judices
2010 1056 2281 1143 solent,
2315 1082 2546 1155 quum

407 1167 837 1238 sententiam
876 1169 1385 1263 pronuntiant,
1434 1164 1736 1253 addere,
1781 1168 1840 1237 si
1889 1166 2069 1263 quid
2112 1169 2252 1237 mei
2290 1166 2546 1262 judicii

410 1289 519 1346 est
570 1302 587 1344 ε
629 1279 685 1345 si
734 1277 928 1347 enim
970 1301 1119 1348 non
1176 1275 1315 1348 fuit
1360 1300 1618 1347 eorum
1668 1276 1959 1372 judicii,
2017 1274 2248 1361 nihilo
2289 1279 2545 1374 magis,

412 1383 555 1487 hoc
588 1410 739 1457 non
769 1384 1017 1459 addito
1039 1390 1092 1474 ⁴,
1128 1386 1312 1458 illud
1349 1401 1455 1457 est
1485 1387 1919 1482 judicatum.
1950 1384 2193 1477 Quid⁵
2217 1387 2547 1482 judicant

408 1537 568 1585 tenori
585 1554 648 1585 ex
673 1554 775 1586 asse
800 1538 1097 1588 adversetur.
1122 1540 1293 1589 Nostri
1320 1555 1433 1587 cum

410 1616 604 1682 vnlgsts
634 1619 838 1668 faciunt.
875 1618 1027 1682 Qud
1064 1619 1238 1667 mirum
1278 1617 1435 1664 videri

411 1712 509 1744 non
533 1696 678 1745 debet
693 1733 708 1756 ,
734 1714 884 1761 quum
907 1698 1031 1746 nihil
1053 1698 1231 1761 sapius
1253 1710 1434 1743 occur-

409 1786 483 1823 rst
500 1809 517 1834 ‚
538 1793 684 1841 quam
701 1787 758 1825 ut
775 1793 873 1824 non
894 1777 947 1822 in
974 1775 1122 1825 codd.
1151 1775 1327 1823 omissa
1353 1774 1431 1822 sit.

410 1858 577 1904 Unum
602 1854 908 1915 dubitamus,
947 1871 1010 1902 sn
1048 1870 1192 1902 verns
1220 1853 1302 1901 hic
1328 1869 1435 1901 ver-

411 1933 587 1981 borum
625 1933 752 1982 ordo
795 1934 894 1981 dici
931 1932 1092 1997 possit
1114 1947 1129 1981 ε
1167 1933 1262 1981 nisi
1303 1932 1433 1981 enim

412 2012 609 2073 penitus
670 2012 883 2059 fallimur
908 2045 924 2071 ‚
972 2011 1147 2060 Cicero
1218 2012 1309 2060 lnsc
1379 2011 1433 2060 iu

412 2099 640 2137 contexta
661 2123 677 2149 ‚
725 2112 751 2131 κ
774 2101 831 2138 ut
874 2089 1007 2137 illsm
1047 2106 1152 2137 uon
1193 2091 1436 2156 Aristippi

414 2166 716 2230 voluptatem
745 2190 766 2211 ι
785 2202 800 2226 ,
859 2169 1144 2233 scripsisset.
1206 2172 1437 2219 Putamus

411 2246 581 2309 igitur,
598 2247 902 2312 voluptatem
917 2264 981 2296 ex
993 2248 1150 2312 glossa
1164 2248 1433 2297 sdhnrere:

413 2325 485 2372 sic
512 2326 648 2373 locus
680 2328 868 2391 egregie
895 2329 1070 2379 coibit.
1113 2329 1298 2376 Scribae
1322 2346 1436 2377 ssne

415 2405 456 2451 si
483 2406 628 2452 semel
653 2406 873 2466 turbant,
901 2408 955 2455 in
978 2424 1081 2456 uno
1105 2418 1307 2472 peccato
1335 2424 1436 2456 non

416 2482 517 2530 sere
538 2486 867 2548 acquiescunt.

486 2563 537 2611 3.
572 2561 886 2612 privatarum
925 2564 1081 2613 litium
1107 2565 1318 2631 judiees.
1362 2567 1438 2614 Ex

414 2642 708 2706 compendio
734 2656 876 2693 natus
901 2661 1039 2693 error
1059 2655 1132 2693 est
1159 2646 1364 2693 Pslstini
1392 2662 1437 2705 ι,

407 2720 655 2785 privar-um
674 2758 690 2784 ,
727 2740 871 2788 quem
902 2724 1004 2772 dno
1041 2724 1113 2772 illi
1147 2726 1303 2773 nostri
1333 2740 1437 2772 nou

416 2804 793 2851 communicant.
826 2806 1050 2852 Ceterum
1076 2819 1280 2868 pravum
1305 2804 1438 2865 judi·

416 2881 546 2927 cium
581 2891 683 2940 est,
721 2897 821 2945 quo
847 2883 1011 2929 stis.
1028 2898 1324 2946 pravarum,
1359 2884 1438 2932 vel

405 2974 682 3023 paucarum
722 2960 911 3009 suadet.
959 2964 1137 3010 Sensus
1174 2972 1249 3010 est
1270 2976 1283 3010 :
1323 2985 1348 3005 ··
1377 2965 1436 3012 ln

414 3039 654 3099 ejusmodi
673 3039 818 3087 rebus
841 3039 1027 3087 nullum
1043 3039 1189 3087 nobis
1200 3041 1437 3101 judicium

417 3118 703 3182 permissum
723 3131 819 3176 est,
849 3120 942 3167 nisi
968 3119 1112 3183 quale
1139 3130 1212 3167 est
1229 3121 1437 3183 privsts·

415 3213 525 3245 rum
541 3197 701 3245 litium
714 3197 988 3259 judicibus,
1005 3214 1215 3262 quornm
1234 3200 1440 3263 quisque

417 3291 512 3341 pro
528 3294 619 3325 sno
637 3289 785 3341 captu
794 3278 1008 3338 judicat,
1025 3294 1127 3325 nou
1144 3279 1215 3326 sic
1229 3311 1244 3336 ,
1267 3289 1321 3325 ut
1347 3295 1439 3343 pro

419 3358 669 3406 communi
692 3373 863 3405 norma
887 3358 1073 3407 valeat:
1099 3358 1165 3405 its
1188 3357 1327 3422 qnod
1351 3374 1440 3405 nos

418 3452 483 3484 ex
506 3436 726 3485 sensibus
750 3437 1052 3499 judicamus,
1089 3453 1189 3485 non
1217 3453 1311 3500 pro
1337 3437 1442 3485 veri

418 3531 589 3564 norma
607 3516 862 3575 omnibns,
887 3531 1114 3564 sensuum
1132 3516 1181 3563 vi
1197 3516 1439 3580 praeditis,

419 3594 578 3644 valere
592 3606 756 3661 potest
773 3617 814 3640 »-
838 3596 963 3658 Quae
984 3596 1026 3643 si
1048 3607 1179 3645 recte
1205 3597 1440 3655 tenueris,

419 3691 590 3724 omncs
636 3674 944 3724 difficultates
982 3675 1275 3735 concidunt,
1319 3691 1439 3738 quas

417 3754 482 3803 sd
509 3756 641 3804 huuc
665 3755 830 3803 locum
866 3766 1029 3803 movet
1053 3754 1199 3803 Rath.
1227 3754 1442 3819 quadru-

418 3835 563 3898 plicis
595 3837 888 3897 conjecturae
925 3836 1177 3899 optionem
1214 3835 1440 3885 offerens.

420 3914 546 3962 Nstn
565 3912 762 3979 frustra
788 3914 840 3961 in
869 3914 1103 3979 proximis
1125 3912 1318 3979 judices
1356 3914 1444 3963 sd·

422 3992 537 4042 dere
562 3995 818 4044 formulam
840 3995 971 4043 illsm
999 3994 1232 4042 dicuntur
1248 4029 1264 4055 ‚
1290 4010 1444 4057 quum

420 4072 528 4135 ips's
544 4090 633 4137 per
650 4091 701 4123 se
722 4075 1037 4139 intelligatur.
1064 4076 1139 4120 De
1161 4073 1264 4137 ipss
1284 4084 1445 4121 sutem

424 4149 516 4199 tue
545 4151 768 4212 indicum
812 4153 1020 4202 formula
1052 4152 1327 4203 Ernestium
1370 4169 1447 4200 er-

425 4247 553 4280 rasse
571 4264 589 4294 ,
616 4246 766 4296 quum
791 4230 1040 4282 modestice
1056 4248 1212 4282 causa
1233 4231 1447 4282 sdditsm

1520 1539 1732 1600 diceret,
1761 1549 1892 1587 recte
1917 1537 2146 1586 viderunt
2179 1539 2339 1585 Brenni
2370 1551 2418 1586 et
2446 1541 2546 1587 Ra-

1520 1617 1655 1665 thius
1683 1633 1697 1667 :
1739 1634 1851 1666 nsm
1876 1615 2014 1680 qnod
2039 1618 2251 1664 muneris
2287 1619 2546 1667 necessitas

1520 1696 1620 1745 dici
1671 1696 1803 1761 cogit
1819 1732 1834 1754 ,
1877 1696 1933 1743 id
1971 1711 2078 1744 non
2119 1706 2250 1744 recte
2294 1696 2546 1745 modestia

1519 1776 1683 1824 sensui
1711 1776 1958 1824 tribuitur.
1988 1777 2051 1825 G.

1592 1864 1645 1910 4.
1684 1858 1789 1904 Hoc
1813 1872 1913 1904 non
1941 1853 2132 1903 addito.
2170 1854 2331 1902 Brenni
2361 1870 2460 1901 non
2483 1855 2547 1903 sd

1519 1951 1678 1983 uncos
1705 1934 1978 1994 dsmnsvit,
2004 1946 2059 1982 ut
2085 1933 2169 1980 hic
2194 1949 2363 1981 sensus
2387 1945 2509 1981 esset
2530 1948 2544 1981 ε

1521 2037 1547 2057 οι
1566 2030 1679 2063 nam
1708 2015 1748 2062 si
1784 2031 1953 2062 eorum
1976 2013 2152 2075 judicii
2183 2029 2259 2060 res
2293 2029 2395 2061 uon
2422 2015 2516 2061 fuit
2532 2046 2548 2072 ‚

1520 2094 1680 2142 nihilo
1700 2095 1851 2160 magis
1864 2128 1880 2154 ,
1904 2093 2090 2142 etismsi
2114 2091 2210 2140 boc
2228 2092 2545 2150 eddiderunt,

1519 2189 1575 2222 es
1602 2184 1676 2221 est
1707 2174 1923 2235 iudicet·
1947 2194 1995 2222 ι.
2036 2173 2133 2221 Sed
2158 2182 2214 2219 ut
2241 2188 2349 2220 eum
2377 2171 2545 2221 lamb.

1519 2252 1590 2300 its
1613 2253 1718 2316 ipse
1736 2269 1788 2300 se
1815 2252 2024 2315 decepit.
2047 2255 2167 2300 Haec
2195 2252 2324 2299 enim
2351 2262 2544 2299 senteu-

1522 2332 1588 2378 tis
1615 2341 1688 2378 est
1708 2344 1721 2380 t
1754 2352 1780 2372 α
1800 2332 1927 2379 Nsm
1952 2331 1994 2378 si
2017 2329 2094 2379 vel
2110 2330 2301 2392 jndices
2323 2331 2393 2380 rei
2414 2330 2548 2392 judi-

1522 2410 1691 2457 csndae
1722 2411 1956 2458 rationem
1993 2426 2096 2457 non
2132 2420 2357 2467 teneant,
2387 2410 2547 2458 nihilo

1521 2499 1681 2536 tamen
1704 2489 1856 2551 magis
1881 2480 2054 2551 (οὐδέν
2078 2504 2126 2536 τι
2146 2489 2325 2554 μᾶλλον
2345 2487 2367 2554 )
2393 2489 2515 2537 illud
2531 2523 2546 2547 ‚

1522 2567 1658 2631 quod
1677 2568 1988 2628 judicarunt,
2018 2565 2195 2614 valebit
2222 2567 2425 2615 formnls
2455 2568 2548 2615 hac

1524 2663 1627 2695 non
1648 2647 1812 2695 sddits
1827 2682 1842 2707 ,
1861 2663 2007 2711 qusm
2021 2681 2037 2707 ,
2056 2661 2207 2711 quum
2226 2644 2547 2707 eddiderunt‚

1523 2726 1655 2774 velet
1675 2748 1716 2775 t.
1747 2728 1809 2777 G.

1598 2807 1647 2855 5.
1690 2805 1825 2871 Quid
1839 2806 2075 2873 judicant
2096 2813 2304 2855 sensus?
2345 2805 2551 2869 Seqnnti

1523 2885 1768 2933 Bremium
1791 2901 1986 2945 sumus,
2010 2884 2242 2933 suadente
2265 2883 2397 2931 idem
2425 2886 2544 2930 Ern.

1525 2979 1676 3027 quum
1693 2963 1838 3028 vulgo
1859 2964 1964 3011 haec
1975 2963 2039 3009 sd
2052 2961 2371 3026 praecedentis
2391 2960 2550 3024 sppli-

1525 3054 1631 3091 csts
1655 3046 1726 3091 sic
1751 3042 2044 3103 scribantur,
2072 3062 2097 3081 α
2116 3040 2239 3087 illud
2263 3050 2338 3088 est
2360 3038 2549 3098 jndice·

1525 3134 1631 3171 tum
1641 3157 1656 3181 ,
1671 3121 1808 3186 quod
1819 3120 2008 3181 indicat
2025 3134 2193 3165 sensns
2207 3132 2221 3165 ε
2236 3117 2404 3179 dulce,
2416 3128 2509 3165 etc.
2522 3139 2551 3159 ιο

1524 3201 1609 3249 sed
1643 3200 1748 3248 haec
1783 3209 1944 3245 mente
1970 3210 2101 3245 cssss
2135 3212 2237 3244 esse
2270 3211 2415 3244 nemo
2446 3211 2550 3244 uon

1525 3277 1677 3325 videt.
1699 3276 1835 3341 Quid
1845 3275 1987 3323 refert
2004 3277 2218 3333 Mersus,
2234 3274 2416 3338 ubique
2435 3292 2548 3324 cnm

1527 3356 1666 3422 quod
1678 3372 1705 3403 s
1724 3354 1894 3403 scribis
1913 3355 2183 3403 confusum.
2203 3355 2371 3404 navis.
2389 3355 2550 3419 dedit,

1529 3460 1554 3479 .-
1571 3435 1706 3499 Quid
1724 3434 1971 3497 judicatur
1983 3434 2204 3482 sensibus
2218 3458 2262 3495 a,
2276 3451 2425 3499 quum
2444 3451 2552 3484 sen·

1526 3515 1654 3564 sibus
1677 3515 1730 3562 in
1757 3514 1936 3562 Eliensi
1963 3514 2373 3579 deprehendisset.
2399 3515 2552 3563 Faber

1528 3593 1700 3643 suadet
1735 3594 1914 3657 «Quid
1950 3593 2138 3655 judicat
2171 3611 2210 3640 s.
2231 3616 2256 3635 a·
2296 3603 2441 3657 stque
2484 3594 2551 3642 its

1528 3673 1806 3722 lanhiuus.
1826 3673 1983 3721 Possit
1999 3672 2165 3736 sliqno
2178 3671 2329 3720 modo
2345 3672 2555 3736 simplex

1528 3769 1780 3813 numerus,
1795 3768 1938 3816 quem
1953 3751 2122 3817 scripti
2136 3767 2306 3800 omnes
2322 3753 2554 3810 referunt,

1529 3844 1587 3883 nt
1621 3833 1874 3882 collective
1905 3833 2121 3898 positus,
2159 3832 2394 3896 exemplis
2422 3831 2554 3880 baud

1530 3915 1599 3961 its
1621 3914 1740 3960 ruris
1759 3911 1955 3959 defendi
1977 3924 1990 3958 τ
2011 3911 2097 3960 sed
2117 3924 2283 3975 sperte
2307 3912 2412 3959 hnc
2433 3912 2554 3959 scri·

1531 3992 1608 4040 bae
1634 3991 1699 4039 sd
1725 3991 2048 4056 precedentis
2079 3993 2279 4039 traxisse
2309 3990 2557 4049 videntur,

1533 4087 1685 4135 quum
1697 4071 1940 4120 nescirent
1950 4105 1965 4129 ,
1982 4087 2084 4135 quo
2101 4070 2231 4119 illud
2244 4071 2264 4134 (
2278 4069 2414 4134 qnod
2429 4084 2559 4133 saepe

1534 4151 1605 4199 sic
1648 4151 1933 4216 simpliciter
1967 4150 2241 4216 ponitur),
2281 4150 2556 4197 referretur.

1537 4233 1664 4280 Tum
1690 4243 1851 4281 sutem
1878 4232 2107 4282 consulto
2121 4229 2320 4295 judicat
2344 4237 2563 4281 mutave·
