3217 4784
782 430 909 499 DE
955 429 1127 500 FIN.
1180 428 1388 500 BON.
1440 429 1556 497 ET
1605 428 1826 497 MAL.
1881 428 2007 510 w,
2055 424 2121 494 8.

2365 423 2504 519 457

378 567 526 625 erat
552 553 813 623 insitus
849 551 1078 621 menti
1114 549 1547 647 cognitionis
1583 572 1813 633 amor,
1853 572 1942 617 ex
1975 570 2125 643 quo
2156 546 2369 616 etiam
2401 570 2511 617 ra-

377 661 596 732 tionis
619 658 1058 757 explicandae
1088 656 1632 754 disserendique
1653 656 2008 753 cupiditas
2026 660 2090 708 ¹4
2118 679 2512 752 conseque-

375 770 613 842 batur.
640 769 1007 863 Quodque
1035 768 1179 838 hoc
1213 766 1449 837 solum
1486 765 1748 837 animal
1786 781 2037 837 natum
2071 779 2181 836 est
2217 762 2513 862 pudoris

379 904 461 951 ac
495 877 943 952 verecundiae
972 878 1329 974 particeps
1350 930 1370 962 ‚
1391 890 1889 974 appetensque
1917 872 2506 970 conjunctionem
2556 953 2562 959 ,

383 991 758 1061 hominum
798 1010 881 1059 ac
921 983 1439 1073 societatem¹⁵‚
1476 984 2204 1082 animadvertensque
2236 988 2310 1056 in
2353 1009 2513 1057 om-

383 1100 601 1171 nibus
643 1096 900 1184 rebuS‚
943 1120 1123 1194 quas
1156 1111 1397 1194 ageret
1422 1153 1442 1185 ‚
1482 1111 1607 1168 aut
1640 1095 1950 1183 diceret,
1986 1120 2079 1167 ne
2124 1093 2386 1194 quid¹6
2422 1094 2514 1167 ab

385 1233 475 1280 eo
506 1206 749 1293 fieret,
786 1208 923 1276 nisi
966 1205 1274 1279 honeste
1317 1221 1390 1279 et
1432 1205 1737 1292 decore;
1781 1206 1895 1277 his
1929 1207 2154 1276 initiis
2176 1260 2196 1293 ‚
2231 1222 2316 1277 ut
2343 1221 2514 1279 ante

385 1317 645 1405 dixi17,
682 1331 1049 1414 tamquam
1094 1317 1530 1406 seminibus,
1574 1341 1618 1389 a
1674 1333 1930 1389 natura
1969 1315 2188 1404 datis,
2238 1332 2516 1416 tempe-

386 1430 642 1517 rantia,
686 1426 1077 1515 modestia,
1098 1428 1404 1522 justitia,
1434 1442 1508 1499 et
1545 1429 1783 1499 omnis
1818 1426 2159 1498 honestas
2199 1424 2519 1524 perfecte

387 1538 718 1611 absoluta
758 1553 887 1610 est.

486 1652 679 1719 VIII.
724 1647 997 1734 HaheS,
1045 1648 1387 1743 inquam,
1459 1650 1682 1733 Cato,
1732 1644 2036 1716 formam
2080 1669 2371 1732 eorum,
2433 1644 2523 1717 de

395 1756 665 1856 quibus
705 1757 992 1853 loquor,
1025 1754 1633 1863 philosophorum
1657 1766 1706 1825 ¹.
1751 1758 1914 1846 Qua
1951 1758 2309 1852 exposita,
2343 1758 2524 1826 scire

392 1944 557 2004 Atque
573 1951 744 1989 auctor
761 1956 875 1993 sane
890 1939 1074 2004 ubique
1090 1940 1189 1988 fere
1202 1940 1417 2007 positivo

393 2018 624 2078 maxime,
656 2019 699 2067 si
716 2018 778 2068 de
795 2019 1014 2084 physicis
1034 2019 1259 2083 loquitur
1279 2034 1294 2068 :
1323 2035 1416 2067 vo·

392 2108 471 2147 cat
498 2098 629 2145 enim
667 2113 747 2145 ees
776 2097 1044 2145 «occultas
1087 2109 1136 2146 et
1180 2114 1206 2146 a
1243 2108 1415 2147 natura

393 2176 643 2225 involutas
666 2197 690 2217 ι·
729 2174 924 2223 Acadd.
962 2178 1016 2234 1,
1048 2183 1107 2237 4,
1151 2176 1214 2223 15
1240 2190 1256 2235 ς
1287 2200 1311 2218 ι·
1332 2192 1418 2226 oc-

395 2256 550 2305 cultas
574 2266 625 2302 et
651 2255 845 2319 penitus
865 2253 1058 2302 abditas
1078 2276 1103 2295 ι-
1124 2254 1241 2304 Nat.
1263 2257 1417 2305 Deor.

396 2337 445 2394 1,
479 2336 566 2395 18,
596 2341 691 2396 49,
719 2344 770 2381 et
797 2349 927 2398 saepe
952 2333 1191 2382 similiter.
1220 2336 1289 2381 At
1322 2333 1420 2382 hoc

398 2414 511 2461 loco
534 2413 717 2460 nullam
734 2414 919 2474 justam
945 2428 1137 2460 causam
1171 2412 1423 2473 videmus,

399 2508 489 2540 eur
511 2492 753 2557 vulgatam
769 2525 784 2549 ‚
806 2491 1089 2539 melioribus
1110 2492 1293 2540 nostris
1314 2508 1425 2556 pro-

399 2570 559 2619 batem
574 2606 592 2632 ‚
620 2571 893 2620 daeramus
908 2605 923 2629 ‚
960 2587 1114 2635 quum
1155 2569 1426 2619 oce-tatium

399 2649 687 2714 simpliciter
738 2650 838 2698 siut
898 2670 922 2693 ιι
957 2648 1232 2699 difficiliora
1308 2667 1425 2714 per-

400 2741 571 2794 spectu
587 2749 629 2776 ι.
649 2730 822 2793 Neque
838 2729 1111 2778 audiendus
1127 2740 1201 2778 est
1221 2731 1424 2780 Monac.

401 2809 488 2875 qui
530 2819 647 2872 post
688 2806 1095 2872 contemplatione
1144 2807 1285 2856 addit
1334 2824 1423 2856 na-

401 2898 559 2934 mroe:
587 2900 716 2949 sepe
751 2886 881 2932 enim
924 2885 995 2931 sic
1029 2897 1205 2933 auctor
1239 2886 1430 2950 simpli-

404 2964 542 3013 citer.
568 2966 688 3011 Orta
713 2979 814 3011 vox
836 2973 909 3010 est
935 2979 998 3011 ex
1016 2963 1217 3027 repetita
1237 2966 1428 3030 syllaba

406 3059 486 3091 ne.
514 3044 583 3091 G.

486 3130 566 3178 ¹4.
600 3118 817 3167 Rationis
850 3119 1160 3184 explicanda!
1188 3121 1430 3171 disseren-

406 3199 559 3263 d1’que
582 3198 848 3264 cupiditas.
886 3202 960 3248 Ita
995 3200 1177 3259 nostri,
1200 3203 1430 3266 ,exceptis

409 3277 542 3329 Gud.
580 3293 609 3326 2
645 3288 694 3325 et
737 3279 940 3327 Monac.
967 3280 1027 3326 ln
1051 3288 1170 3328 vett.
1188 3278 1302 3327 edd.
1329 3289 1431 3327 erat

408 3382 434 3402 .-
455 3358 657 3406 rationis
675 3392 691 3418 ‚
745 3358 1024 3423 explicandi
1066 3357 1430 3423 disserendique

409 3437 653 3503 cupiditas
670 3458 719 3497 ιι,
757 3436 919 3500 quod,
954 3453 1044 3502 per
1069 3455 1122 3486 se
1145 3453 1249 3486 uon
1272 3437 1432 3486 fereu-

411 3518 527 3566 dum
543 3551 558 3576 ,
574 3517 701 3565 bene
726 3517 909 3580 primus
933 3517 1195 3565 anbinus
1212 3517 1430 3578 sustulit,

411 3612 658 3661 praveque
693 3594 929 3644 Gruterus
954 3596 1166 3645 reduxit.
1194 3598 1256 3644 G.

488 3675 567 3724 15.
587 3674 844 3738 ῶηῘαηοτ.
867 3674 1119 3723 hominum
1144 3691 1208 3723 ac
1229 3676 1434 3725 societa-

413 3765 530 3803 tem.
548 3757 707 3818 AEque
734 3769 882 3818 prave
909 3764 1021 3802 ante
1049 3755 1221 3803 navis.
1242 3771 1433 3821 «appe-

414 3843 521 3879 tens
563 3833 967 3893 conjunctionum
995 3867 1037 3882 ..
1054 3867 1068 3879 .
1104 3834 1390 3882 societatum
1412 3856 1434 3878 ι

416 3909 728 3972 vulg-betur,
764 3923 976 3975 quatuor
1018 3928 1217 3977 quoque
1255 3913 1437 3963 uostris

416 3988 628 4047 rectius,
670 4004 783 4038 cum
822 3991 1029 4040 totidem
1065 3992 1280 4055 Davisii,
1310 3992 1438 4042 binis

418 4066 618 4116 Oxonn.
654 4067 896 4133 editisque
933 4081 1055 4121 vett.
1091 4073 1283 4124 cunctis
1319 4088 1447 4121 com-

419 4143 758 4210 probantibus.
778 4148 843 4202 G.

1582 1941 1664 1989 16.
1697 1940 1775 1988 Ne
1815 1939 1954 2004 quid.
1993 1942 2131 1990 Goer.
2170 1939 2338 1988 scribit
2379 1950 2434 1987 ue
2465 1955 2528 1989 ne

1504 2018 1640 2084 quid.
1672 2020 1790 2068 Non
1817 2020 1970 2079 bene,
2005 2021 2193 2084 inquit,
2238 2020 2358 2069 Ern.
2388 2030 2474 2078 ηε,
2500 2035 2527 2065 s

1504 2098 1708 2148 Davisio
1738 2115 1802 2146 ex
1829 2099 1934 2159 ejus
1968 2099 2184 2163 quinque
2215 2097 2363 2146 codd.
2395 2113 2530 2145 rece-

1508 2189 1670 2242 ptam,
1718 2176 2152 2241 confirmatamque
2190 2178 2279 2227 inf.
2323 2173 2407 2236 15,
2441 2180 2531 2237 ἀι,

1507 2267 1563 2303 ue
1581 2272 1645 2303 ne
1670 2271 1802 2320 qua,
1838 2266 1889 2322 et
1914 2257 2106 2305 auctori
2131 2257 2336 2305 omniuo
2360 2255 2454 2304 hae
2477 2256 2532 2304 iu

1507 2336 1665 2383 forms
1715 2334 1996 2384 familiarem
2016 2369 2033 2396 ‚
2097 2334 2262 2383 denuo
2308 2335 2532 2399 expuli23

1510 2429 1662 2477 quum
1701 2412 1846 2462 toties
1886 2424 1939 2461 ue
1990 2423 2104 2460 ente
2147 2428 2212 2460 ne
2252 2429 2282 2460 ι
2323 2412 2534 2461 librariis

1511 2491 1741 2541 consulto
1765 2490 2053 2556 negligatur.
2072 2492 2296 2554 Quatuor
2321 2492 2529 2540 Oxoun.

1509 2572 1657 2619 Vien.
1675 2586 1938 2638 ornnesque
1955 2572 2110 2619 nostri
2138 2571 2271 2633 (nam
2295 2571 2374 2619 vel
2394 2572 2531 2620 Gnd.

1514 2667 1545 2700 a
1560 2683 1576 2709 ‚
1599 2650 1687 2714 qni
1713 2660 1806 2697 aut
1829 2661 2024 2715 peccet,
2044 2660 2100 2697 ut
2122 2642 2378 2717 defendit)
2403 2666 2536 2699 eem-

1514 2731 1626 2781 dem
1653 2747 1745 2780 nos
1769 2748 2002 2796 reponere
2018 2733 2284 2794 jusserunt.

1590 2827 1674 2872 17.
1699 2811 1789 2859 His
1814 2809 1989 2871 iniciis,
2008 2822 2065 2859 ue
2088 2822 2206 2860 ante
2231 2809 2344 2858 dxlvi
2360 2846 2377 2872 ,
2408 2820 2535 2856 eam·
2560 2836 2566 2843 ·

1515 2907 1666 2955 quam
1701 2889 1979 2939 seminibus.
2013 2890 2144 2938 Mire
2180 2890 2411 2951 ignorant
2439 2897 2538 2933 tres

1513 2970 1589 3017 ini
1613 2971 1829 3034 potiores
1850 2969 2007 3017 nostri
2033 2979 2289 3031 tamquam
2308 2983 2328 3022 ,-
2353 2975 2408 3014 ut
2426 2965 2539 3023 jure

1515 3047 1729 3112 quodam
1765 3056 1935 3095 nostro
1981 3056 2234 3109 tamquam
2269 3042 2538 3107 transposi-

1514 3136 1620 3174 tum
1644 3126 1804 3174 dicere
1825 3125 1996 3181 liceat,
2012 3122 2111 3169 hoc
2131 3121 2282 3170 modo
2310 3135 2400 3168 sno
2425 3119 2540 3167 loco

1515 3202 1845 3260 reddendum,
1867 3221 1894 3243 o·
1907 3212 2148 3263 tamquam
2163 3234 2179 3257 ,
2207 3209 2265 3248 ut
2285 3208 2396 3247 ante
2414 3198 2537 3254 dixi,

1515 3280 1841 3328 seminibus».
1884 3280 2190 3342 Quemquam
2226 3278 2357 3326 enim
2397 3293 2542 3341 supra

1517 3358 1776 3422 mitigandi
1817 3357 2058 3423 particula
2100 3373 2202 3405 uon
2241 3356 2409 3415 adest3
2446 3357 2542 3404 hoc

1520 3452 1682 3489 tamen
1719 3438 1834 3487 loeo
1871 3454 1926 3486 ea
1970 3452 2096 3501 agre
2136 3438 2375 3496 carueris,
2417 3437 2542 3494 nisi,

1520 3540 1546 3560 α
1564 3517 1641 3565 vel
1654 3551 1670 3577 ‚
1690 3527 1747 3566 nt
1764 3528 1878 3566 ante
1896 3515 2001 3563 dixi
2014 3550 2031 3576 ,
2056 3515 2320 3564 seminibus
2338 3537 2364 3558 ι·
2382 3552 2398 3579 ,
2428 3515 2546 3564 scri·

1520 3597 1694 3662 pseris.
1723 3597 1988 3661 vulgatum
2014 3595 2238 3644 ordinem
2264 3605 2368 3644 tum
2393 3595 2546 3645 modo

1523 3675 1795 3742 probarim,
1819 3676 1859 3723 si
1884 3685 1934 3722 ee
1952 3685 2065 3722 ante
2091 3685 2147 3722 ut
2167 3675 2419 3725 inseratur.
2448 3676 2532 3725 G:

1591 3753 1733 3802 vm.
1767 3770 1818 3802 1.
1851 3755 2084 3800 Formam
2116 3768 2285 3800 eonem
2319 3788 2332 3801 .
2351 3786 2396 3803 ..
2421 3753 2548 3818 phil.

1525 3836 1663 3883 Goer.
1684 3830 1833 3881 scrib.
1843 3828 1900 3895 f.
1924 3830 2119 3879 illerum
2145 3832 2360 3880 uranium
2381 3864 2449 3884 ...
2459 3833 2549 3897 pli.

1526 3912 2038 3976 notstqnezlnserunt
2060 3922 2175 3959 ante
2196 3928 2361 3959 eorum
2386 3914 2552 3959 Oxon.

1527 4010 1578 4056 χ.
1597 3989 1731 4040 Gud.
1746 4004 1795 4052 1,
1815 4005 1844 4036 2
1861 4023 1876 4046 ,
1903 3990 2013 4037 Bas.
2041 3990 2247 4039 Monac.
2270 3991 2553 4039 Μαι-πλῶο-

1544 4079 1709 4134 ι494,
1729 4068 1862 4127 alie,
1905 4067 2112 4119 illorum.
2151 4071 2316 4118 Oxou.
2358 4069 2415 4118 E.
2446 4066 2552 4116 illo-

1539 4165 1676 4210 rum,
1691 4148 1872 4199 omisso
1897 4160 2064 4195 eorum
2075 4165 2097 4205 ,-
2121 4148 2263 4209 cujus
2286 4146 2399 4196 loco
2415 4146 2559 4197 Vien.

2566 1675 2630 1726 ¹9
