3217 4784
836 410 958 477 DE
1000 410 1174 479 rm.
1224 413 1430 480 Bon.
1482 414 1598 480 ET
1649 414 1867 483 MAL.
1922 417 2060 499 lv,
2120 439 2182 508 7.

2439 413 2581 501 455

444 542 970 626 anteponerent
1017 533 1353 629 corpori,
1396 534 1697 606 virtutes
1748 559 2048 632 quoque
2097 536 2321 606 animi
2371 535 2584 610 bonis

446 642 771 737 corporis
805 639 1364 740 anteponebant.
1420 641 1560 727 Sed
1614 666 1846 740 quum
1892 645 2315 742 sapientiam
2365 647 2586 718 totius
2629 681 2689 731 ιγ

450 750 761 822 hominis
796 751 1171 823 custodem
1201 764 1275 823 et
1302 755 1872 848 procuratricem
1906 778 2061 827 esse
2090 754 2356 831 vellent
2374 811 2395 844 ‚
2427 781 2587 853 qua»

447 875 630 932 esset
650 878 922 933 naturae
950 884 1193 932 comes
1221 875 1293 932 et
1319 860 1718 957 adjutrix⁵:
1754 863 1899 936 hoc
1925 867 2292 963 sapientiae
2326 890 2589 938 munus

450 996 602 1043 esse
626 970 987 1057 dicebant,
1006 986 1088 1042 ut
1114 995 1280 1043 eum
1310 975 1794 1069 tueretur-‚qui
1822 969 2219 1046 constaret6
2235 999 2325 1046 ex
2347 976 2590 1047 animo

450 1094 523 1149 et
548 1082 986 1177 corpore3in
1019 1095 1330 1179 utroque
1353 1083 1641 1178 juvaret
1667 1106 1837 1156 eum
1871 1095 2125 1180 atque7
2158 1086 2586 1167 contineret.

454 1194 685 1285 Atque
712 1194 811 1262 ita
841 1216 917 1263 re
947 1194 1186 1290 primo
1216 1194 1636 1290 simpliciter
1663 1195 2010 1266 collocata
2029 1189 2086 1281 Β,
2115 1194 2393 1292 reliqua
2423 1195 2593 1267 sub·

455 1300 644 1372 tilius
678 1317 1234 1400 persequenteS‚
1274 1307 1600 1402 corporis
1648 1305 1847 1378 bona
1879 1303 2157 1377 facilem
2202 1305 2590 1400 qnamdam

451 1479 798 1534 suaseruntque
836 1480 911 1529 ee,
948 1471 1061 1529 secl,
1101 1483 1277 1520 autem.
1324 1472 1478 1534 Quod

452 1558 749 1609 postremum
787 1551 1004 1607 Davisii,
1054 1552 1116 1598 ab
1158 1554 1277 1599 Eru.
1314 1551 1480 1615 negle-

451 1637 602 1701 (ἔξω,
614 1630 790 1679 merito
806 1631 1201 1696 preferes,quu1n
1217 1631 1477 1694 compend.

456 1722 537 1752 am
563 1705 629 1753 ob
656 1719 933 1771 sequentem
963 1724 1133 1754 vocem
1160 1708 1386 1756 excidere
1408 1711 1476 1757 fa·

451 1784 545 1831 cile
571 1787 800 1849 potuerit.
828 1812 899 1824 —
927 1787 1115 1833 Deinde
1150 1797 1479 1852 transponunt

456 1863 554 1911 erl.
582 1866 689 1914 eas.
719 1865 863 1913 mon.
889 1850 1024 1914 eni.
1067 1863 1295 1913 «infinita
1323 1868 1475 1931 quad.

451 1941 594 1989 laude
612 1964 654 1992 a.
693 1942 839 2005 Quod
881 1955 1013 2002 tutu,
1053 1944 1096 1992 ai
1139 1943 1345 2008 quidam
1384 1964 1479 2012 pro

453 2020 813 2083 quodammodo
852 2022 1045 2085 dicitur,
1081 2024 1185 2072 siue
1227 2026 1364 2072 omui
1400 2042 1479 2073 ue·

452 2099 674 2147 cessitate
707 2098 781 2147 fit.
817 2100 961 2150 Conf.
990 2104 1094 2151 Fiu.
1124 2103 1202 2162 11,
1262 2119 1353 2165 ¹9,
1379 2106 1474 2155 60:

451 2202 475 2219 ..
492 2179 707 2242 quodam
724 2178 874 2225 animi
894 2180 1066 2231 ardore
1084 2202 1130 2230 n.
1150 2180 1299 2229 offic.
1316 2185 1357 2241 Ι,
1387 2192 1443 2238 1⁴
1461 2218 1476 2242 ‚

456 2264 519 2313 44
539 2272 552 2306 ;
577 2280 601 2299 0·
622 2273 725 2305 non
746 2267 844 2304 tam
870 2271 1040 2307 natura
1060 2259 1281 2308 liberales
1299 2295 1315 2320 ,
1330 2278 1473 2325 quatu

452 2336 659 2400 quadam
687 2337 839 2401 gloria
864 2336 1095 2386 ductos-0.
1124 2340 1190 2387 G.

524 2416 572 2462 5.
621 2419 747 2480 Quoe
791 2427 913 2464 essee
955 2430 1147 2466 nateatoe
1190 2434 1346 2467 comes
1370 2455 1385 2476 ,
1434 2434 1479 2467 ee

453 2494 694 2557 adsuerat.
739 2496 925 2543 Ernest.
968 2496 1072 2544 baec
1088 2530 1105 2557 ,
1152 2514 1304 2561 quum
1349 2498 1473 2548 nihil

454 2574 682 2621 disserant
714 2590 738 2621 a
773 2573 1191 2639 proecedeutibus‚
1212 2576 1378 2625 abesse
1403 2579 1477 2626 fa·

454 2652 546 2700 cile
592 2654 775 2717 patitur
810 2669 823 2703 ε
870 2669 960 2701 nos
994 2670 1096 2701 nou
1138 2658 1274 2704 item.
1317 2656 1476 2705 Moris

453 2733 580 2779 enim
603 2732 914 2780 ciceroniani
941 2743 1013 2781 est
1030 2767 1046 2792 ,
1082 2736 1334 2784 notionem
1361 2737 1480 2785 obs·

455 2812 619 2858 curius
644 2828 917 2876 expressam
932 2849 949 2871 ,
971 2815 1225 2860 enuntiato
1247 2831 1337 2878 per
1355 2816 1476 2865 rela-

456 2888 610 2935 tivum
628 2891 803 2947 iuncto
824 2924 838 2947 ‚
868 2890 1061 2937 variatis
1079 2889 1242 2939 verbis
1262 2893 1476 2959 explica-

459 2967 629 3015 tiorem
691 2983 984 3031 proponere.
1058 2969 1291 3033 Exempla
1363 2976 1477 3021 satis

457 3047 605 3093 multa
633 3036 810 3110 pas'sim
839 3047 1133 3095 notavimus.
1168 3049 1335 3109 Quum
1362 3067 1477 3101 vero

457 3126 608 3188 priori
645 3126 899 3173 enuntiato
931 3124 1058 3185 hoc,
1081 3124 1216 3173 velut
1242 3128 1477 3192 iuterpre-

458 3215 748 3262 tamentum,
784 3204 1003 3252 additum
1023 3215 1172 3263 esset,
1196 3206 1325 3254 idem
1348 3222 1479 3270 quo·

457 3284 623 3346 quein
646 3300 752 3347 seq.
780 3304 804 3327 ιι
822 3283 1217 3348 hoc...corpore
1232 3305 1279 3344 ι,
1300 3285 1478 3332 factum

459 3362 677 3427 putabis,
716 3364 902 3428 quippe
924 3363 1006 3410 cui
1033 3362 1178 3410 verba
1211 3365 1304 3410 «iu
1334 3373 1479 3411 utro·

458 3458 554 3506 que
572 3461 595 3483 ι
633 3442 689 3507 (i.
712 3459 756 3490 e.
775 3440 976 3506 «quoad
1002 3453 1287 3506 utrumque.
1303 3477 1317 3491 .
1332 3458 1480 3490 .eou-

457 3523 631 3571 tineret
653 3518 712 3582 ι)
734 3520 902 3569 itidem
926 3521 1206 3585 explicandi
1231 3537 1371 3571 eausa
1391 3521 1480 3570 ad-

458 3602 659 3651 duntur.
706 3603 830 3665 Quoe
867 3611 941 3648 est
984 3611 1039 3648 ue
1075 3617 1170 3657 τα,-
1202 3613 1252 3651 et
1287 3612 1482 3650 natura

460 3679 723 3745 intelliges,
749 3690 804 3727 ut
830 3679 975 3728 toties
998 3696 1089 3728 usu
1120 3682 1278 3739 veuit,
1305 3680 1484 3728 liuma-

459 3777 552 3809 noe.
582 3758 980 3809 G.—Ofleudere
1002 3774 1093 3807 uos
1124 3759 1472 3824 «sapientia...

460 3850 646 3887 uaturae
693 3854 895 3886 comes·
935 3853 1038 3886 nou
1077 3838 1239 3888 debet.
1279 3837 1485 3886 Natura

460 3918 589 3964 euim
609 3918 791 3967 Stoicis
814 3929 888 3966 est
918 3918 1208 3982 -dispositio
1234 3917 1296 3965 ad
1326 3916 1481 3964 virtu·

464 4007 560 4043 tem
628 4013 838 4060 quacum
907 4000 1152 4046 nascimur
1188 4013 1200 4046 ε
1242 3997 1273 4053 ἡ
1308 3995 1483 4065 φυσικὴ

466 4074 581 4142 πρὸς
610 4075 785 4140 &per-iao
822 4076 914 4139 ἶξις
931 4114 948 4139 ‚
998 4077 1283 4126 constitutio
1333 4077 1487 4140 prima

470 4162 653 4200 natura
673 4176 696 4195 n
729 4154 762 4219 s
794 4154 873 4206 15.
912 4159 977 4205 At
1000 4156 1122 4205 vicoe
1149 4172 1252 4205 nou
1286 4166 1381 4204 tam
1410 4171 1489 4203 co·

1562 1490 1690 1531 mes,
1713 1485 1761 1523 et
1777 1473 2003 1543 adjeceris:
2021 1490 2123 1521 esse
2147 1472 2386 1537 sapientia
2415 1474 2561 1523 debet
2575 1509 2591 1532 ‚

1563 1569 1708 1616 quam
1745 1554 1929 1605 rectrix
1963 1552 2129 1617 potius
2168 1564 2220 1600 et
2245 1552 2590 1617 gubernatrix.

1564 1633 1627 1679 G.
1648 1633 1704 1691 in
1729 1631 1987 1685 Addit-m.

1635 1712 1686 1761 6.
1722 1713 1785 1758 Ue
1809 1727 1915 1757 eum
1954 1721 2188 1769 τωο-οων,
2211 1709 2299 1777 qui
2324 1721 2590 1759 commm-

1563 1788 1744 1837 Suadet
1783 1789 1975 1836 Nissen.
2007 1811 2031 1833 ι
2058 1800 2111 1836 ut
2136 1805 2247 1835 eum
2284 1800 2517 1845 tueretur,
2543 1800 2592 1836 et

1564 1868 1681 1930 quia
1721 1878 1883 1916 coust.
1902 1888 1924 1910 ι
1954 1867 2050 1915 Sed
2090 1883 2199 1915 mm
2236 1877 2379 1915 notat
2404 1867 2590 1927 talem,

1564 1957 1616 1995 et
1658 1946 1722 1995 de
1779 1946 1979 2017 reliquis
2029 1958 2145 2013 nota
2194 1945 2411 2015 prqoed.
2459 1946 2587 1997 dixi.

1562 2041 1693 2074 mus.
1714 2025 1777 2074 G.

1637 2121 1686 2164 7.
1727 2106 1887 2167 Aeque
1917 2102 2204 2151 contineret.
2244 2106 2379 2152 Goer.
2410 2102 2496 2151 dat
2525 2120 2587 2150 ac

1562 2180 1847 2237 contineret.
1874 2182 1987 2239 sio,
2022 2181 2186 2245 iuquit
2208 2218 2224 2243 ,
2264 2182 2492 2233 Davisius
2526 2196 2588 2235 ex

1562 2260 1707 2320 hujus
1738 2261 1793 2317 5,
1822 2270 1869 2306 et
1900 2261 1970 2307 sic
2011 2259 2116 2308 bini
2158 2260 2315 2308 nostri
2357 2275 2585 2324 quoque,

1562 2336 1770 2400 vulgatae
1795 2348 1948 2401 acque
1970 2336 2085 2386 loco
2115 2338 2267 2388 dedit.
2289 2339 2408 2387 Nou
2434 2338 2586 2398 ruale3

1561 2431 1712 2478 quum
1750 2417 1990 2463 contiuuo
2020 2428 2170 2479 aeque
2206 2430 2440 2466 recurrat.
2475 2419 2587 2466 No·

1561 2494 1765 2543 tandum
1813 2505 1971 2542 tamen
2022 2507 2125 2553 est,
2171 2512 2232 2542 ex
2272 2512 2406 2544 ruore
2449 2512 2589 2561 pene

1561 2575 1803 2622 constanti
1854 2584 2102 2622 auctorem
2156 2586 2206 2621 ee
2259 2575 2414 2623 verbo
2474 2575 2587 2623 huic

1559 2654 1874 2716 praemittere.
1892 2655 2054 2716 Quare
2073 2653 2466 2719 praetereundum
2486 2669 2588 2701 non

1559 2744 1655 2793 est,
1685 2734 1816 2798 Spir.
1846 2750 1993 2782 «eum
2012 2734 2207 2793 ¹iuvaret
2233 2733 2512 2783 contineret
2530 2755 2556 2774 a·
2574 2769 2588 2794 ,

1562 2822 1612 2860 et
1638 2813 1740 2861 Erl.
1783 2813 1951 2862 «euim
1975 2814 2085 2873 juv.
2116 2825 2253 2861 cont.
2280 2834 2302 2856 ι
2327 2824 2588 2875 utrumque

1563 2892 1742 2957 copula
1775 2894 1950 2940 omissa
1973 2926 1987 2945 ,
2010 2890 2257 2938 exhibere.
2299 2891 2419 2939 Inde
2453 2888 2589 2937 haud

1562 2971 1886 3036 improbabile
1915 2970 2135 3018 videatur
2160 2967 2421 3031 legendum
2457 2983 2586 3024 esse,

1564 3070 1587 3092 α
1611 3066 1722 3098 eum
1748 3051 1943 3109 juvaret
1978 3055 2026 3093 et
2053 3047 2392 3101 contineret-3
2421 3060 2483 3090 ac
2508 3059 2592 3090 au-

1563 3139 1661 3175 tem
1697 3138 1746 3174 et
1774 3138 1928 3190 aeque
1956 3140 1984 3171 a
2018 3123 2192 3172 scribis
2231 3139 2334 3170 esse
2370 3132 2591 3186 repeten-

1563 3206 1698 3254 dum.
1741 3205 1792 3253 Si
1845 3214 2005 3251 tamen
2052 3213 2219 3250 nostro
2271 3217 2332 3248 ex
2385 3200 2591 3248 arbitrio

1562 3283 1701 3331 locus
1727 3279 2038 3346 refingeudus
2065 3282 2218 3343 foret,
2245 3278 2592 3338 scriberemus,

1566 3372 1647 3409 net
1666 3361 1718 3409 in
1737 3372 1945 3425 utroque
1960 3360 2176 3421 juvaret,
2199 3371 2249 3408 et
2262 3359 2535 3408 contineret
2549 3382 2592 3409 υ.

1566 3441 1845 3488 Pronomen
1871 3440 1925 3488 iu
1947 3440 2025 3488 his
2052 3438 2308 3503 displicere
2334 3438 2592 3502 repetitum

1571 3517 1729 3567 debet.
1755 3521 1821 3568 Ec
1843 3534 1958 3567 vero
1977 3556 1993 3583 ‚
2019 3518 2326 3583 praecedeute
2362 3534 2414 3579 e,
2460 3517 2597 3565 fucil-

1566 3596 1684 3646 lime
1706 3600 1858 3649 exteri
1881 3599 2059 3664 potuit.

1644 3681 1695 3727 8.
1719 3678 1810 3727 Be.
1826 3716 1841 3730 .
1856 3676 2163 3743 ..simpliciter
2187 3677 2451 3741 eollocqea.
2472 3676 2529 3723 E.
2547 3686 2597 3723 et

1572 3754 1614 3816 ξ.
1647 3759 1875 3807 collecta.
1920 3760 2012 3806 Per
2038 3774 2089 3805 se
2115 3772 2218 3804 uon
2248 3756 2397 3815 male3
2426 3754 2511 3803 sed
2542 3763 2597 3802 ut

1574 3838 1809 3903 glossema
1840 3838 2069 3901 probum.
2095 3837 2222 3883 Nam
2250 3835 2377 3883 idem
2406 3833 2600 3897 vulgata

1575 3918 1705 3965 valet
1725 3951 1741 3978 ‚
1766 3917 1916 3982 idque
1935 3916 2253 3980 exquisitIus,
2280 3915 2350 3963 sic
2375 3924 2431 3961 ut
2457 3913 2602 3960 simul

1574 3996 1638 4045 ad
1657 3999 1842 4057 justum
1864 3999 1934 4044 rei
1951 3996 2172 4045 collectae
2201 3994 2423 4044 ordinem
2447 3992 2602 4054 respi-

1578 4078 1690 4124 ciat.
1720 4075 1850 4125 Gud.
1890 4092 1918 4124 2
1946 4074 2228 4140 simpliciter
2253 4074 2476 4137 ignotam
2517 4069 2603 4117 sed

1581 4171 1730 4220 prave
1744 4191 1758 4217 ,
1777 4172 1928 4219 quum
1946 4153 2183 4205 subtiliter
2202 4160 2496 4218 opponatur.
2517 4151 2584 4198 G.
