3217 4784
760 450 881 517 DE
922 450 1097 519 FlN.
1150 450 1358 519 BON.
1414 450 1525 517 ET
1574 446 1795 519 MAI..
1848 447 1946 532 ΙΙ,
2003 466 2109 513 ιο.
2376 443 2501 536 187

388 567 502 639 Μ’.
540 568 886 641 Curium⁸
933 585 1143 670 putes
1182 570 1379 667 loqui
1429 599 1444 640 ε
1491 568 1854 645 interdum
1909 570 2005 641 ita
2049 565 2329 651 laudat,
2385 581 2509 648 ut,

388 677 564 773 quid
599 695 943 776 praeterea
980 684 1073 752 sit
1107 679 1386 751 bonum
1406 734 1425 766 ,
1469 692 1680 776 neget
1708 703 1783 748 se
1815 702 2022 775 posse
2051 700 2145 746 ne
2172 673 2512 772 suspicari

390 788 709 885 quidem.
743 792 921 880 Quae
944 792 1091 886 jam
1120 792 1352 861 oratio
1382 815 1529 861 non
1561 815 1601 861 a
1633 787 2070 887 philosopho
2099 787 2369 882 aliquo,
2393 783 2514 854 sed

392 924 434 970 a
468 924 770 971 censore
808 899 1338 999 opprimenda9
1379 914 1509 973 est.
1554 904 1718 971 Non
1761 912 1869 969 est
1917 900 2110 968 enim
2151 898 2403 968 vitium
2443 896 2518 964 in

395 1010 724 1080 oratione
772 1010 1114 1099 solumw,
1149 1011 1274 1083 sed
1328 1014 1545 1083 etiam
1604 1012 1679 1081 in
1719 1007 2070 1081 moribus.
2130 1007 2521 1079 Luxuriam

397 1143 547 1188 non
589 1118 1091 1216 reprehendit,
1124 1121 1344 1194 modo
1382 1126 1476 1193 sit
1507 1144 1730 1193 vacua
1766 1116 2045 1189 infinita
2096 1115 2527 1214 cupiditate,

401 1240 475 1298 et
501 1228 782 1307 timore.
819 1235 973 1301 Hoc
1007 1231 1169 1304 loco
1190 1243 1245 1278 ¹¹
1290 1231 1681 1329 discipulos
1716 1253 2037 1328 quaerere
2068 1225 2377 1313 videtur,
2409 1240 2528 1311 ut,

406 1340 535 1435 qui
559 1348 618 1379 ¹²
657 1342 837 1411 asoti
865 1365 1016 1413 esse
1055 1343 1318 1432 velint,
1363 1341 1779 1441 philosophi
1818 1354 1983 1410 ante
2018 1338 2218 1408 fiant.

504 1452 565 1518 A
599 1450 872 1546 primo,
904 1468 990 1523 ut
1015 1455 1301 1552 opinor,
1327 1455 1797 1523 animantium
1835 1462 2004 1519 ortu
2034 1447 2307 1544 petitur
2331 1446 2534 1540 origo
2573 1450 2632 1501 3¹

410 1562 671 1630 summi
709 1559 908 1632 boni.
959 1563 1190 1633 Simul
1236 1578 1452 1660 atque
1493 1576 1748 1632 natum
1787 1556 2051 1629 animal
2088 1569 2226 1643 est,
2272 1553 2540 1652 gaudet

411 1667 817 1766 voluptate,
865 1685 939 1741 et
971 1695 1129 1742 eam
1166 1672 1473 1769 appetit,
1501 1686 1582 1740 ut
1608 1669 1926 1754 bonum3
1955 1678 2383 1764 aspernatur
2412 1663 2546 1733 do-

414 1775 680 1865 lorem,
736 1794 820 1850 ut
867 1780 1158 1851 malum.
1213 1786 1326 1852 De
1382 1781 1586 1853 malis
1631 1794 1873 1853 autem
1927 1792 1999 1850 et
2043 1776 2291 1861 boni5‚
2335 1772 2426 1845 ab
2465 1774 2551 1843 iis

420 1888 884 1980 animalibu5‚
927 1915 1093 1987 quae
1137 1892 1466 1964 nondum
1504 1891 1891 1991 depravata
1932 1890 2108 1975 sint,
2145 1888 2243 1958 ait
2280 1885 2553 1985 optime

426 2141 641 2176 tenorem
667 2128 952 2179 indicemus.
980 2152 1005 2173 ιι
1023 2133 1139 2179 Eam
1171 2131 1249 2195 (ἐν
1268 2131 1441 2198 (dost)
1530 2133 1659 2181 milis
1696 2132 1835 2180 loeus
1866 2141 1941 2179 est
1965 2133 2102 2179 Orat.
2122 2130 2223 2186 111,
2254 2135 2347 2185 24,
2383 2134 2468 2188 94.
2491 2130 2556 2177 G.

428 2207 753 2272 voluptatem,
780 2224 924 2271 quam
947 2226 1091 2258 nemo
1117 2228 1346 2275 umquam
1374 2213 1444 2259 sie
1612 2227 1690 2260 ιο.
1711 2211 1821 2258 Non
1840 2208 2059 2257 esteuim
2077 2207 2253 2256 vitium
2271 2207 2321 2254 in
2341 2206 2563 2255 oratione

427 2286 705 2351 appellavit,
726 2288 864 2350 Epic.
886 2287 1021 2336 solus
1038 2289 1337 2353 voluptatem
1357 2306 1446 2354 sp·
1535 2288 1708 2338 solum.
1748 2291 1929 2336 Omnes
1955 2284 2079 2335 'aute
2111 2288 2372 2335 Gruterum
2414 2284 2533 2333 editi
2552 2320 2567 2341 ‚

432 2366 604 2430 pellat,
626 2377 772 2429 atque
790 2366 881 2427 its,
899 2384 1008 2430 quae
1030 2385 1081 2415 re
1104 2369 1290 2417 diversa
1309 2376 1452 2428 suut,
1538 2392 1563 2413 α
1583 2368 1741 2416 solum
1787 2369 1839 2414 iu
1870 2369 2088 2414 oratione
2112 2388 2137 2407 a
2163 2380 2178 2414 :
2220 2367 2306 2413 sed
2335 2366 2468 2413 hunc
2503 2365 2565 2412 ab

433 2460 527 2493 una
566 2444 768 2491 notione
818 2447 1204 2510 comprehendit.
1255 2451 1317 2495 In
1361 2449 1452 2495 hae
1539 2449 1636 2496 boc
1651 2447 1898 2509 vulgatum
1919 2445 2139 2492 ordinem
2158 2462 2218 2492 ex
2247 2444 2346 2492 Pal.
2382 2460 2402 2491 1
2425 2446 2567 2492 tacite

433 2535 592 2572 autem
612 2523 858 2587 voluptate
873 2559 889 2582 ,
912 2542 1058 2589 quam
1075 2528 1128 2574 in
1146 2538 1284 2575 motu
1309 2527 1451 2585 dicit,
1540 2526 1727 2574 editum
1754 2542 1855 2572 esse
1874 2560 1887 2583 ,
1915 2524 2125 2589 probant
2152 2524 2256 2571 bini
2285 2523 2354 2571 illi
2383 2524 2568 2581 nostri,

434 2618 603 2651 suaves
622 2601 728 2649 illas
748 2614 796 2650 et
821 2603 987 2651 dulces
1009 2608 1308 2654 sensationes
1331 2622 1452 2653 eon·
1543 2606 1744 2668 reliquis
1761 2605 1880 2652 olim
1902 2603 2106 2667 vulgatae
2125 2620 2175 2651 se
2193 2595 2566 2668 applicantibus.
2628 2622 2636 2637 ·

438 2683 695 2740 uiuentem,
736 2693 835 2730 tam
871 2683 992 2731 male
1026 2686 1120 2734 sibi
1154 2696 1372 2744 constat,
1400 2697 1456 2733 ut
1545 2685 1707 2745 Solum
1728 2684 1872 2731 bisin
1890 2682 2130 2731 contextis
2147 2681 2410 2730 clausulam
2426 2698 2572 2728 enun-

437 2760 682 2811 interdum
702 2776 807 2807 enm
827 2762 890 2809 ita
910 2773 1158 2824 extenuet,
1178 2777 1270 2812 ete.
1293 2788 1317 2806 »ι
1548 2765 1655 2813 tinti
1695 2780 1941 2828 occupans
1959 2799 1972 2821 ‚
2017 2762 2151 2809 baud
2188 2761 2335 2809 dubie
2381 2760 2573 2807 verissi-

512 2840 562 2888 8.
592 2840 682 2887 Μ’.
705 2839 913 2887 curium.
936 2843 1112 2905 Seripti
1134 2860 1301 2891 omues
1321 2848 1461 2893 Mar·
1549 2860 1682 2891 mum
1698 2875 1714 2903 ‚
1749 2859 1898 2907 quum
1933 2844 1985 2889 in
2015 2859 2065 2888 v.
2101 2840 2323 2888 oracione
2348 2838 2575 2885 clausulae

441 2933 548 2968 cum
568 2933 587 2963 .·
613 2917 700 2964 sed
740 2928 868 2963 recte
894 2919 1057 2967 Lamb.
1081 2921 1173 2969 Μ’.
1199 2921 1313 2985 (pro
1348 2926 1459 2971 Mn·
1550 2923 1625 2971 vis
1668 2921 1800 2969 haud
1846 2920 2173 2973 desideretur,
2209 2918 2392 2981 quippe
2438 2915 2578 2974 cujus

444 2995 776 3057 uium).Illum
797 2996 917 3044 dicit
935 2999 1199 3047 Dentatum
1217 3003 1465 3065 cognomi·
1551 3003 1691 3050 notio
1713 3003 1811 3063 jam
1839 3001 1894 3047 in
1915 2996 2209 3063 philosopho
2236 2996 2415 3042 lateat:
2443 2992 2579 3055 quod

448 3091 527 3133 ne,
552 3074 695 3134 cujus
718 3089 896 3121 nomen
922 3076 1206 3139 simpliciter
1231 3080 1362 3143 apud
1391 3098 1465 3128 se-
1554 3097 1693 3137 secps
1720 3091 1792 3128 est
1815 3080 1864 3125 in
1894 3075 2102 3123 moribus
2119 3108 2135 3133 ,
2161 3089 2262 3136 quo
2289 3072 2441 3118 totius
2466 3087 2578 3117 sen-

448 3155 599 3201 riores
615 3165 787 3218 poetas
802 3188 816 3211 ‚
837 3155 1061 3219 inprimis
1080 3157 1289 3205 Martial.
1315 3158 1467 3221 ipsius
1556 3160 1723 3209 tentiae
1740 3156 1934 3222 pondus
1954 3153 2251 3201 continetur.
2275 3152 2339 3200 G.

450 3232 735 3295 frugalitatis
760 3231 876 3280 loco
896 3270 911 3294 ‚
942 3234 1215 3297 frequenter
1240 3237 1465 3298 ponitur.
1635 3254 1654 3283 1
1672 3253 1689 3283 x
1704 3272 1717 3284 .
1740 3238 1841 3283 Hoc
1854 3234 1977 3282 Ioco.
1995 3232 2053 3279 Id
2068 3242 2162 3287 est,
2181 3251 2205 3271 ιι
2223 3229 2360 3293 quod
2378 3229 2438 3276 ad
2457 3228 2582 3275 hanc

452 3312 669 3361 Pertinet
687 3312 785 3359 hue
804 3314 1009 3361 maxime
1031 3330 1192 3362 versus
1210 3315 1311 3374 ille,
1326 3317 1469 3362 etiam
1558 3331 1659 3363 rem
1694 3314 1926 3361 attinet».
1969 3312 2125 3360 Graeci
2153 3308 2304 3376 τούτῳ
2332 3312 2400 3375 τῷ
2429 3306 2580 3374 τόπῳ.

456 3394 597 3440 Rosae
631 3392 882 3452 laudatus,
920 3416 945 3436 α
966 3394 1065 3458 Qui
1105 3396 1277 3443 Curios
1318 3395 1469 3443 simu·
1563 3394 1744 3442 Eodem
1776 3391 1924 3440 modo
1945 3393 2139 3440 Mareu.
2164 3407 2215 3450 7,
2247 3390 2325 3446 15,
2353 3390 2458 3451 Quo
2479 3388 2586 3434 Ioco

454 3470 559 3521 lant
584 3470 709 3518 asoti
736 3482 891 3518 cetera
919 3472 1093 3521 vivunt
1113 3495 1158 3521 n.
1172 3500 1241 3509 —-
1259 3474 1360 3538 Qui
1384 3474 1475 3521 ali·
1561 3473 1789 3538 ponitur.
1811 3474 1874 3520 G.
1893 3499 1961 3509 -
1981 3471 2138 3517 Vertit
2159 3471 2337 3533 interp.
2360 3468 2587 3531 gallicus,

455 3550 655 3612 quando
674 3551 841 3612 legatis
869 3553 1136 3601 Samnitum
1154 3555 1257 3600 auri
1281 3553 1475 3619 pondus
1564 3555 1642 3601 siu
1688 3553 1849 3600 minus
1902 3549 2130 3608 fideliter,
2168 3547 2341 3596 callide
2388 3548 2584 3595 saltem:

460 3629 802 3688 offerentibus,
822 3648 971 3693 quum
985 3631 1090 3697 ipse
1108 3649 1273 3697 rapam
1294 3635 1342 3680 in
1364 3635 1477 3680 ioco
1567 3630 1868 3680 Fasces-vous
1907 3628 2215 3695 philosopha
2231 3661 2246 3683 ‚
2299 3626 2440 3674 dit-il
2485 3643 2592 3673 aua·

465 3718 692 3769 torreret,
719 3730 742 3751 ι
759 3712 919 3770 Malo,
940 3710 1124 3774 inquit,
1142 3711 1267 3760 hane
1288 3712 1341 3760 in
1357 3712 1481 3760 ficti·
1567 3712 1783 3760 hommes
1798 3748 1813 3771 ,
1843 3722 1892 3758 ee
1918 3709 2054 3756 alors
2093 3719 2245 3755 tontes
2269 3707 2337 3754 les
2364 3704 2591 3770 voleapte's

460 3786 589 3834 libus
609 3789 727 3835 meis
744 3788 884 3837 edere
900 3826 915 3851 ‚
935 3800 983 3837 et
1002 3806 1171 3838 aurum
1193 3791 1482 3839 habentibus
1569 3806 1696 3839 vous
1713 3788 2136 3852 serontpermises.

464 3867 699 3930 imperare
720 3888 762 3915 ι.
796 3869 997 3917 Monet..
1036 3898 1105 3906 —
1143 3872 1381 3918 Dentatus
1411 3870 1482 3918 di·
1650 3887 1730 3919 ια.
1775 3872 1868 3931 Ut,
1899 3869 1998 3932 qui.
2027 3867 2157 3916 Citra
2187 3881 2380 3914 omnem
2407 3880 2596 3912 causam

467 3943 694 4003 cebatur‚
730 3946 866 4009 quod
902 3964 1011 3995 eum
1045 3948 1274 3996 dentibus
1300 3949 1483 3997 instru-
1573 3950 1741 3999 anb.
1764 3966 1913 4013 quum
1931 3948 2134 3995 mutavit
2162 3947 2214 3994 in
2243 3946 2333 4011 qm'
2346 3964 2363 3992 :
2389 3956 2443 3993 ut
2471 3954 2599 3990 reete

471 4034 599 4071 ctum
625 4035 791 4073 natum
820 4043 922 4073 esse
948 4026 1216 4076 dicebatur.
1577 4031 1701 4078 vidit
1730 4031 1893 4077 Davis.
1929 4041 1982 4076 ιιι
2010 4039 2112 4085 est,
2141 4049 2165 4067 «
2183 4026 2273 4074 hac
2301 4023 2570 4072 intentione
2588 4057 2601 4077 ‚

543 4117 595 4163 9.
635 4108 680 4150 A
703 4120 905 4152 censore
930 4107 1249 4170 opprimenda
1269 4144 1283 4162 ‚
1317 4126 1489 4173 nempe
1580 4121 1632 4157 ut
1656 4132 1696 4157 n.
1723 4109 1947 4157 Proxima
1972 4107 2221 4173 pertinent
2247 4104 2310 4152 ad
2338 4104 2445 4149 Fin.
2470 4103 2492 4146 Ι
2502 4135 2517 4157 ,
2544 4116 2603 4162 ῃ,

476 4191 530 4229 ut
566 4182 771 4231 civitatis
796 4185 1010 4235 moribus
1042 4188 1375 4240 formidolosa.
1409 4190 1487 4238 Si·
1581 4192 1664 4237 30.
1697 4190 1760 4237 G.
