3217 4784
756 485 877 551 DE
929 485 1099 551 FlN.
1155 486 1358 554 ΒΟΝ.
1414 487 1529 552 ET
1579 485 1792 551 MAL.
1846 485 1932 566 V,
1970 480 2078 549 28.
2336 474 2466 546 651

361 603 576 692 testss,
621 608 750 675 nisi
799 607 1192 676 retexueris
1240 607 1356 676 illa
1397 635 1412 675 ε
1466 619 1850 704 paupertas
1895 607 1949 672 si
2004 600 2268 671 malum
2328 614 2478 684 est,

355 714 727 786 mendicus
763 714 1018 785 beatus
1068 740 1217 786 esse
1264 741 1482 786 nemo
1515 725 1827 813 potest9‚
1867 715 2189 810 quamvis
2232 711 2323 780 sit
2366 734 2479 780 sa-

358 829 581 921 piens.
633 830 719 894 At
772 830 965 894 Zeno
1012 849 1178 895 eum
1236 850 1382 895 non
1441 825 1732 896 beatum
1790 822 2050 910 modo,
2094 821 2219 895 sed
2264 821 2476 891 etiam

356 934 646 1004 divitem
685 933 918 1004 dicere
957 959 1170 1005 ausus
1199 950 1328 1005 est.

452 1044 750 1132 Dolere,
801 1043 1117 1114 malum:
1185 1048 1259 1114 in
1320 1070 1606 1116 crucem
1671 1046 1799 1140 qui
1833 1044 2172 1139 agiturw,
2225 1040 2478 1112 beatus

354 1177 504 1224 esse
548 1179 697 1223 non
739 1169 997 1250 potest.
1047 1161 1328 1225 Bonum
1356 1210 1375 1244 ,
1417 1155 1670 1226 liberi:
1709 1155 2052 1224 miserum
2077 1164 2132 1196 ¹¹
2184 1150 2478 1221 orbitas.

357 1268 632 1333 Bonum
676 1269 901 1362 patria
936 1289 950 1332 ε
1001 1269 1341 1336 miserum
1386 1266 1737 1336 exsilium.
1782 1269 2060 1333 Bonum
2097 1258 2421 1331 valitudo
2462 1283 2475 1324 :

353 1376 696 1444 miserum
742 1374 1061 1445 morbuS.
1121 1382 1401 1446 Bonum
1440 1377 1807 1472 integritas
1854 1372 2224 1469 corporis:
2267 1372 2479 1438 mise·

355 1509 514 1553 rum
541 1484 884 1556 debilitas,
925 1492 1202 1556 Bonum
1241 1485 1623 1556 incolumis
1656 1487 1877 1555 acies:
1915 1484 2254 1552 miserum
2292 1480 2482 1549 caeci·

355 1608 481 1663 taS.
513 1601 686 1684 Quae
718 1597 773 1664 si
810 1610 1045 1691 potest
1075 1596 1353 1691 singula
1393 1594 1838 1667 consolando
1866 1593 2123 1677 levare,
2149 1593 2482 1660 universa
2530 1632 2535 1637 ·

357 1702 728 1798 quomodo
783 1704 1208 1775 sustinebit?
1260 1707 1360 1775 Sit
1411 1708 1598 1774 enim
1642 1704 1828 1774 idem
1871 1725 2134 1785 caecus,
2187 1697 2481 1780 debilis,

358 1812 614 1883 morbo
651 1816 1064 1910 gravissimo
1101 1813 1433 1900 affectus,
1478 1815 1717 1902 exsul,
1753 1811 2014 1897 orbus,
2045 1835 2300 1907 egem,
2336 1824 2479 1879 tor-

355 2021 401 2082 gi
422 2020 563 2077 jubet
587 2020 772 2078 Bremi,
801 2023 1051 2068 «Honesta
1082 2024 1267 2079 oratio,
1289 2025 1376 2069 So-

352 2100 526 2144 cratica
541 2133 555 2156 ,
578 2097 787 2146 Platonis
808 2101 948 2146 etiam
976 2099 1133 2146 audeo
1156 2100 1372 2149 dicere-2.

355 2178 420 2222 At
444 2188 546 2222 tum
563 2211 576 2234 ‚
601 2177 651 2222 ni
689 2177 930 2238 fallimur,
959 2178 1265 2225 scribendum
1299 2179 1374 2225 so-

356 2266 452 2302 ret:
474 2258 726 2303 «Honesta
741 2257 920 2304 oratio!
942 2257 1254 2318 Socraticam,
1273 2257 1374 2304 Pla-

357 2336 483 2382 tonis
522 2336 664 2382 etiam
707 2336 864 2382 audeo
909 2335 1103 2394 dicere,
1147 2337 1308 2399 inquit
1332 2358 1372 2384 a.

355 2414 448 2461 Sed
478 2415 552 2461 vel
590 2426 688 2462 tum
725 2430 893 2478 parum
920 2414 1199 2462 lucraberis.
1221 2416 1372 2462 Acce·

355 2493 450 2550 dit,
480 2494 616 2556 qnod
639 2493 787 2540 modo
806 2509 867 2540 ex
882 2494 1072 2556 vulgata
1097 2493 1373 2540 distinetio-

356 2589 415 2620 ne
455 2573 600 2620 etiam
629 2576 725 2620 vim
753 2573 924 2631 babet,
965 2589 1060 2637 qua
1104 2574 1153 2621 h.
1183 2573 1216 2621 1.
1246 2589 1371 2637 opus

352 2663 441 2698 est.
468 2652 518 2698 Si
539 2651 658 2714 quid
677 2653 959 2700 mutandum
982 2664 1052 2700 est
1067 2689 1081 2712 ,
1104 2654 1370 2712 maluerim,

352 2733 592 2778 «Honesta
619 2733 774 2780 oratio
794 2766 807 2790 ,
829 2742 877 2779 et
903 2734 1144 2780 Socratica
1167 2735 1177 2779 !
1209 2733 1368 2781 Plato-

353 2809 430 2854 nis
452 2811 596 2857 etiam
623 2812 777 2858 audeo
806 2813 948 2873 (enm)
968 2813 1127 2860 dicere
1142 2813 1370 2876 ,inquita-

352 2890 491 2934 itanc
511 2898 582 2948 et,
603 2904 693 2949 pro
728 2900 779 2935 et
800 2905 919 2935 sane
939 2892 1169 2952 positam,
1191 2892 1370 2938 scribas

353 2979 451 3010 non
481 2966 689 3028 cepisse,
715 2966 889 3011 mirum
915 2966 1038 3013 nihil
1072 2968 1236 3015 fuerit.
1275 2972 1370 3016 At-

352 3058 447 3105 que
477 3054 578 3090 tum
605 3043 751 3089 etiam
779 3055 908 3090 recte
927 3045 1193 3092 secundum
1213 3060 1367 3092 enun-

353 3122 458 3167 tiati
486 3121 649 3169 locum
677 3122 946 3183 obtinebit,
969 3123 1150 3187 quippe
1170 3139 1280 3186 qnae
1304 3125 1369 3170 si-

351 3216 412 3246 ne
447 3200 495 3246 vi
515 3199 721 3248 dicatur.
742 3201 911 3248 Audeo
939 3202 1098 3248 dicere
1122 3203 1277 3267 (quod
1306 3220 1366 3251 ex

351 3294 528 3341 graeoo,
545 3281 705 3344 τολμῶ
722 3278 896 3348 λέγιιν,
919 3280 1155 3328 imitatum
1176 3282 1283 3346 est),
1298 3299 1365 3329 sc.

351 3357 482 3404 ahoe
518 3358 780 3423 convenire
810 3361 1020 3406 Socratis
1057 3360 1367 3425 Platonisque

349 3439 593 3485 sententia!
617 3460 658 3486 ιο.
688 3439 752 3485 G.
779 3464 848 3474 --
886 3439 1059 3487 Audeo
1095 3440 1283 3497 dIcere,
1313 3451 1368 3487 ut

349 3517 492 3564 nobis
517 3518 732 3574 videtur,
763 3517 1024 3580 respondet
1050 3520 1366 3581 praecedenti·

352 3598 439 3644 bus
465 3597 596 3660 cupit
632 3596 758 3644 enim
792 3596 971 3645 dicere.
1002 3600 1166 3661 Quum
1194 3598 1367 3646 elamet

350 3677 487 3734 Piso,
528 3691 627 3723 non
665 3675 822 3722 solum
862 3678 1034 3739 cupio,
1065 3676 1150 3724 sed
1178 3678 1360 3741 aude03

349 3758 520 3804 Cicero
541 3754 804 3819 respondet
826 3769 837 3802 τ
865 3775 885 3796 ι
911 3752 954 3798 N
960 3771 1025 3803 on
1052 3767 1214 3819 potest
1233 3777 1276 3803 ι.
1295 3784 1365 3793 -

351 3834 528 3897 lnquit.
562 3833 758 3882 Schiiiz.
788 3835 982 3897 reponit
1013 3833 1188 3897 inquis.
1214 3835 1365 3898 Quod

347 3915 432 3962 etsi
464 3915 646 3960 bonnm
684 3914 777 3972 sit,
814 3928 914 3960 non
956 3925 1111 3961 tamen
1150 3929 1365 3962 necessa-

346 3995 470 4039 rium
499 4002 599 4050 est;
629 4007 779 4054 quum
817 3991 976 4056 inquit
1019 4009 1107 4057 per
1144 4009 1195 4041 se
1239 3995 1362 4057 obji-

344 4072 516 4119 cientis
553 4070 757 4117 formula
785 4073 867 4122 sit.

417 4151 463 4196 8.
495 4150 606 4196 Non
639 4160 820 4211 potest.
864 4154 899 4196 1.
929 4169 974 4198 e.
1024 4166 1161 4198 «non
1197 4164 1358 4216 potest

342 4230 468 4293 lieri,
493 4241 542 4277 ut
572 4231 642 4277 sic
659 4231 768 4289 jure
794 4232 952 4280 dicere
984 4234 1158 4282 audeas
1179 4257 1222 4284 ι.
1267 4236 1357 4279 Ρο-

1465 2034 1557 2069 test
1577 2034 1737 2070 autem
1757 2036 1847 2085 pro
1862 2019 1978 2085 fieri
1997 2028 2176 2081 potest,
2207 2016 2305 2063 dici
2321 2053 2333 2074 ,
2357 2032 2484 2079 saepe

1462 2102 1756 2148 notavimus.
1772 2099 1910 2146 Nihil
1927 2097 2074 2160 igitur
2086 2107 2160 2143 est
2173 2129 2188 2154 ,
2207 2106 2262 2142 nt
2274 2094 2351 2141 vel
2371 2111 2481 2142 cum

1464 2180 1632 2228 Lamb.
1665 2178 1946 2237 retexuerit,
1971 2177 2047 2224 vel
2073 2192 2184 2223 cum
2209 2175 2376 2222 Davis.
2390 2189 2479 2237 po-

1463 2270 1530 2306 tes
1552 2259 1743 2322 legeris.
1773 2259 1997 2320 Denique
2023 2258 2051 2304 3
2082 2254 2373 2303 recentiores
2394 2268 2481 2301 no-

1463 2341 1549 2388 stri
1575 2338 1803 2386 retexeris
1831 2354 1850 2383 .·
1883 2336 2148 2384 scribarum
2177 2332 2360 2381 scilicet
2405 2331 2482 2380 di-

1461 2419 1601 2468 cendi
1623 2434 1774 2465 more.
1797 2418 1858 2464 G.

1531 2507 1582 2553 9.
1617 2487 1871 2537 Mendieus
1910 2487 2076 2532 beatus
2101 2498 2203 2530 esse
2223 2497 2366 2528 uerno
2390 2496 2481 2544 po·

1460 2581 1566 2617 test.
1611 2568 1747 2617 Goer.
1797 2565 1994 2624 scribit,
2038 2585 2063 2605 κ
2087 2560 2340 2609 mendicus
2377 2575 2480 2606 esse

1459 2650 1627 2697 beatus
1644 2663 1789 2695 nemo
1809 2657 1970 2710 potest
1987 2667 2028 2692 -.
2048 2646 2152 2690 Hac
2170 2676 2185 2698 ,
2207 2641 2392 2704 inquit,
2411 2656 2483 2687 se-

1459 2729 1527 2776 rie
1553 2729 1655 2775 bini
1682 2728 1753 2774 illi
1780 2725 1935 2773 nostri
1963 2740 1976 2771 t
1998 2724 2144 2786 vulgo
2169 2720 2328 2768 mend.
2366 2720 2483 2767 bea·

1457 2822 1530 2857 tus
1550 2824 1650 2856 esse
1664 2842 1679 2865 ‚
1707 2818 1799 2855 etc.
1829 2803 2154 2852 Offenderunt
2173 2816 2346 2863 nempe
2366 2799 2482 2845 seri-

1459 2890 1532 2937 bae
1557 2891 1611 2936 in
1637 2887 1732 2936 hoc
1758 2885 1944 2951 positu.
1970 2883 2101 2929 Hinc
2124 2884 2319 2928 Monac.
2343 2900 2364 2922 ι
2385 2893 2479 2941 po-

1460 2979 1550 3015 test
1571 2983 1716 3014 nemo
1742 2967 1911 3013 beatus
1955 2976 2055 3008 esse
2068 2981 2108 3005 κ.
2136 2960 2246 3004 Bas.
2268 2973 2369 3005 esse
2396 2973 2477 3004 ne-

1456 3063 1532 3092 mo
1561 3045 1611 3093 b.
1632 3063 1689 3109 p.
1716 3049 1786 3092 Ita
1809 3043 2013 3106 quisque
2040 3037 2257 3086 istn·suis
2284 3036 2481 3083 auribus

1455 3123 1857 3172 accommodavit.
1887 3121 2088 3170 Rectius
2111 3128 2272 3164 autem
2298 3131 2399 3162 esse
2414 3114 2476 3163 ad

1453 3203 1698 3252 mendicus
1708 3203 1939 3263 refertur,
1956 3210 2011 3246 ut
2023 3198 2127 3244 baec
2147 3195 2249 3242 duo
2264 3194 2311 3239 in
2332 3209 2476 3241 unam

1456 3282 1709 3331 notionem
1734 3289 1923 3329 coeant.

1532 3378 1604 3411 ιο.
1638 3364 1700 3410 In
1728 3375 1921 3407 crucem
1949 3358 2034 3422 qui
2060 3357 2246 3422 agitur.
2288 3355 2359 3400 lta
2392 3367 2476 3397 co·

1455 3442 1547 3488 dex
1574 3442 1739 3488 nullus
1758 3454 1771 3489 ε
1791 3455 1903 3487 nam
1926 3437 2145 3502 plerique
2161 3435 2213 3482 in
2232 3448 2372 3481 eruce
2389 3447 2476 3477 cm-

1447 3520 1621 3585 gitur,·
1662 3520 1804 3583 pauci
1824 3556 1840 3580 ,
1866 3519 1917 3565 in
1944 3516 2121 3581 quibus
2144 3525 2215 3562 est
2247 3511 2377 3561 Gud.
2413 3527 2434 3557 ι
2459 3544 2474 3570 ,

1454 3599 1620 3664 agitur
1640 3599 1869 3647 referunt.
1908 3596 2003 3645 Sed
2044 3606 2172 3643 reete
2198 3597 2256 3642 P.
2283 3592 2473 3639 Manat.

1452 3688 1511 3725 ut
1535 3677 1715 3734 editur,
1733 3676 1969 3723 correxit:
1989 3673 2204 3722 inaudite
2226 3682 2327 3718 erat
2345 3672 2473 3718 enim

1453 3755 1625 3802 scribis
1647 3755 1841 3802 dicendi
1864 3754 2013 3810 ratio,
2035 3752 2084 3799 in
2098 3767 2291 3800 crucem
2309 3766 2471 3814 agere.

1455 3835 1586 3882 Hinc
1620 3835 1712 3882 alia
1757 3835 1831 3880 vin
1873 3844 2079 3897 peceant
2117 3833 2243 3895 Spir.
2283 3828 2386 3878 Eri.
2425 3840 2473 3876 et

1453 3915 1583 3962 Gud.
1613 3931 1640 3961 α
1661 3951 1675 3976 ,
1706 3912 1757 3960 fn
1793 3929 1983 3960 erucem
2021 3929 2070 3960 v.
2107 3911 2155 3958 in
2183 3926 2322 3958 cruce
2354 3908 2473 3971 qm'a

1453 3995 1636 4058 agitur.
1674 3996 1734 4040 G.

1530 4091 1546 4121 ι
1566 4090 1606 4120 r.
1637 4070 1863 4120 Miserum
1881 4070 2084 4118 orbitas.
2103 4069 2300 4115 Haerent
2326 4067 2470 4115 iidem

1451 4156 1501 4201 in
1530 4153 1786 4217 quinquies
1830 4149 2035 4213 repetito
2078 4145 2301 4192 miserum
2316 4180 2331 4202 ‚
2380 4161 2472 4207 pro

1451 4235 1667 4280 miserum
1715 4227 1839 4294 qm‘d
1852 4263 1867 4287 ,
1917 4226 2079 4291 posito
2115 4241 2127 4271 :
2168 4222 2300 4287 quod
2347 4239 2472 4292 saepe
