3217 4784
821 380 942 448 DE
991 381 1164 449 FIN.
1217 379 1417 445 ΒοΝ.
1470 380 1584 447 ET
1634 379 1847 446 MAL.
1903 381 1986 463 v,
2051 402 2103 446 1.
2392 376 2528 463 545

412 500 789 571 ineramus.
861 506 1042 571 Tum
1102 501 1310 585 Piso,
1360 502 1724 573 Naturane
1775 499 1987 571 nobis
2035 499 2214 588 hoc,
2256 504 2533 598 inquit,
2573 538 2600 569 ι

408 608 654 679 datum
692 609 954 697 dicam,
988 635 1079 680 au
1123 633 1369 679 errore
1415 607 1733 706 quodam
1773 636 1788 678 :
1827 624 1941 695 ut,
1987 634 2210 707 quum
2251 635 2334 681 ea
2376 612 2535 683 loca

407 718 772 791 videamus
796 729 885 806 ¹¹,
924 722 999 790 in
1030 718 1296 817 quibus
1327 721 1675 789 memoria
1717 718 1976 817 dignos
2004 721 2197 791 viros
2236 744 2533 819 accepe-

407 831 629 901 rimus
659 829 973 900 multum
1007 853 1160 898 esse
1187 843 1538 915 versatos,
1566 831 1790 924 magis
1818 852 2238 900 moveamur
2259 883 2279 916 ‚
2317 855 2533 927 quam

405 943 462 1010 si
500 938 795 1035 quando
827 949 1160 1009 eorum¹²
1202 940 1526 1035 ipsorum
1564 953 1689 1009 aut
1725 936 1910 1009 facta
1950 938 2323 1010 audiamus
2352 993 2371 1028 ‚
2415 956 2540 1011 aut

405 1054 754 1147 scriptum
781 1046 1077 1146 aliquod
1100 1040 1158 1092 ¹3
1187 1048 1557 1146 legamus?
1586 1047 1788 1118 velut
1823 1071 1958 1144 ego
1990 1073 2188 1119 nunc
2224 1073 2537 1121 moveor.

403 1162 620 1255 Venit
642 1164 834 1230 enim
863 1159 1039 1229 mihi
1064 1158 1382 1230 Platonis
1401 1160 1476 1228 in
1509 1173 1863 1242 mentem3
1885 1182 2103 1254 quem
2132 1163 2541 1256 accepimus

403 1272 717 1367 primum
748 1268 868 1340 hic
891 1269 1257 1366 disputare
1284 1269 1576 1339 solitum
1607 1296 1623 1339 :
1656 1268 1769 1362 cuj
1781 1293 1863 1338 us
1892 1272 2108 1338 etiam
2137 1269 2239 1338 illi
2265 1268 2540 1340 hortuli

401 1382 796 1477 propinqui
833 1405 983 1450 non
1012 1380 1434 1450 memoriam
1466 1379 1700 1449 solum
1734 1377 1913 1448 mihi
1952 1375 2268 1449 afferunt
2288 1378 2382 1468 ¹4,
2415 1379 2540 1451 sed

403 1495 640 1589 ipsum
686 1490 1023 1562 videntur
1057 1492 1130 1560 iu
1167 1505 1568 1586 conspectu
1603 1513 1769 1559 meo
1807 1512 2104 1586 ponere.
2148 1490 2279 1559 Hic
2310 1492 2538 1585 Speu-

405 1603 655 1699 sippus
679 1597 767 1687 ¹⁵,
806 1600 926 1671 hic
960 1605 1401 1669 Xenocrates
1425 1653 1446 1686 ‚
1488 1597 1608 1668 hic
1665 1599 1825 1693 ejus
1874 1598 2162 1668 auditor
2207 1599 2537 1687 Polemo,

403 1710 608 1804 cujus
657 1710 775 1780 illa
828 1711 978 1806 ipsa
1036 1708 1256 1778 sessio
1300 1707 1474 1793 fuit,
1518 1732 1737 1804 quam
1787 1707 2136 1781 videmus.
2181 1708 2536 1805 Equidem

400 1892 681 1945 Academica
704 1892 899 1940 firmant
926 1890 1031 1939 bini
1063 1892 1240 1956 optimi
1269 1893 1426 1940 nostri
1513 1892 1651 1956 quod
1696 1892 1967 1951 antecedit,
2011 1909 2157 1940 mauu
2199 1910 2226 1940 e
2265 1892 2537 1957 longinquo

400 1992 509 2023 cum
529 1975 663 2022 Crat.
685 1972 858 2036 reliqui
878 1988 990 2019 cum
1012 1971 1119 2019 aliis
1140 1971 1424 2021 Academia.
1513 1972 1830 2019 monstrantis
1859 1983 1947 2020 est.
1988 1973 2150 2034 Quare
2191 1987 2292 2019 nou
2329 1972 2538 2035 proban-

398 2056 528 2102 Olim
571 2055 820 2117 vulgatum
863 2062 934 2101 est
975 2051 1290 2099 Academiam
1314 2085 1331 2110 ,
1371 2063 1429 2100 ut
1514 2049 1633 2097 dum
1660 2061 1758 2107 est,
1787 2049 1920 2114 quod
1953 2050 2082 2114 Spir.
2117 2061 2166 2098 et
2203 2049 2303 2098 Eri.
2331 2049 2536 2114 propin-

398 2147 494 2182 tres
516 2137 719 2182 Oxonn.
745 2133 994 2180 referunt:
1027 2130 1112 2177 sed
1143 2131 1423 2190 Victorius,
1510 2128 1599 2192 qui
1635 2129 1817 2176 hortuli
1852 2139 2193 2192 transponunt.
2216 2130 2378 2176 Verba
2406 2132 2532 2177 enim

398 2213 619 2262 Lambin.
643 2213 809 2260 Davis.
828 2212 1018 2257 Ernest.
1035 2211 1214 2256 rectius
1233 2212 1422 2273 sequuti
1507 2206 1614 2255 haec
1637 2208 1769 2256 idem
1802 2209 1965 2255 valent
1980 2241 1995 2266 ‚
2023 2219 2194 2272 atque,
2225 2208 2335 2255 uiui
2361 2209 2531 2257 hortu-

398 2303 539 2351 sunt;
562 2307 772 2356 quorum
800 2298 1072 2354 postremus
1094 2299 1205 2351 apte
1227 2287 1419 2334 Acade-

397 2371 507 2419 mioe
556 2369 723 2435 spatiis
764 2386 828 2417 ex
864 2369 999 2416 Orat.
1037 2368 1065 2415 3
1088 2403 1102 2426 ,
1145 2383 1205 2413 12
1236 2365 1417 2416 laudat.

395 2451 564 2515 Spatia
586 2461 746 2499 autem
767 2472 791 2491 α
807 2450 917 2497 loca
951 2446 1136 2511 quaevis
1170 2445 1419 2505 dicuntur,

397 2532 480 2579 ubi
498 2531 693 2595 spatiari
702 2543 1012 2594 quocumque
1030 2525 1181 2575 modo
1193 2522 1416 2574 licet-G.

473 2627 492 2657 1
508 2626 554 2660 1.
592 2610 881 2657 Videamus.
900 2606 1035 2657 Gud.
1057 2623 1085 2653 2
1107 2605 1413 2673 infideamus.

395 2690 525 2737 Num
555 2690 679 2739 sorte
703 2688 923 2736 visamus
949 2686 1141 2734 voluit?
1163 2686 1241 2732 Sic
1263 2684 1418 2733 visere

393 2779 572 2817 stamas
589 2770 729 2815 Verr.
749 2768 841 2823 lv,
856 2768 884 2814 3
899 2802 915 2826 ,
932 2767 960 2813 5
984 2781 999 2820 ς
1023 2787 1048 2807 α
1062 2754 1260 2827 epulum
1284 2765 1415 2810 omui

393 2856 625 2911 apparatu
645 2845 885 2893 visendo·
908 2845 959 2892 in
979 2846 1092 2891 Vnt.
1118 2844 1177 2889 13
1198 2877 1215 2900 ,
1234 2844 1262 2890 3
1278 2858 1322 2891 1.
1345 2845 1412 2892 G.

471 2942 551 2974 ια.
582 2924 635 2970 Si
675 2923 879 2986 quando
914 2938 1100 2969 eorum.
1127 2924 1246 2968 Tres
1272 2923 1414 2969 etiam

332 3008 343 3019 '
394 3006 547 3054 nostri
573 3020 684 3052 cum
723 3001 835 3049 edd.
872 3013 993 3050 vett.
1031 3012 1144 3065 post
1178 3001 1412 3063 quando,

391 3095 509 3132 ante
530 3082 789 3143 adjiciunt;
819 3079 957 3144 quod
981 3089 1193 3144 quatuor
1212 3080 1411 3127 Oxonn.

391 3162 412 3227 (
426 3164 467 3210 si
531 3172 659 3210 recte
721 3160 896 3208 horum
949 3168 1208 3221 excerptor
1258 3156 1412 3221 vidit)

393 3240 557 3287 omissi
584 3239 783 3303 quando
820 3237 935 3285 loco
963 3247 1174 3300 ponunt.
1203 3231 1299 3284 Sed
1336 3237 1411 3282 in-

390 3330 557 3386 eptum
586 3318 637 3366 id
666 3318 930 3366 scribarum
955 3316 1121 3364 locum
1144 3331 1295 3379 prave
1326 3332 1409 3362 ca·

389 3401 626 3464 pientium
644 3397 1025 3445 additamentum
1040 3390 1300 3454 judicabis.
1316 3395 1381 3441 G.

467 3480 547 3527 13.
576 3477 811 3540 Scriptum
832 3473 1050 3536 aliquod.
1070 3474 1190 3520 Tres
1211 3474 1409 3520 Oxonn.

228 3535 309 3613 Γ·
391 3557 494 3605 bini
524 3556 710 3611 nostri,
742 3564 789 3600 et
818 3554 971 3601 Mars.
1005 3575 1030 3594 ιι
1057 3551 1291 3615 scriptum
1316 3551 1408 3598 ali·

389 3634 508 3699 quid
527 3650 576 3681 n:
605 3633 831 3697 scriptum
860 3632 991 3680 enim
1015 3641 1064 3678 et
1074 3628 1253 3692 facta,
1270 3628 1409 3693 quod

389 3714 644 3779 praecedit,
668 3712 965 3761 substantive
992 3721 1262 3774 ponuntur.
1284 3711 1348 3757 G.

466 3801 547 3849 14.
580 3793 692 3841 Non
723 3789 1006 3840 memoriam
1015 3822 1144 3838 .....
1173 3787 1413 3853 afferunt.

387 3874 575 3922 Ernest.
593 3870 811 3939 offerunt
830 3889 848 3918 .-
888 3880 939 3917 at
964 3885 1093 3933 saepe
1124 3869 1194 3914 sic
1220 3877 1409 3926 auctor,

389 3972 414 3990 κ
428 3966 589 3998 curam
603 3986 617 4011 ,
635 3950 964 4015 suspicionem
979 3984 993 4007 ‚
1013 3945 1410 4003 sollicitudinem,

388 4027 658 4077 molestiam
694 4030 867 4077 afferre
887 4052 940 4087 ιι,
976 4037 1032 4075 ut
1076 4025 1275 4074 verbum
1310 4024 1407 4073 hoc

390 4120 482 4171 pro
506 4105 690 4171 offerre
714 4110 871 4173 accipi
898 4106 1077 4173 possit.
1104 4105 1188 4153 1711·
1218 4116 1379 4154 autem
1396 4139 1411 4163 ,

538 4195 625 4261 Π.
679 4208 774 4259 cic.
787 4225 908 4276 pars
934 4208 1083 4256 tertia.

1507 2285 1572 2343 li,
1613 2303 1737 2351 quos
1759 2286 2035 2335 Academiae
2063 2287 2367 2351 propinquos
2395 2288 2532 2337 vide·

1507 2366 1568 2411 tis
1588 2387 1630 2414 υ.
1655 2367 1718 2415 G.

1582 2460 1603 2490 ι
1616 2445 1667 2493 5.
1682 2442 1987 2508 Speusippus.
2012 2443 2325 2493 Atheniensis
2341 2481 2355 2503 ,
2372 2446 2533 2494 Plato-

1503 2524 1580 2570 nis
1619 2524 1800 2572 sororis
1836 2522 1996 2585 filins,
2037 2535 2153 2588 post
2193 2525 2441 2573 Platonem
2479 2527 2530 2573 in

1502 2602 1766 2651 Academia
1796 2604 1982 2651 docuit.
2000 2631 2068 2640 —
2086 2607 2161 2652 De
2189 2605 2465 2652 Xenocrate
2484 2616 2528 2652 et

1501 2682 1765 2731 Polemone
1789 2685 1843 2733 in
1870 2683 2200 2746 superioribus
2225 2684 2366 2731 libris
2391 2696 2439 2731 et
2475 2686 2528 2733 in

1500 2762 1696 2812 Acadd.
1724 2763 1904 2827 passim
1937 2765 2035 2823 jam
2076 2764 2192 2812 satis
2219 2763 2408 2811 dictum
2436 2776 2523 2813 est.

1502 2841 1571 2890 Cf
1601 2858 1797 2906 quoquc
1821 2842 1910 2891 inf.
1930 2840 1990 2901 3,
2019 2841 2048 2906 §
2073 2842 2301 2907 7.—Cuj.
2321 2842 2406 2890 illa
2424 2841 2527 2906 ipsa

1501 2919 1673 2985 s.fait.
1699 2922 1832 2970 Goer.
1854 2938 1947 2970 scr.
1967 2921 2177 2983 c.ipsius
2198 2921 2231 2970 i.
2252 2938 2290 2968 s.
2291 2919 2416 2984 faie.
2427 2922 2526 2981 sic,

1499 3000 1696 3063 inquit,
1724 3018 1786 3048 ex
1813 3004 2012 3049 Oxonn.
2049 3002 2104 3048 E.
2143 2996 2183 3056 ξ.
2203 3010 2250 3047 et
2268 3003 2376 3048 Bas.
2400 3002 2521 3047 scri·

1499 3081 1705 3143 psimns.
1750 3079 2054 3142 Vulgabatur
2091 3079 2228 3142 cujus
2264 3079 2371 3141 ipsa
2410 3079 2523 3133 illa,

1498 3168 1555 3205 ut
1586 3158 1691 3204 bini
1725 3157 1903 3213 nostri,
1933 3156 2150 3218 editique
2186 3168 2368 3205 veteres
2395 3174 2521 3222 prae-

1499 3235 1620 3283 bent
1644 3249 1657 3282 ε
1694 3234 1778 3282 sed
1805 3234 1970 3282 Davis.
1998 3233 2103 3296 ipsa
2139 3233 2343 3295 delevit,
2370 3251 2520 3299 quum

1498 3313 1550 3361 id
1588 3328 1859 3377 pronomen
1897 3316 1952 3360 in
1984 3312 2113 3360 binis
2140 3314 2294 3364 Paris.
2317 3330 2418 3362 non
2445 3333 2519 3363 re·

1495 3394 1718 3456 perisset.
1743 3394 1861 3441 Ern.
1880 3402 2046 3440 contra
2071 3407 2250 3457 pronu.
2275 3393 2381 3442 hnc
2409 3411 2520 3442 cum

1497 3471 1666 3520 Mead.
1702 3473 2015 3536 transposuit.
2054 3474 2207 3520 Recte
2243 3473 2295 3519 in
2331 3473 2520 3536 vulgata

1498 3551 1802 3614 acquiescere
1820 3551 2015 3607 liceret,
2043 3550 2136 3597 nisi
2159 3562 2352 3616 recepta
2371 3551 2520 3600 lectio

1497 3646 1560 3677 ex
1580 3645 1642 3676 eo
1666 3629 1871 3676 multum
1893 3630 2231 3693 praepolleret,
2252 3632 2389 3695 quod
2409 3632 2494 3681 illa
2508 3671 2523 3694 ‚

1499 3724 1636 3771 aeque
1661 3720 1728 3756 ut.
1743 3709 1966 3771 superius
1987 3743 2002 3763 ‚
2032 3725 2059 3755 e
2087 3708 2359 3772 longinquo
2382 3727 2520 3759 mou-

1498 3789 1694 3835 strantis
1716 3787 1805 3847 sit,
1827 3789 1895 3834 sic
1921 3798 1977 3834 ut
2001 3786 2336 3850 colloquentes
2359 3788 2523 3839 medio

1498 3866 1660 3930 spatio
1685 3866 1813 3914 inter
1838 3865 2055 3913 Platonis
2085 3865 2311 3913 hortulos
2347 3877 2396 3915 et
2435 3869 2525 3915 Po-

1496 3945 1702 3993 lemonis
1726 3944 1949 3993 exedram
1980 3943 2226 3992 ambulare
2262 3943 2524 4008 fingantur,

1498 4023 1752 4071 Exedram
1767 4034 1926 4072 autem
1943 4023 2069 4071 hanc
2082 4022 2342 4071 sessionem
2363 4023 2526 4082 fuisse,

1499 4115 1637 4168 patet
1660 4119 1720 4152 ex
1741 4102 1774 4167 ς
1802 4112 1846 4160 4.

2143 4184 2234 4255 35
