3217 4784
858 452 983 524 DE
1034 449 1204 519 FIN.
1255 451 1457 521 BON.
1496 451 1611 518 ET
1652 449 1868 518 MAL.
1926 451 2027 530 V,
2060 445 2175 517 31.

2426 445 2581 519 565
2630 471 2635 478 .

461 574 781 675 partibus
810 574 973 670 plus
1012 571 1281 644 habere
1317 595 1601 669 semper
1634 569 1814 641 boni
1836 625 1855 655 ,
1910 594 2125 667 quam
2164 568 2371 641 mali?
2400 573 2583 662 Quis

457 687 600 758 hoc
625 685 849 756 dicit?
883 686 1136 756 Stoicis
1168 682 1333 753 licet
1347 694 1396 749 ².
1428 683 1747 753 Minime.
1790 679 1927 752 Sed
1960 682 2075 752 isti
2101 682 2265 779 ipsi,
2299 687 2427 779 qui
2462 706 2583 752 vo-

456 799 732 895 luptate
756 810 831 866 et
853 794 1103 865 dolore
1125 793 1365 863 omnia
1379 793 1804 877 metiuntur,
1825 815 2073 863 nonne
2102 792 2410 863 clamant
2427 845 2446 879 ,
2472 815 2581 862 sa-

456 909 682 1005 pienti
699 906 863 1004 pius
877 927 1162 1002 semper
1174 902 1446 990 adesse,
1460 901 1662 998 quod
1686 901 1856 973 velit
1871 926 2118 998 ,quam
2136 900 2338 1001 quod
2359 901 2584 972 nolit?

454 1023 698 1110 Quum
735 1029 1019 1087 tantum
1054 1015 1273 1110 igitur
1306 1015 1382 1082 in
1418 1017 1682 1083 virtute
1720 1027 2000 1109 ponant
2030 1010 2149 1099 ii3,
2191 1013 2321 1111 qui
2361 1037 2436 1083 se
2480 1008 2580 1082 fa-

458 1129 746 1198 tentur‘*
773 1125 1055 1194 virtutis
1083 1146 1293 1193 causa
1313 1177 1333 1209 ,
1361 1123 1496 1192 nisi
1526 1146 1612 1194 ea
1646 1122 2087 1220 voluptatem
2116 1119 2454 1224 *accireti
2491 1146 2583 1192 ne

457 1260 752 1307 manum
770 1232 1067 1332 quidem
1097 1257 1428 1304 versuros
1454 1229 1672 1303 fuisse
1701 1230 1917 1329 :quid
1947 1231 2181 1304 facere
2214 1257 2348 1303 nos
2374 1259 2586 1332 opor-

457 1362 559 1418 tet
572 1401 592 1433 ,
615 1348 742 1443 qui
766 1345 1093 1442 quamvis
1119 1345 1488 1414 minimam
1506 1345 1728 1413 animi
1750 1344 2228 1441 praestantiam
2247 1343 2588 1416 omnibus

456 1454 669 1528 bonis
689 1458 1013 1554 corporis
1044 1455 1314 1525 anteire
1352 1452 1705 1539 dicamus,
1737 1467 1818 1523 ut
1848 1477 1930 1524 ea
1966 1477 2059 1523 ne
2087 1456 2165 1523 in
2190 1470 2588 1552 conspectu

458 1566 752 1664 quidem
784 1563 1331 1661 relinquantur?
1360 1564 1539 1653 Quis
1563 1565 1761 1633 enim
1794 1577 1903 1634 est
1915 1558 1972 1650 6,
2006 1562 2132 1659 qui
2163 1561 2305 1633 hoc
2330 1562 2587 1634 cadere

457 1757 814 1822 Expressimus,
855 1755 1018 1819 inquit
1038 1788 1053 1813 ‚
1079 1753 1306 1802 binorum
1332 1770 1360 1801 e
1385 1769 1476 1801 no·

456 1837 567 1885 stris
590 1836 889 1900 optimorum
914 1834 1173 1882 lectionem
1189 1868 1203 1892 ,
1229 1849 1379 1898 quum
1397 1849 1479 1881 su-

459 1927 569 1964 ctor
586 1914 877 1979 sapientium
899 1913 964 1959 its
991 1923 1147 1971 emet,
1171 1922 1231 1960 ut
1257 1912 1364 1960 locu
1389 1927 1444 1959 ee
1460 1946 1475 1969 ,

458 2010 571 2059 quae
593 1994 837 2057 vulgatam
872 1991 1072 2055 genitivi
1097 1991 1302 2038 fonnem
1337 2001 1478 2038 tuen-

457 2086 553 2129 tur,
581 2072 753 2121 scribis
777 2070 944 2119 deberi
970 2070 1226 2119 vide-ntur
1242 2105 1257 2130 ,
1291 2068 1475 2134 quippe

457 2151 591 2216 apud
610 2167 734 2217 quos
752 2151 858 2198 haee
878 2149 978 2197 sols
1001 2149 1056 2196 in
1074 2164 1166 2196 usu
1184 2159 1325 2197 esset.
1345 2149 1476 2196 Hine

457 2243 558 2288 est,
592 2231 750 2296 quod,
779 2231 822 2277 si
843 2228 905 2277 ed
933 2227 1171 2290 ejusmodi
1187 2226 1293 2276 loon
1314 2228 1479 2291 plum

459 2311 656 2358 codices
683 2309 828 2356 simul
853 2308 1143 2373 inspexeris,
1169 2305 1352 2369 ubique
1377 2307 1477 2354 fere

457 2388 671 2436 eamdem
689 2387 967 2435 varietatem
987 2384 1348 2450 deprehendas;
1375 2385 1475 2434 vid.

457 2482 602 2532 supra
623 2469 645 2512 1
660 2501 676 2524 ,
711 2468 773 2515 18
789 2499 805 2525 ‚
832 2469 917 2515 61.
936 2464 1130 2529 Copula
1155 2474 1316 2513 antem
1333 2480 1430 2529 que
1448 2479 1476 2512 ι

457 2546 661 2596 librariis
674 2545 934 2609 sepissime
953 2543 1241 2593 intruditur.

529 2640 581 2673 α.
609 2624 781 2672 Stoicis
807 2622 935 2672 licet.
966 2625 1105 2674 Goer.
1132 2623 1304 2673 scribit
1328 2623 1480 2672 Stoica·

457 2704 654 2753 seilicet.
693 2705 765 2752 lta
780 2736 797 2763 ,
834 2703 1018 2767 iuquit,
1057 2702 1268 2763 conjecit
1306 2703 1476 2752 Lemb.

425 2791 430 2798 '
457 2784 783 2846 probantibus
805 2782 1006 2831 Davisio
1042 2793 1093 2831 et
1124 2784 1245 2831 Em.
1272 2784 1427 2831 Recte
1459 2796 1474 2831 t

457 2875 567 2908 nam
587 2863 806 2924 vulgata,
823 2860 991 2909 stoicis
1017 2862 1129 2909 licet
1144 2896 1160 2920 ‚
1188 2863 1302 2912 ferri
1328 2862 1405 2910 his
1423 2864 1478 2911 in

455 2941 698 2988 contextis
735 2941 920 3002 nequit.
959 2941 1138 2988 Stoicis
1185 2941 1315 2988 enim
1374 2958 1478 2989 nou

455 3018 612 3066 solum
649 3019 720 3066 sio
758 3018 919 3066 dioere
953 3018 1069 3066 licet
1084 3053 1100 3076 ,
1150 3017 1236 3066 sed
1278 3019 1332 3066 hi
1376 3034 1476 3066 nou

457 3107 662 3162 ponunt
717 3096 865 3144 etiam
894 3130 910 3154 ,
977 3096 1096 3161 quin
1164 3098 1234 3145 sic
1295 3097 1476 3145 dieunt.

459 3176 658 3225 Fallitur
678 3175 828 3241 igitur
850 3176 1051 3234 Nissen,
1066 3185 1116 3223 et
1129 3191 1280 3239 quum
1304 3175 1477 3224 Stoicis

456 3254 567 3302 licet
617 3255 814 3303 minime
834 3290 848 3314 ,
890 3256 1030 3318 jungi
1093 3254 1224 3313 vult,
1248 3266 1297 3303 et
1324 3271 1475 3318 quum

458 3333 746 3382 Lambinum
780 3335 846 3381 St.
874 3333 1062 3381 seilicet
1103 3333 1299 3381 minime
1331 3334 1475 3397 jungi

455 3413 666 3461 voluisse
719 3413 858 3463 dicit.
919 3412 998 3461 mi
1045 3428 1162 3460 vero
1215 3413 1312 3478 ipsi
1362 3414 1473 3460 Π.

457 3494 565 3541 DD.
591 3492 918 3552 conjecturem
946 3491 1073 3540 hene
1112 3492 1164 3539 iu
1195 3503 1327 3540 texta
1354 3492 1478 3539 reci-

456 3588 570 3635 pere
596 3571 717 3619 nihil
760 3570 1061 3620 dubitassent
1075 3604 1090 3628 ‚
1131 3572 1174 3619 si
1200 3570 1473 3619 diverbinm

454 3652 705 3708 vidissent,
721 3651 861 3711 cujus
877 3651 1012 3715 signs
1036 3650 1475 3715 posuimus—m·

451 3731 585 3777 nime
603 3741 788 3791 eutem,
821 3730 958 3794 quod
977 3730 1218 3779 continuo
1237 3730 1474 3793 sequitur,

455 3808 701 3871 eiiiptiee,
746 3819 802 3855 ut
847 3809 896 3855 in
954 3809 1196 3857 concitata
1249 3808 1475 3857 oratioue

454 3888 605 3943 solet,
629 3890 827 3951 ponitur
845 3921 861 3946 ,
904 3904 996 3952 pro
1029 3910 1050 3931 ι
1077 3888 1281 3936 Minime
1307 3887 1360 3935 hi
1380 3889 1474 3936 soli

454 3969 549 4015 hoe
572 3967 806 4016 dicunt».
827 3968 987 4030 Pergit
1009 3968 1329 4025 constructio,
1353 3968 1475 4015 «sed

454 4047 474 4108 (
494 4047 641 4093 immo
664 4047 816 4111 vero)
853 4061 1018 4094 noune
1045 4080 1056 4093 .
1080 4081 1092 4093 .
1116 4081 1127 4092 .
1169 4045 1380 4093 clament
1401 4063 1414 4093 :
1447 4068 1472 4087 a

454 4135 502 4170 et
536 4126 754 4173 clumam
792 4126 994 4188 ponitur
1020 4124 1258 4172 invidiose
1281 4140 1374 4189 pro
1391 4125 1471 4172 di-

454 4213 581 4250 cunt.
618 4229 685 4241 --
724 4200 906 4252 Schiitz
940 4219 1136 4268 quoque
1166 4204 1339 4268 recipit
1367 4220 1475 4252 cor·

1565 1763 1684 1801 rect.
1721 1751 1865 1800 stoici
1895 1751 2093 1801 scilicet.
2136 1755 2266 1816 Intp.
2302 1751 2504 1816 gallicus
2531 1754 2584 1801 iu
2644 1816 2648 1820 ⁴

1563 1831 1800 1880 vertendo
1822 1831 2068 1880 Goerenzii
2101 1830 2489 1881 emendationem
2514 1849 2587 1880 se·

1563 1922 1746 1975 quotus
1767 1920 1874 1971 eet,
1909 1927 2005 1975 que
2038 1910 2142 1958 sine
2165 1911 2354 1958 nullum
2390 1927 2585 1960 sensum

1517 1983 1528 1991 ⁰
1563 1993 1617 2041 iu
1644 1991 1721 2040 his
1747 1990 1956 2039 inveniri
1981 1989 2220 2038 videmus.

1635 2073 1690 2121 3.
1711 2069 1868 2137 Igitur
1879 2069 1930 2117 ἰη
1944 2069 2121 2118 vir-tute
2138 2081 2334 2133 ponant
2351 2069 2402 2120 ii.
2422 2071 2588 2136 Igitur

1562 2150 1701 2198 abest
1737 2150 1800 2199 eb
1837 2149 1969 2199 Gud.
2002 2160 2234 2213 utroque.
2267 2151 2331 2197 G.
2646 2131 2661 2145 ’

1638 2236 1687 2285 4.
1714 2231 1774 2276 Se
1785 2230 2023 2288 latentur.
2041 2230 2162 2276 Tres
2178 2228 2399 2293 potiores
2421 2232 2583 2277 nostri

1564 2323 1712 2371 preve
1731 2317 2079 2371 transponunt,
2102 2307 2340 2372 fatentur
2355 2324 2407 2356 se
2438 2323 2458 2355 .·
2476 2323 2585 2355 nem

1563 2398 1738 2435 auctor
1749 2386 2040 2451 pronomine
2057 2403 2121 2434 ex
2138 2401 2273 2434 more
2290 2387 2410 2435 huie
2430 2387 2586 2437 verbo

1564 2468 1765 2531 ejusque
1786 2465 2071 2529 compositis
2088 2465 2355 2529 proemittit.
2378 2468 2452 2513 Ite
2474 2481 2589 2530 pee—

1565 2546 1864 2595 eeturCatil.
1891 2547 2048 2604 11‚8,
2082 2561 2140 2606 17
2164 2560 2178 2593 :
2208 2547 2356 2596 «Cur
2383 2557 2480 2594 tem
2499 2545 2588 2594 diu

1565 2625 1628 2675 de
1652 2641 1754 2675 uuo
1779 2626 1922 2674 hoste
1948 2625 2222 2690 loquimur,
2258 2637 2309 2674 et
2335 2642 2396 2673 eo
2422 2625 2588 2684 hoste,

1564 2705 1650 2768 qui
1672 2705 1773 2766 jam
1797 2706 2154 2753 fateturseesse
2168 2705 2364 2754 hostem
2385 2706 2409 2751 Ρ
2424 2705 2586 2753 -Cor-

1564 2784 1689 2847 riges
1716 2798 1778 2831 ex
1800 2782 1930 2830 binis
1951 2783 2154 2848 optimis
2182 2784 2364 2832 nostris
2390 2805 2416 2826 κ
2435 2783 2519 2847 qui
2537 2800 2587 2830 se

1567 2864 1745 2911 fatetur
1768 2879 1872 2911 esee
1897 2862 2088 2911 hostem
2106 2883 2148 2910 ι.
2178 2862 2245 2910 G.

1575 2955 1578 2960 ’
1640 2942 1688 2988 5.
1724 2939 1839 2988 Nisi
1859 2956 1921 2988 ea
1946 2940 2242 3002 voluptatem
2280 2940 2478 2989 acciret.
2514 2943 2537 2987 1
2541 2951 2587 2988 ta

1563 3028 1683 3066 vett.
1720 3018 1939 3086 impressi
1969 3032 1983 3064 :
2030 3017 2114 3065 sed
2162 3018 2333 3082 scripti
2375 3019 2585 3066 turbant.

1563 3099 1683 3145 Tres
1721 3097 1939 3160 potiores
1996 3097 2153 3144 nostri
2214 3112 2325 3144 eum
2375 3097 2477 3146 Pel.
2514 3100 2547 3145 6
2568 3132 2582 3155 ‚

1563 3199 1587 3217 ··
1611 3175 1863 3238 voluptnte
1887 3186 2095 3224 maceret
2129 3198 2154 3217 ιι
2196 3190 2210 3224 :
2253 3176 2427 3240 reliqui
2470 3175 2587 3224 inde

1563 3255 1769 3302 eliorum
1799 3275 1822 3298 ιι
1844 3256 2148 3320 voluptatem
2174 3265 2384 3304 maceret
2400 3292 2415 3315 ‚
2442 3255 2587 3303 volu-

1562 3342 1744 3397 ptatem
1768 3333 1984 3383 mederet
2008 3358 2060 3382 -.
2089 3333 2222 3383 Gud.
2256 3348 2277 3379 1
2298 3369 2314 3394 ,
2348 3334 2612 3397 volupta-,

1564 3423 1660 3460 tem
1681 3425 1873 3461 acet-eet
1885 3446 1902 3469 ,
1931 3414 2079 3462 Vien.
2099 3424 2324 3463 maneret
2338 3448 2354 3473 ,
2378 3413 2581 3463 Monac.

1562 3493 1824 3556 voluptate
1859 3504 2104 3541 marceret
2119 3529 2136 3552 ,
2187 3503 2339 3557 prout
2363 3494 2588 3556 Guyetus

1563 3572 1731 3620 sunsit.
1782 3571 1881 3620 Sed
1925 3573 2016 3621 etsi
2055 3572 2252 3637 quidem
2291 3594 2317 3614 α
2359 3572 2547 3620 deliciis
2568 3607 2584 3632 ,

1563 3651 1755 3699 luxurie
1799 3668 2011 3700 marcere
2034 3675 2059 3694 n
2102 3663 2231 3701 recte
2270 3652 2490 3702 dieitur:
2518 3662 2587 3700 ta-

1564 3747 1676 3778 men
1708 3730 1909 3778 verbum
1951 3731 2048 3779 hoe
2095 3732 2201 3780 hec
2244 3731 2307 3780 ad
2358 3741 2585 3780 contexta

1564 3826 1736 3875 perum
1764 3810 1988 3873 quadrat.
2017 3811 2086 3859 At
2118 3811 2261 3859 facile
2285 3812 2449 3860 videre
2472 3821 2545 3858 est
2569 3846 2584 3868 ,

1563 3889 1819 3952 quomodo
1838 3890 2010 3938 seribae
2030 3925 2044 3949 ,
2071 3907 2134 3939 ex
2156 3907 2255 3955 quo
2276 3890 2423 3938 semel
2449 3889 2585 3937 litere

1564 3984 1613 4015 m
1641 3967 1793 4016 verbo
1833 3969 2144 4026 adhaesisset,
2187 3971 2237 4016 in
2285 3969 2443 4016 omnia
2495 3969 2584 4016 alia

1561 4047 1769 4095 abierint
1787 4083 1802 4106 ,
1826 4048 1977 4112 idque
1998 4050 2204 4097 maxime
2226 4049 2278 4096 in
2301 4047 2452 4096 verbo
2469 4048 2587 4112 ipsis

1561 4127 1751 4191 ignoto.
1772 4127 1833 4174 G.

1634 4207 1685 4256 6.
1714 4206 1834 4271 Quis
1866 4207 1991 4255 enim
2014 4219 2084 4255 ese
2100 4243 2112 4264 ,
2165 4205 2252 4270 qui
2276 4206 2367 4254 hoe
2390 4206 2582 4255 cadere.
