3217 4784
658 393 797 478 340
1334 397 1432 462 Μ.
1482 396 1558 460 Τ.
1613 396 2103 467 CICERONIS

653 517 979 589 tollerem
1016 544 1032 586 :
1075 514 1201 587 sed
1244 513 1601 612 relinquo.
1657 517 1994 611 Quonam
2032 514 2289 604 modo,
2338 517 2635 615 inquam
2658 573 2678 607 ‚
2719 523 2778 593 si

650 652 798 699 una
854 627 1113 711 virtus,
1163 648 1391 695 unum
1429 623 1663 713 istud,
1712 625 1912 722 quod
1952 625 2384 697 honestum?
2422 626 2777 724 appellas,

652 752 960 823 rectum,
998 733 1355 806 laudabile
1377 789 1397 824 ,
1436 732 1783 805 decorum
1832 734 2017 832 (erit
2047 736 2243 808 enim
2286 737 2527 808 notius
2562 737 2780 835 quale

651 849 772 929 sit,
813 841 1142 941 pluribus
1176 857 1508 914 notatum
1538 842 1904 916 vocabulis
1932 844 2124 916 idem
2160 844 2774 945 declarantibus),

650 954 721 1025 id
756 976 966 1049 ergo,
1007 954 1340 1050 inquam,
1384 954 1442 1024 si
1466 952 1702 1023 solum
1742 969 1848 1026 est
1888 952 2205 1044 bonum,
2252 955 2433 1053 quid
2469 955 2779 1029 habebis

652 1078 1030 1162 praeterea,
1069 1063 1273 1160 quod
1327 1066 1685 1159 sequare?
1727 1069 1905 1154 Aut,
1941 1067 1999 1137 si
2044 1065 2227 1138 nihil
2267 1066 2581 1157 malum,
2635 1071 2777 1141 nisi

651 1172 853 1272 quod
879 1188 1127 1272 turpe,
1154 1172 1658 1260 inhonestum,
1697 1172 2158 1263 indecorum,
2197 1200 2501 1274 pravum
2527 1232 2547 1266 ‚
2583 1180 2781 1279 flagi-

651 1287 957 1371 tiosum,
995 1281 1309 1372 foedum,
1343 1298 1428 1355 ut
1463 1282 1607 1355 hoc
1647 1308 1948 1382 quoque
1983 1283 2318 1384 pluribus
2353 1288 2781 1361 nominibus

650 1395 930 1491 insigne
973 1384 1360 1465 faciamus⁸
1388 1448 1408 1480 ,
1458 1392 1641 1491 quid
1684 1408 2029 1493 praeterea
2075 1393 2268 1466 dices
2298 1419 2454 1466 esse
2496 1394 2782 1493 fugien-

646 1504 873 1577 dum?
907 1509 1071 1579 Non
1122 1508 1524 1603 ignoranti,
1590 1507 1872 1603 inquit,
1923 1502 2094 1593 tibi,
2143 1503 2321 1602 quid
2362 1507 2500 1576 sim
2546 1507 2776 1579 dictu·

647 1638 771 1686 rus
792 1668 812 1701 ,
856 1613 985 1686 sed
1021 1613 1291 1711 aliquid
1312 1667 1332 1700 ,
1364 1628 1447 1686 ut
1496 1639 1633 1712 ego
1687 1615 2056 1713 suspicor,
2102 1638 2189 1685 ex
2234 1638 2395 1686 mea
2429 1614 2637 1689 brevi
2669 1641 2781 1688 re-

649 1725 1040 1822 sponsione
1116 1724 1432 1820 arripere
1507 1725 1871 1821 cupienti,
1936 1748 2086 1795 non
2155 1724 2620 1822 respondebo
2686 1724 2780 1797 ad

652 1834 967 1932 singula:
996 1830 1374 1931 explicabo
1402 1835 1646 1928 potius
1666 1885 1686 1918 ,
1722 1835 2069 1929 quoniam
2101 1835 2309 1906 otiosi
2333 1858 2613 1924 sumuS,
2640 1835 2780 1907 nisi

651 1944 969 2015 alienum
1011 1956 1224 2040 putas
1242 1950 1300 2029 9,
1334 1954 1560 2012 totam
1593 1941 1909 2014 Zenonis
1940 1942 2474 2040 stoicorumque
2502 1956 2785 2016 senten-

656 2056 848 2126 tiam.
903 2053 1203 2123 Minime
1252 2049 1331 2122 id
1395 2048 1692 2148 quidem
1714 2105 1734 2140 ‚
1790 2053 2085 2149 inquam
2110 2105 2130 2141 ,
2189 2052 2549 2143 alienum;
2595 2054 2781 2127 mul-

654 2179 960 2258 tumque
1011 2161 1104 2233 ad
1159 2186 1276 2247 ea,
1331 2186 1492 2258 quae
1542 2165 1967 2261 quaerimuS,
2027 2163 2409 2263 explicatio
2471 2180 2596 2236 tua
2652 2169 2783 2236 ista

555 2306 617 2360 ,5
657 2269 1063 2372 profecerit.
1112 2274 1588 2370 Experiamur
1621 2273 1862 2379 igitur,
1893 2274 2163 2372 inquit,
2205 2277 2336 2346 etsi
2377 2274 2601 2348 habet
2637 2275 2784 2346 haec

654 2384 1057 2462 stoicorum,
1073 2383 1255 2453 ratio
1282 2380 1645 2454 difficilius
1678 2381 2024 2479 quiddam
2053 2397 2124 2454 et
2159 2383 2560 2456 obscurius.
2600 2389 2783 2457 Nam

656 2515 884 2589 quum
931 2495 1011 2561 in
1055 2515 1287 2588 graeco
1333 2516 1670 2564 sermone
1704 2492 1856 2564 haec
1911 2494 2066 2590 ipsa
2112 2492 2488 2589 quondam
2531 2519 2778 2566 rerum

658 2601 952 2673 nomina
995 2625 1183 2672 nova
1240 2614 1398 2671 tum
1454 2600 1993 2688 videbanturw,
2031 2623 2192 2697 quae
2231 2624 2430 2671 nunc
2474 2625 2778 2674 consue·

659 2859 880 2910 videtur:
911 2857 964 2906 in
988 2856 1041 2905 id
1065 2856 1299 2905 Catonem
1335 2855 1581 2913 incidere,
1619 2869 1680 2906 ut
1698 2898 1708 2907 ,

658 2942 783 2989 inter
793 2949 1062 2988 πίει-ειη·
1082 2951 1248 2985 omnen
1263 2935 1451 2984 nullum
1468 2951 1570 2982 cue
1586 2935 1679 2983 dis·

1764 2867 1857 2905 cet.
1882 2858 2001 2905 Haec
2018 2871 2215 2921 qnoque
2240 2854 2390 2904 verba
2410 2856 2684 2923 parenthesi
2707 2858 2784 2906 iu·

1765 2935 2003 2984 cludenda
2032 2937 2243 2985 fuerunt.
2266 2938 2329 2985 G.

658 3021 839 3069 crimen
853 3014 1116 3067 contendat
1128 3048 1145 3075 ‚
1168 3013 1399 3080 nullaque
1418 3013 1679 3063 aelectione

660 3110 854 3165 utatur:
884 3114 994 3162 qua
1026 3106 1100 3144 est
1134 3093 1403 3160 Pyrrhonis
1433 3092 1677 3143 doctrina.

733 3196 782 3242 7.
819 3179 1110 3226 Honestum.
1126 3183 1384 3235 umectam,
1402 3171 1680 3237 laudabile,

658 3259 911 3307 decorum.
951 3255 1057 3302 Hac
1102 3267 1277 3300 vocum
1310 3253 1536 3300 varietate
1560 3250 1678 3299 item

661 3336 805 3401 graeci
826 3332 978 3383 Stoici
994 3329 1049 3381 τὸ
1076 3328 1221 3379 καλὸν
1242 3339 1440 3389 notant,
1456 3327 1512 3379 τὸ
1533 3327 1677 3397 ὀρθὸν,

661 3410 923 3471 ἐπαινετὸν,
940 3409 1120 3479 πρέπον
1132 3408 1460 3473 appellantes3
1476 3421 1533 3458 ut
1549 3408 1679 3458 idem

661 3494 713 3540 in
740 3486 982 3555 proximis
1008 3488 1070 3537 de
1090 3488 1220 3535 malo
1239 3488 1382 3536 valet.
1404 3490 1473 3537 G.

733 3570 782 3618 8.
822 3570 897 3615 Ue.
928 3602 941 3617 .
974 3600 987 3613 .
1003 3563 1276 3629 faciamus.
1296 3569 1415 3615 Haec
1432 3567 1566 3614 Goer.
1592 3580 1682 3629 pa-

663 3646 874 3697 mathesi
888 3642 1113 3692 includit.

731 3740 789 3788 9.
850 3721 960 3770 Nisi
1005 3720 1220 3769 alienum
1262 3731 1437 3785 putas.
1502 3720 1682 3770 Scriba

662 3802 971 3854 multifariam
1005 3799 1111 3848 hoec
1153 3810 1368 3859 tentant,
1406 3814 1537 3858 non,
1577 3815 1641 3848 ne
1662 3832 1681 3861 ,

659 3883 903 3939 alienam,
929 3878 1231 3928 exhibentes.
1258 3877 1470 3942 Vulgata
1494 3878 1683 3927 verissi-

660 3980 736 4014 ma
754 3971 854 4024 σοις
878 3959 973 4009 nisi
989 3957 1108 4007 olim
1133 3956 1187 4004 ni
1210 3958 1442 4021 scripum
1464 3973 1567 4006 esse
1584 3972 1677 4021 pu-

656 4044 809 4101 tabin
836 4054 981 4105 quam
1023 4045 1258 4085 curuum
1283 4036 1487 4084 formam
1512 4034 1677 4084 multis

649 4122 812 4179 modis
846 4119 900 4168 in
928 4115 1084 4166 codd.
1110 4125 1390 4180 coi-mptum
1417 4113 1581 4163 videre
1608 4113 1674 4163 li·

1842 3029 1922 3064 10.
1962 3017 2084 3063 Haec
2108 3010 2217 3079 ipsa
2242 3014 2491 3080 quondam
2515 3030 2670 3063 renam
2690 3030 2783 3062 no-

1768 3092 1908 3141 mina
1955 3110 2080 3142 nova
2116 3104 2216 3141 tum
2242 3092 2552 3143 addebantur.
2578 3094 2787 3142 Goercnz

1766 3170 1936 3218 scribit
1973 3186 2206 3218 nomam
2232 3187 2332 3219 non
2362 3169 2470 3218 vid.
2501 3171 2681 3230 Facile,
2709 3170 2788 3219 in·

1766 3248 1904 3314 quit,
1936 3251 2049 3298 W.
2077 3251 2188 3298 DD.
2208 3249 2341 3299 hunc
2362 3250 2526 3301 locum
2560 3252 2785 3320 expedis·

1766 3337 1898 3387 sent,
1937 3327 1979 3375 ni
2011 3326 2074 3376 ad
2112 3329 2361 3379 Ciceronis
2395 3333 2608 3394 regentia
2643 3332 2790 3382 rectis

1727 3452 1744 3463 ,
1764 3404 2112 3470 interponendi
2141 3423 2350 3469 morem,
2384 3418 2432 3455 et
2458 3408 2522 3456 ad
2546 3412 2786 3475 passivam

1769 3483 1906 3532 verbi
1954 3485 2116 3534 viden·
2164 3487 2267 3535 vim
2318 3486 2784 3538 animadvertissent.

1769 3564 1964 3612 Scribas
2002 3565 2055 3613 in
2083 3565 2261 3614 talibus
2297 3583 2500 3633 peccare
2529 3584 2591 3616 ex
2616 3567 2787 3616 ordine

1771 3653 1861 3690 est.
1903 3646 2043 3693 Hanc
2092 3656 2252 3694 autem
2267 3678 2284 3704 ,
2340 3662 2487 3709 quam
2532 3645 2754 3696 dedimus
2772 3683 2790 3707 ,

1768 3719 2028 3771 lectionem
2053 3734 2249 3772 κι-νιιιι
2277 3723 2420 3789 plene
2456 3723 2627 3774 Ριῑιιι.
2658 3727 2789 3790 spir.

1769 3799 1902 3849 Gud.
1946 3817 1992 3861 ι,
2033 3800 2144 3850 Bu.
2171 3800 2235 3850 V.
2269 3818 2318 3864 χ.
2362 3797 2413 3865 ψ.
2461 3801 2575 3850 Plus
2600 3803 2792 3853 abludit

1768 3878 1869 3927 Erl.
1917 3891 2158 3928 novarum
2204 3895 2338 3936 non,
2382 3878 2563 3928 omisso
2615 3898 2795 3933 rer-um.

1765 3956 1895 4007 Gnd.
1917 3974 1971 4020 a,
1990 3957 2586 4023 novanturnon.Vulgata
2598 3960 2660 4010 ab
2676 3962 2798 4010 Em.

1764 4035 1962 4087 exhibet
1989 4052 2117 4084 nocta
2141 4047 2241 4082 mm
2262 4034 2580 4097 videbantur,
2609 4051 2666 4089 nt
2692 4041 2798 4090 edi-

1764 4116 1803 4163 ιί
1830 4124 1947 4165 vett.
1975 4114 2073 4169 sm
2096 4112 2339 4178 probent.
2372 4117 2469 4167 Sed
2502 4131 2632 4180 mm,
2665 4135 2798 4185 pm-
