3217 4784
652 365 783 437 160

1343 354 1442 419 M.
1494 352 1571 417 Τ.
1627 349 2117 417 CICERONIS

641 489 835 560 illam
891 481 1075 555 nihil
1133 472 1496 559 dolentis>
1544 472 1621 540 in
1675 465 2159 561 stabilitate),
2208 464 2444 563 quid⁹
2515 465 2783 553 tendit,

642 621 871 696 quum
903 592 1185 665 efficere
1219 609 1367 655 non
1400 581 1666 679 possit,
1708 593 1787 650 ut
1817 579 2156 674 cuiquam
2180 631 2199 663 ‚
2228 578 2359 673 qui
2388 578 2540 674 ipse
2567 590 2787 647 notus

642 709 780 783 sibi
820 708 942 791 sit,
984 702 1128 771 hoc
1174 708 1317 782 est,
1354 694 1483 789 qui
1524 714 1730 762 suam
1763 702 2094 759 naturam
2132 709 2574 781 sensumque
2617 708 2787 782 per-

646 804 992 918 spexerit,
1043 807 1361 880 vacuitas
1405 803 1721 887 doloris,

1767 813 1839 871 et
1888 798 2222 894 voluptas
2258 795 2449 867 idem
2493 819 2646 866 esse
2682 794 2786 864 vi·

647 923 948 999 deatur?
1011 924 1168 990 Hoc
1228 930 1335 987 est
1393 914 1537 982 vim
1600 909 1899 999 afferre,
1957 913 2352 1005 Torquate,
2412 903 2787 977 sensibus:

651 1050 1087 1131 extorquere
1134 1053 1224 1099 ex
1259 1025 1518 1097 animis
1561 1022 2015 1119 cognitiones
2051 1017 2446 1089 verborum
2468 1069 2488 1104 ‚
2521 1012 2790 1112 quibus

650 1143 914 1217 imbuti
945 1163 1216 1212 sumus.
1259 1136 1442 1225 Quis
1489 1132 1684 1204 enim
1722 1144 1864 1219 est,
1902 1131 2035 1227 qui
2073 1152 2223 1199 non
2262 1126 2502 1197 videat
2527 1136 2588 1170 ¹⁰
2641 1124 2791 1194 haec

654 1279 808 1328 esse
844 1255 921 1324 in
950 1265 1206 1321 natura
1236 1268 1480 1316 rerum
1522 1241 1703 1313 tria?
1749 1265 2015 1327 unum,
2045 1264 2273 1336 quum
2308 1239 2383 1307 in
2421 1235 2792 1334 voluptate

657 1387 937 1451 sumus;
968 1359 1272 1432 alterum
1304 1377 1533 1453 quum
1566 1352 1643 1422 in
1672 1350 1925 1423 dolore
1937 1376 1958 1440 3
1995 1351 2290 1420 tertium
2319 1346 2497 1435 hoc,
2526 1348 2603 1415 in
2642 1367 2793 1441 quo

658 1589 785 1638 Nam
819 1581 1191 1650 adjungendam
1233 1594 1336 1627 non
1373 1572 1684 1626 referendum

657 1669 860 1716 omnino
879 1666 942 1714 ad
958 1660 1257 1713 vacuitatem
1276 1657 1454 1706 doloris
1474 1668 1545 1706 est
1561 1691 1578 1718 ,
1595 1655 1684 1704 sed

657 1746 722 1797 sd
741 1762 870 1806 eam,
899 1760 1043 1809 quam
1064 1743 1398 1803 Hieronymus
1416 1735 1681 1793 statuebnt;

659 1829 731 1875 sic
751 1826 913 1873 minus
938 1822 1084 1871 etism
1104 1817 1229 1866 illud
1256 1816 1492 1864 offendet.
1521 1816 1686 1878 Atque

662 1907 705 1953 si
730 1904 808 1953 vel
828 1900 996 1952 Rathii
1022 1897 1249 1962 amplecti
1270 1896 1508 1943 rationem
1530 1893 1650 1942 velis
1669 1926 1686 1952 ,

661 1984 783 2049 quid
826 1979 960 2029 alind
1002 1976 1295 2035 lucraberis,
1339 1989 1485 2037 quam
1524 1983 1580 2020 ut
1617 1974 1688 2019 sie

662 2078 782 2127 vogn
810 2059 1018 2109 evadant
1043 2056 1205 2103 omnin
1220 2055 1243 2100 P
1267 2053 1394 2100 Tum
1422 2052 1552 2099 enim
1577 2068 1688 2099 ver-

664 2142 726 2190 ba
742 2176 757 2200 ‚
774 2161 796 2183 ι
809 2139 883 2187 sin
910 2146 1071 2184 sutem
1091 2132 1393 2195 voluptatem
1413 2147 1538 2187 eam,
1565 2139 1687 2177 ete.-

667 2218 896 2285 opposita
923 2225 1066 2262 erunt
1092 2210 1385 2275 Hieronymi
1408 2206 1495 2256 fini
1532 2207 1692 2256 bono-

667 2315 797 2353 rum,
821 2293 956 2359 quod
976 2309 1086 2339 enm
1103 2306 1238 2354 seqq.
1267 2290 1390 2337 male
1416 2290 1691 2347 conveniet,

670 2391 779 2441 quae
808 2374 860 2421 in
890 2371 995 2419 istis
1036 2371 1173 2418 hunc
1212 2384 1407 2417 sensum
1443 2366 1692 2431 flagitant,

668 2470 727 2505 ut
768 2453 1010 2517 Epicurus
1054 2449 1346 2497 vacuitatem
1395 2447 1581 2495 doloris
1623 2449 1692 2494 ita

670 2550 782 2583 cum
801 2532 1077 2595 voluptate,
1098 2543 1208 2592 quae
1234 2527 1297 2574 sit
1324 2527 1375 2573 in
1398 2536 1564 2588 motu,
1583 2527 1696 2586 iun-

669 2614 798 2661 xisse
843 2610 1063 2665 dicatur,
1095 2617 1152 2653 ut
1194 2612 1450 2668 utramque
1477 2605 1694 2652 eumdem

672 2698 921 2741 stztueret.
965 2689 1026 2735 G.
1044 2710 1114 2720 —
1131 2683 1211 2731 Sic
1232 2684 1359 2730 enim
1387 2682 1606 2747 appellat
1638 2681 1690 2730 h.

675 2771 730 2821 d.
757 2767 807 2816 in
843 2776 996 2813 motu.
1026 2761 1192 2809 stis,
1219 2771 1383 2807 censet
1418 2760 1467 2806 in
1495 2770 1628 2806 motu
1667 2773 1695 2805 ι

677 2846 891 2900 librariis
928 2854 1106 2890 temere
1133 2855 1235 2887 esse
1260 2839 1538 2902 repetitum.
1568 2838 1696 2887 J.v.

675 2934 919 2979 Lucumo.
939 2950 1012 2962 --
1031 2920 1282 2987 Appellat.
1325 2918 1586 2965 Deeurtste
1600 2953 1615 2976 ‚
1642 2928 1698 2966 ut

678 3010 881 3060 omnino
924 3002 1071 3053 verba
1099 2998 1328 3055 dicendi,
1352 2997 1552 3061 ponitur
1568 3032 1582 3056 ‚
1603 3013 1699 3061 pro

677 3111 704 3132 α
723 3089 883 3147 hane,
920 3098 1064 3147 quam
1089 3079 1283 3127 dulcem
1313 3076 1457 3137 dicit,
1480 3076 1534 3123 in
1560 3087 1698 3123 motu

678 3185 781 3216 esse
807 3163 1020 3230 appellat
1032 3183 1075 3208 a.
1100 3159 1175 3208 cf.
1200 3161 1344 3220 Legg.
1370 3159 1417 3212 1,
1446 3156 1502 3214 8,
1532 3162 1616 3211 24.
1636 3156 1699 3204 G.

750 3262 798 3309 9.
849 3241 981 3306 Quid
1018 3238 1185 3286 tendit.
1227 3240 1271 3285 1.
1295 3253 1340 3284 e.
1369 3230 1498 3283 κατὰ
1525 3231 1572 3283 τί
1605 3230 1700 3282 τεί-

678 3321 1015 3377 vstzsimiliter
1052 3317 1173 3364 dicit
1213 3326 1411 3373 metor,
1434 3313 1561 3378 quid
1585 3311 1704 3361 ntei-

681 3414 761 3451 tm·
773 3421 792 3459 ,-
823 3398 887 3447 sd
907 3407 1166 3459 utrumque
1197 3394 1324 3440 enim
1344 3393 1537 3441 ratione
1554 3426 1569 3451 ,
1592 3392 1704 3440 auti-

682 3498 761 3530 mo
779 3517 792 3541 ,
818 3487 914 3526 etc.
947 3472 1261 3537 cogitandum
1295 3481 1394 3529 est,
1418 3473 1486 3521 cf.
1505 3470 1701 3519 Acadd.

682 3564 757 3618 11,
788 3573 877 3617 οι,
917 3555 983 3602 68
1006 3586 1022 3611 ,
1047 3551 1179 3599 mins
1218 3549 1356 3597 verbi
1388 3549 1705 3597 similitudine

681 3640 745 3689 ab
768 3653 910 3698 arcu,
941 3633 1088 3694 hujus
1105 3665 1120 3690 ‚
1138 3647 1165 3678 a
1186 3630 1357 3693 quavis
1383 3630 1560 3677 virium
1588 3644 1706 3676 eon-

685 3717 928 3771 tentione‚
974 3712 1195 3774 repetita.
1238 3708 1553 3771 Frequentius
1589 3708 1702 3770 qui-

686 3799 793 3846 dem
821 3804 891 3842 est
910 3825 925 3846 ‚
950 3806 1056 3859 ‘quo
1077 3788 1254 3845 tendit,
1284 3787 1365 3835 vel
1379 3823 1394 3845 ‚
1416 3784 1540 3851 qnid
1551 3786 1705 3833 inten-

685 3876 758 3924 dte
774 3893 793 3922 .·
813 3872 899 3921 sed
938 3862 1053 3917 inde
1089 3882 1181 3915 nec
1225 3864 1332 3912 aliis
1371 3867 1450 3927 jus
1476 3875 1575 3912 erat
1596 3899 1611 3923 ‚
1649 3875 1706 3913 ut

685 3956 824 4003 aliter
862 3950 1191 4011 conjicerent3
1228 3940 1280 3993 in
1315 3944 1392 3993 his
1426 3944 1552 3991 enim
1583 3944 1705 3991 seri-

687 4049 803 4103 ptor
821 4070 837 4094 ‚
865 4027 1021 4098 qualis
1047 4030 1219 4077 Cicero
1246 4036 1346 4085 est,
1369 4023 1532 4072 multis
1549 4021 1710 4070 modis

688 4117 869 4164 variare
907 4111 1046 4160 solet.
1070 4108 1221 4157 Rath.
1260 4106 1336 4153 bis
1360 4120 1437 4151 vv.
1464 4102 1539 4149 aa
1572 4101 1709 4150 illam

1769 1573 1939 1623 adsuta
1967 1571 2143 1636 cupit3
2172 1586 2281 1635 que
2325 1584 2420 1616 nos
2445 1577 2576 1616 certe
2603 1564 2795 1613 auctori

1769 1669 1873 1703 non
1899 1651 2264 1701 vindicarimus.
2290 1649 2465 1697 Totius
2481 1647 2582 1695 loci
2608 1654 2797 1692 senten-

1773 1733 1838 1781 tia
1865 1732 1971 1780 haec
1994 1740 2068 1778 est
2091 1744 2105 1779 τ
2132 1729 2294 1777 «Num
2323 1728 2364 1776 si
2405 1741 2517 1774 enm
2542 1726 2796 1787 Hierony-

1772 1828 1854 1860 mo
1886 1811 2063 1870 sentin
2084 1807 2232 1856 finem
2267 1806 2510 1855 bonorum
2552 1804 2602 1851 in
2623 1800 2798 1866 ἀπονίᾳ

1772 1905 1999 1956 ponens3
2030 1904 2120 1936 cur
2143 1886 2309 1952 potius
2347 1884 2643 1950 voluptatem
2671 1883 2798 1930 hanc

1775 1969 1921 2027 dicit,
1950 1982 2119 2031 quam,
2158 1977 2214 2014 ut
2238 1966 2603 2030 Hieronymus,
2631 1962 2798 2009 vacui·

1776 2059 1923 2096 tatem
1956 2046 2168 2105 doloris,
2208 2046 2323 2109 qui,
2361 2040 2484 2108 quid
2510 2042 2668 2101 dicat,
2708 2041 2802 2089 sibi

1775 2126 1922 2192 plene
1962 2125 2193 2173 conscius
2239 2134 2311 2172 est
2332 2124 2358 2170 P
2394 2124 2578 2172 Contra
2605 2136 2725 2169 vero
2760 2120 2802 2167 si

1778 2205 2070 2270 Hieronymi
2095 2203 2183 2251 fini
2214 2205 2515 2268 voluptatem
2534 2235 2550 2259 ‚
2579 2216 2722 2264 quum
2750 2200 2802 2246 in

1778 2298 1918 2335 motu
1941 2284 2083 2343 dicit,
2102 2283 2241 2332 addit
2252 2315 2377 2332 .....
2410 2281 2533 2346 quid
2555 2278 2804 2327 intendit?

1779 2380 1897 2414 num
1920 2364 2173 2428 cuiqnam,
2199 2363 2283 2427 qni
2307 2378 2359 2409 se
2385 2360 2492 2424 ipse
2510 2360 2674 2417 norit,
2696 2372 2806 2422 per·

1779 2445 2002 2493 suadebit
2032 2443 2322 2491 vacuitatem
2358 2440 2545 2488 doloris
2571 2452 2683 2489 eum
2718 2453 2805 2485 vo·

1778 2523 1966 2588 luptate
1988 2537 2139 2568 unum
2161 2520 2386 2582 idemque
2403 2534 2535 2577 esse,
2562 2527 2617 2565 ut
2631 2517 2806 2564 dooere

1782 2604 1956 2650 nititur
1972 2602 1995 2647 ?
2018 2621 2043 2641 ιο
2065 2600 2131 2649 G.
2160 2625 2219 2636 —
2251 2596 2496 2646 Sensibus.
2523 2597 2624 2660 Qui
2651 2594 2805 2643 scilic.

1782 2681 1992 2728 clamant
2028 2690 2266 2743 quantum
2311 2677 2500 2725 intersit
2534 2677 2663 2724 inter
2703 2689 2806 2722 non

1784 2759 1953 2808 dolere
1978 2771 2026 2807 et
2049 2757 2304 2823 voluptnte
2327 2758 2440 2806 frui.

1864 2855 1940 2886 io.
1976 2837 2094 2901 Qm's
2115 2838 2241 2885 enim
2265 2848 2365 2895 ese,
2398 2835 2487 2901 qm'
2508 2850 2605 2884 non
2634 2833 2811 2881 videat

1785 2916 1906 2966 hoec.
1927 2919 2157 2965 Goerens.
2189 2916 2269 2964 dat
2294 2912 2398 2980 qm's
2433 2928 2506 2964 est
2532 2914 2674 2962 enim.
2703 2915 2774 2960 Its
2791 2947 2807 2970 ,

1785 2997 1969 3061 inquit,
1996 3014 2057 3044 ex
2078 2997 2222 3045 trinis
2242 2997 2420 3045 nostris
2439 2996 2637 3059 optimis
2652 3029 2667 3054 ‚
2695 3007 2810 3040 eon·

1786 3078 1933 3124 textis
1957 3076 2076 3140 ipsis
2098 3075 2436 3141 poscentibus,
2478 3071 2624 3121 scribi
2658 3070 2808 3132 jussi-

1785 3172 1894 3204 mus
1911 3192 1924 3215 ,
1948 3156 2144 3221 vulgata
2184 3156 2312 3203 enim
2334 3167 2406 3203 est
2425 3155 2676 3202 referente.
2702 3150 2808 3199 Off.

1789 3238 1865 3294 Π,
1907 3237 1968 3296 5,
2010 3254 2030 3283 1
2057 3250 2071 3285 ε
2100 3237 2261 3299 «Quis
2296 3246 2371 3283 est:
2394 3235 2553 3289 enim,
2587 3231 2668 3279 eui
2706 3245 2808 3279 non
2862 3232 2868 3239 “

1790 3312 2043 3380 perspicua
2064 3315 2163 3363 sint
2183 3314 2264 3361 illa
2280 3334 2322 3362 ι.
2357 3315 2436 3361 Sic
2457 3308 2808 3359 restituendum
2829 3302 2852 3332 ·’
2893 3344 2902 3348 -
2933 3356 2938 3365 ,

1789 3395 1942 3455 infra,
1966 3394 2071 3441 Fin.
2086 3395 2152 3451 V,
2175 3395 2236 3441 31
2255 3427 2269 3451 ‚
2292 3394 2359 3456 93
2375 3427 2389 3451 ,
2410 3391 2555 3455 «quis
2571 3400 2645 3438 est
2665 3390 2810 3445 enim,

1792 3474 1955 3538 qui...
2005 3473 2236 3520 audestn.
2264 3473 2338 3520 De
2362 3470 2461 3518 hoc
2485 3470 2537 3517 in
2576 3480 2810 3516 assevera-

1793 3553 1928 3600 tione
1958 3552 2229 3599 necessario
2268 3549 2432 3615 positu
2456 3547 2573 3595 alibi
2598 3549 2811 3611 egimus:

1792 3633 1896 3693 ejus
1913 3641 2072 3678 autem
2091 3640 2191 3678 tum
2212 3629 2469 3677 necessitas
2490 3627 2727 3676 continuo
2740 3626 2813 3672 in-

1792 3709 2048 3772 telligitur,
2077 3709 2143 3763 si,
2183 3708 2560 3771 interrogstione
2594 3704 2813 3765 sublata,

1790 3786 2103 3836 scribendum
2128 3785 2305 3832 videris
2321 3819 2335 3844 ,
2358 3801 2536 3832 «nemo
2554 3786 2684 3832 enim
2702 3800 2814 3833 sune

1791 3879 1925 3916 estn.
1962 3864 2210 3915 Omittunt
2248 3863 2381 3912 Gud.
2409 3880 2437 3910 α
2471 3874 2519 3911 et
2554 3865 2666 3913 Bos.
2695 3861 2816 3914 lta-e.

1793 3947 1873 3995 Sic
1894 3945 2079 3992 seilicet
2090 3943 2265 3992 scriboe
2282 3942 2508 4001 solent‚si
2529 3958 2813 4007 pronomen,

1795 4026 1856 4073 ab
1892 4022 2130 4072 enuntiati
2168 4022 2329 4070 fronte
2359 4023 2571 4087 positum
2587 4058 2600 4079 ‚
2645 4022 2708 4070 sd
2745 4036 2819 4070 se-

1798 4103 1994 4166 quentis
2031 4101 2340 4149 referendum
2366 4112 2459 4151 est.
