3217 4784
742 401 864 470 DE
910 400 1079 470 FIN.
1132 398 1338 470 BON.
1394 403 1505 470 ET
1552 402 1766 470 MAL.
1823 400 1919 484 11,
1959 397 2074 470 23.

2340 398 2479 469 253

343 526 464 597 cui
514 523 677 595 addi
735 523 918 595 nihil
954 525 1213 622 possin
1254 547 1411 594 eam
1459 539 1620 595 tum
1671 522 1950 610 adesse,
1994 546 2225 619 quum
2267 521 2481 594 dolor

347 636 582 704 omnis
620 632 832 720 absit,
870 656 1177 731 eamque
1218 632 1550 704 stabilem
1593 632 1932 731 appellas,
1989 636 2095 703 Sit
2130 657 2302 705 sane
2348 636 2480 705 ista
2517 643 2587 711 76

350 744 695 843 voluptas,
736 746 873 816 Dic
920 745 994 814 in
1048 744 1305 841 quovis
1348 758 1755 827 conventu,
1804 757 1874 814 te
1922 745 2166 816 omnia
2208 741 2481 828 facere,

349 881 442 926 ne
468 855 733 927 doleas.
770 856 842 925 Si
871 878 964 925 ne
991 853 1135 924 hoc
1164 850 1457 949 quidem
1482 857 1652 924 satis
1677 853 1949 950 ample,
1987 855 2154 925 satis
2179 854 2482 926 honeste

350 965 493 1038 dici
529 981 771 1064 putas;
821 964 938 1034 dic
978 977 1048 1034 te
1096 965 1341 1033 omnia
1384 977 1454 1033 et
1492 966 1566 1032 in
1609 966 1750 1033 isto
1796 963 2247 1060 magistratu,
2286 979 2359 1037 et
2404 966 2480 1034 in

351 1082 552 1146 omni
607 1079 784 1160 vita,
840 1073 1165 1143 utilitatis
1219 1087 1361 1144 tuae
1409 1097 1620 1144 causa
1673 1070 2065 1161 facturum,
2118 1072 2300 1145 nihil
2348 1079 2484 1147 nisi

354 1185 554 1283 quod
593 1183 954 1282 expediat,
1004 1182 1185 1253 nihil
1241 1182 1558 1281 denique
1605 1184 1743 1254 nisi
1791 1198 1918 1254 tua
1965 1208 2220 1254 causa:
2266 1211 2486 1283 quem

353 1297 745 1366 clamorem
773 1294 1178 1382 concionis,
1212 1308 1334 1364 aut
1369 1318 1588 1393 quam
1623 1318 1823 1391 spem
1854 1293 2270 1365 consulatus
2296 1296 2492 1390 eju3‚

355 1407 487 1504 qui
523 1404 656 1476 tibi
684 1405 1177 1503 paratissimus
1206 1419 1346 1493 est,
1380 1403 1701 1476 futuram
1740 1395 2034 1501 putes⁸l
2078 1405 2349 1476 Eamne
2379 1431 2491 1476 ra-

358 1519 630 1587 tionem
669 1541 974 1613 sequare
993 1526 1051 1604 9,
1084 1541 1230 1613 qua
1257 1531 1493 1586 tecum
1531 1517 1726 1612 ipse,
1767 1528 1842 1584 et
1875 1536 2041 1583 cum
2074 1516 2218 1584 tuis
2248 1528 2491 1598 utare,

359 1627 683 1725 profiteri
724 1642 1000 1709 autem,
1049 1640 1120 1695 et
1161 1627 1236 1693 in
1282 1624 1600 1694 medium
1632 1620 1959 1721 proferre
1995 1645 2146 1691 non
2184 1620 2495 1693 audeas?

360 1747 447 1810 At
473 1764 644 1809 vero
675 1737 794 1809 illa
812 1790 832 1825 ,
860 1760 1023 1833 quae
1050 1734 1540 1831 peripatetici,
1580 1757 1743 1830 quae
1771 1732 1976 1804 stoici
2004 1729 2286 1819 dicunt,
2313 1757 2494 1802 sem-

355 1871 487 1945 per
538 1846 669 1918 tibi
710 1848 786 1916 in
826 1870 954 1916 ore
1002 1857 1193 1914 sunt.
1241 1848 1327 1914 Iu
1368 1842 1694 1939 judiciis,
1738 1844 1812 1914 in
1863 1856 2117 1914 senatu
2145 1852 2232 1926 ¹⁰,
2275 1840 2494 1913 «offi-

363 2009 410 2054 in
454 2024 557 2055 non
611 2007 827 2056 dolendo
847 2041 862 2065 ‚
919 2021 1121 2068 eamque
1166 2006 1384 2055 omnium

360 2087 616 2133 maximam
634 2087 845 2153 ,-ponis,
877 2084 1196 2147 stabilemque
1222 2084 1388 2150 appel-

362 2166 458 2225 las,
503 2182 612 2228 quae
641 2164 962 2228 a·voluptate
986 2163 1069 2211 illa
1095 2197 1111 2223 ‚
1153 2179 1298 2227 quam
1335 2165 1386 2212 in

360 2257 497 2293 motu
514 2245 661 2301 dicis,
678 2244 891 2291 varietur
912 2242 1076 2306 aliquo
1090 2243 1241 2289 modo
1256 2264 1299 2289 ιι.
1322 2245 1385 2291 G.

361 2352 431 2364 --
466 2324 625 2373 Nobis
651 2339 818 2372 seusus
858 2338 960 2370 esse
998 2320 1220 2368 videtur:
1241 2320 1388 2369 Nunc

360 2405 661 2468 voluptatem
688 2419 833 2451 vocas
868 2418 996 2461 eam,
1016 2418 1127 2464 quae
1141 2398 1389 2460 jucundus

361 2495 525 2532 motus
545 2484 688 2531 estin
705 2498 847 2530 seusu
863 2517 879 2542 ‚
901 2491 950 2529 et
971 2496 1080 2545 quae
1104 2478 1277 2527 variari
1296 2494 1389 2543 po-

361 2576 473 2623 test,
488 2565 602 2628 quia
620 2578 689 2611 sc,
708 2579 769 2610 ex
795 2560 996 2609 diversis
1022 2560 1179 2609 causis
1198 2559 1386 2607 oritur:

361 2658 493 2691 nunc
531 2642 837 2706 voluptatem
866 2656 1016 2689 vocas
1040 2675 1054 2699 ,
1091 2638 1233 2687 aliam
1278 2654 1388 2702 quae

360 2738 464 2769 uon
484 2721 696 2769 variatur
713 2756 729 2781 ,
765 2720 878 2783 quia
902 2736 1006 2767 non
1038 2718 1196 2766 causis
1223 2728 1386 2765 exter-

364 2802 440 2847 nis
475 2800 664 2863 indiget
683 2833 695 2856 ,
737 2812 883 2861 quam
930 2798 1128 2861 quidem
1167 2796 1387 2844 stabilem

363 2879 638 2944 appellatis,
666 2888 715 2925 et
738 2892 848 2939 quae
865 2876 1002 2923 adest
1016 2911 1030 2935 ‚
1051 2890 1202 2939 quum
1231 2875 1390 2923 omnis

364 2957 512 3005 dolor
531 2957 676 3005 absit.

435 3039 489 3084 8.
528 3039 670 3083 Putes
689 3038 710 3081 !
754 3033 887 3081 Alias
919 3032 1010 3080 hac
1050 3032 1102 3078 in
1142 3042 1385 3082 struotura

356 3128 508 3180 putas
561 3116 660 3164 dici
694 3114 818 3162 solet
845 3149 860 3174 ,
909 3123 963 3159 ut
1008 3112 1185 3159 habere
1220 3114 1327 3160 Bas.
1361 3131 1389 3162 a

367 3206 642 3245 correctore
704 3202 919 3241 notatur.
969 3189 1177 3253 Vulgata
1229 3201 1390 3239 tamen

367 3271 521 3337 proba
571 3283 671 3327 est,
721 3281 771 3318 et
806 3267 1031 3333 optativo
1073 3283 1217 3314 sensu
1262 3268 1388 3315 acci·

366 3351 564 3416 pienda.
586 3353 652 3399 G.

437 3446 488 3493 9.
509 3432 702 3478 Eamne
726 3427 964 3476 rationem
1000 3439 1220 3489 sequare.
1252 3426 1389 3475 Goer.

364 3510 515 3559 scrib.
544 3523 719 3556 eamne
753 3518 852 3556 me.
880 3505 1033 3570 r'gae'eur
1064 3520 1167 3567 seq.
1190 3507 1289 3564 Ita,
1315 3506 1393 3553 in-

369 3590 477 3653 quit
491 3625 508 3652 ‚
545 3589 646 3637 131-1.
678 3597 729 3635 et
762 3586 891 3651 Spir.
912 3595 968 3632 ut
990 3584 1197 3647 questio
1215 3586 1276 3633 sit
1291 3619 1306 3643 ‚
1328 3600 1391 3633 au

368 3688 479 3719 vere
501 3670 604 3719 Pal.
639 3685 660 3718 1
683 3683 885 3734 sequere
902 3667 1079 3714 offerat
1098 3703 1113 3727 ,
1138 3667 1276 3732 quod
1294 3667 1390 3714 Da·

370 3752 518 3799 visius
543 3751 742 3816 recepit.
781 3748 950 3796 Male:
987 3763 1099 3794 nam
1129 3756 1230 3794 tum
1268 3746 1391 3793 scri·

369 3830 583 3878 bendum
611 3831 753 3877 etiam
777 3826 978 3874 audebis
998 3825 1156 3873 fuerit.
1178 3827 1392 3889 Sequente

371 3919 443 3956 est
461 3907 591 3956 ἕποιο
610 3907 685 3957 ἄν.
706 3909 861 3956 Brem.
884 3905 1062 3954 deinde
1079 3904 1247 3971 igitur,
1256 3903 1393 3968 quod

373 4004 400 4034 a
419 3988 624 4050 nug-us
647 3987 810 4047 abest,
850 3985 1082 4049 quodque
1104 3985 1202 4045 iam
1224 3984 1391 4033 Davis.

373 4068 489 4113 loco
542 4067 715 4115 eodem
757 4066 1018 4115 nobiscum
1066 4074 1346 4128 reposuerat
1380 4096 1395 4120 ,

374 4156 490 4209 post
506 4161 676 4193 eamne
694 4144 933 4194 transtulit
952 4144 1156 4193 Eliensis
1178 4161 1206 4192 a
1226 4180 1240 4203 ,
1273 4144 1330 4193 E.
1350 4152 1397 4190 et

1469 2003 1510 2065 ξ.
1540 2007 1867 2057 auctoritate:
1905 2004 1990 2054 sed
2023 2003 2156 2054 nulla
2194 2017 2494 2057 nostrorum.

1470 2087 1607 2151 Quid
1632 2099 1792 2136 autem
1816 2087 1993 2135 mirum
2011 2121 2025 2145 ,
2064 2086 2103 2133 si
2130 2085 2302 2134 scribae
2322 2086 2496 2133 verbo-

1470 2182 1576 2215 rum
1597 2166 1969 2215 collocationem
1983 2165 2046 2212 ad
2063 2166 2279 2230 ipsorum
2299 2177 2496 2232 captum

1472 2257 1664 2295 mutant
1686 2248 1710 2293 Ρ
1760 2248 1898 2310 Saepe
1964 2244 2113 2310 igitur
2154 2244 2300 2294 altius
2351 2261 2496 2311 repo·

1472 2327 1636 2382 nitur;
1677 2325 1791 2372 vide
1837 2340 1930 2372 uos
1979 2322 2044 2370 ad
2085 2324 2275 2373 Acadd.
2313 2327 2385 2383 11,
2431 2327 2459 2373 8
2483 2361 2498 2382 ,

1476 2406 1538 2453 23
1561 2438 1575 2462 ‚
1621 2403 1705 2451 cll.
1751 2404 1855 2451 Fiu.
1890 2405 1946 2461 1,
2000 2404 2061 2449 18
2083 2437 2098 2459 ‚
2149 2405 2235 2451 61.
2286 2406 2498 2456 Attendae

1473 2483 1685 2546 denique
1703 2480 1765 2529 ad
1793 2481 2245 2545 constructionem3
2285 2494 2333 2530 et
2363 2485 2498 2533 vide-

1476 2563 1549 2611 bis
1570 2572 1819 2610 auctorem
1838 2559 2064 2609 consulto
2091 2561 2162 2607 sic
2179 2560 2325 2609 verba
2346 2563 2499 2611 colio-

1474 2659 1606 2691 casse
1620 2676 1637 2701 ‚
1667 2651 1724 2689 ut
1744 2639 1970 2708 profiteri
1986 2675 2002 2699 ‚
2021 2650 2114 2687 etc.
2135 2639 2199 2687 ad
2218 2657 2392 2689 eamne
2408 2659 2499 2690 ra-

1475 2720 1655 2768 tionem
1722 2717 2030 2767 commodius
2098 2720 2253 2784 aptari
2316 2735 2497 2785 posset.

1475 2800 1833 2848 Inusitatiorem
1858 2809 2017 2846 autem
2036 2799 2202 2850 locum
2215 2799 2341 2848 banc
2356 2802 2500 2848 omit·

1475 2878 1635 2926 tendae
1648 2877 1773 2941 parti
1777 2877 1899 2925 culae
1913 2877 2218 2924 occasionem
2238 2879 2499 2942 praebuisse

1472 2956 1692 3022 putabis,
1734 2972 1880 3020 quam
1920 2958 2062 3003 etiam
2111 2958 2358 3003 Ernestitns
2398 2973 2500 3003 non

1474 3037 1716 3100 agnoscit.
1756 3036 1944 3082 Omissa
1973 3044 2102 3098 part.
2138 3033 2276 3079 locus
2311 3033 2501 3097 langui-

1476 3115 1588 3162 dior
1617 3113 1855 3161 redditur.

1553 3209 1631 3240 10.
1648 3194 1845 3254 Semper
1867 3188 1958 3235 tibi
1976 3187 2027 3235 in
2042 3203 2128 3235 ore
2144 3199 2268 3236 suut.
2299 3190 2360 3236 In
2372 3189 2505 3254 jude*-

1478 3269 1565 3318 ce‘t's
1575 3304 1592 3326 ,
1619 3268 1669 3315 in
1692 3279 1877 3315 senatu.
1894 3268 2047 3314 Recte
2063 3268 2180 3315 Bru.
2197 3279 2312 3316 ante
2329 3267 2500 3333 injud.

1478 3358 1667 3413 puncto
1693 3346 1956 3405 distinxit3
1999 3345 2138 3410 quod
2164 3362 2266 3394 nou
2296 3346 2502 3396 debebat

1478 3430 1642 3477 Brem.
1674 3437 1733 3474 ut
1772 3435 1909 3484 ante,
1955 3425 2007 3472 in
2039 3425 2272 3489 virgulam
2298 3437 2500 3477 mutare.

1478 3505 1628 3555 Plene
1665 3504 1770 3552 haec
1817 3503 1883 3551 ita
1918 3505 2210 3569 expresseris
2248 3518 2262 3552 ε
2310 3526 2333 3549 ιι
2374 3507 2502 3554 etin

1473 3584 1674 3648 judiciis
1711 3594 1759 3631 et
1803 3584 1855 3631 in
1899 3594 2068 3631 senatu
2097 3584 2224 3632 nihil
2259 3585 2502 3649 loqueris,

1476 3665 1570 3733 nisi
1589 3661 1832 3724 officium,
1860 3675 1956 3711 etc.
1974 3685 2001 3706 ιο
2022 3664 2427 3713 Pronuntiatione
2448 3682 2502 3713 ea

1479 3742 1702 3804 adjuvari
1738 3742 1943 3800 debent,
1980 3746 2242 3808 μιμητικῶς
2262 3760 2504 3808 expressa.

1479 3822 1720 3887 Copulam
1751 3832 1910 3869 autem
1945 3837 2006 3869 ne
2026 3820 2268 3870 desideres
2287 3860 2302 3884 ,
2327 3825 2505 3888 sepius

1480 3918 1585 3950 eam
1609 3911 1782 3949 auctor
1808 3900 1878 3948 sio
1901 3900 2031 3948 inter
2056 3900 2381 3961 substantiva,
2419 3901 2506 3950 ad·

1477 3981 1683 4042 jectiva,
1725 3978 1984 4038 adverbia,
2036 3980 2237 4027 omittit.
2280 3983 2505 4030 Ceterum

1484 4071 1740 4125 pretorem
1777 4058 2016 4107 urbanum
2047 4058 2313 4123 cogitabis,
2352 4059 2509 4124 qualis

1487 4151 1589 4188 tum
1634 4150 1735 4187 erat
1775 4138 2078 4201 Torquatus3
2109 4147 2158 4186 et
2191 4154 2271 4198 ea,
2299 4153 2408 4202 quae
2437 4152 2509 4185 se-
