3217 4784
613 403 741 475 132
1284 396 2062 471 ARGUMENTUM.·

682 525 961 605 temporis
985 523 1340 600 voluptatem
1357 563 1375 592 ‚
1406 540 1582 599 quam
1606 520 1759 579 finiti
1784 532 1848 579 et
1872 517 2106 577 modici.
2127 519 2217 577 Ita
2238 516 2382 575 nihil
2404 536 2530 576 esse
2556 517 2733 577 deum

682 624 937 701 Epiouro
963 619 1279 679 aeternitste
1306 617 1656 690 beatiorem,
1677 623 1709 690 ς
1731 616 1940 695 86-89.

762 790 969 862 Neque
1001 780 1319 859 quidquam
1346 799 1495 849 esse,
1515 779 1676 858 quod
1705 779 1952 852 dicatur,
1978 779 2296 857 sapientem
2319 778 2445 858 ipsa
2471 779 2737 858 locuple-

680 884 793 942 tari
815 892 1040 938 natura.
1061 881 1240 937 Recte
1265 876 1326 935 id
1350 876 1586 954 quidem
1608 875 1725 934 dici
1740 918 1758 945 ‚
1786 889 1975 935 tamen
2000 894 2259 955 pugnare
2275 875 2430 934 idem
2453 895 2586 935 cum
2607 876 2739 935 reli-

683 996 801 1055 qua
838 973 1077 1053 Epicuri
1108 973 1364 1044 ratione;
1398 972 1622 1051 quippe
1648 971 1750 1049 qui
1777 991 1850 1030 ex
1874 970 2162 1031 vilissimis
2196 970 2373 1031 rebus
2399 991 2600 1050 parem
2632 991 2741 1030 vo-

686 1075 964 1152 luptatem
990 1070 1219 1150 percipi
1245 1066 1401 1129 dicat
1419 1113 1436 1142 ‚
1472 1082 1648 1147 atque
1674 1089 1749 1127 ex
1781 1069 2225 1147 pretiosissimis.
2255 1072 2383 1128 Hor.
2408 1089 2529 1128 uon
2559 1069 2746 1128 modo·

682 1189 788 1229 eor
817 1187 935 1226 non
960 1164 1241 1246 prodere,
1264 1163 1363 1224 sed
1394 1184 1468 1223 ne
1495 1165 1754 1243 palamm
1777 1163 2030 1242 quidem.
2057 1163 2172 1224 Sed
2195 1164 2247 1224 si
2275 1164 2368 1223 vel
2401 1163 2516 1223 hoc
2535 1183 2741 1223 verum

684 1269 762 1327 sit
779 1310 798 1339 ,
824 1266 969 1326 illud
991 1263 1153 1343 quod
1181 1263 1258 1322 de
1286 1263 1492 1322 dolore
1514 1262 1765 1332 dicatur,
1798 1275 1988 1321 totum
2008 1264 2221 1340 jacere.
2246 1263 2309 1323 si
2335 1263 2490 1322 enim
2512 1261 2740 1334 beatus,

682 1362 999 1424 secundum
1032 1360 1435 1421 Metrodorum
1457 1402 1475 1431 ‚
1504 1361 1553 1418 is
1583 1359 1685 1431 sit,
1717 1358 1887 1436 cujus
1910 1379 2129 1438 corpus
2153 1357 2304 1417 bene
2331 1362 2706 1419 constitutum
2722 1400 2741 1429 ,

682 1475 743 1519 et
767 1461 827 1520 in
849 1478 976 1538 quo
995 1457 1361 1536 exploratum
1390 1455 1464 1515 sit
1502 1456 1565 1513 id
1591 1474 1821 1534 semper
1848 1456 1973 1514 fore
1999 1477 2016 1526 ς
2066 1456 2180 1514 tale
2203 1454 2347 1533 quid
2372 1455 2738 1534 exploratum

682 1577 807 1617 esse
834 1556 1053 1616 nemini
1094 1573 1265 1633 posse
1282 1596 1300 1624 ‚
1333 1552 1422 1611 vel
1460 1551 1536 1610 ad
1572 1571 1875 1629 vesperam
1902 1573 1916 1608 ε
1947 1550 2210 1610 dolorem
2241 1551 2441 1630 igitur,
2475 1564 2540 1610 ut
2580 1570 2743 1610 sum-

683 1673 842 1714 mum
868 1653 1103 1723 malum,
1122 1669 1352 1728 semper
1375 1669 1499 1708 esse
1527 1648 1940 1721 metuendum3
1964 1648 2098 1726 qui,
2127 1649 2302 1707 etiam
2330 1648 2379 1707 si
2408 1667 2528 1707 non
2558 1647 2738 1720 adsit,

670 1753 799 1831 jem
828 1765 1022 1812 tamen
1059 1748 1260 1808 adesse
1288 1748 1500 1826 possit,
1542 1753 1574 1819 S
1598 1767 1813 1823 90-92.
1868 1749 2074 1824 Neque
2113 1746 2432 1826 quidquam
2458 1746 2742 1806 rationem

684 1847 1014 1928 negligendi
1032 1845 1253 1905 doloris
1280 1844 1628 1922 Epicuream
1649 1844 1875 1916 valere,
1893 1863 2074 1921 quum
2101 1844 2190 1903 vel
2220 1841 2284 1901 id
2310 1843 2501 1922 ipsum
2526 1840 2742 1902 absur-

682 1943 824 2000 dum
856 1942 958 2010 sit,
1000 1956 1287 1998 summum
1317 1936 1532 1994 malum
1572 1935 1806 2013 negligi.
1844 1934 2065 1995 Deinde
2098 1936 2383 1995 rationem
2416 1935 2616 1995 illam:
2649 1960 2675 1988 ι
2694 1936 2746 1995 si

685 2038 909 2117 gravis,
937 2034 1163 2104 brevis;
1190 2032 1241 2091 si
1269 2031 1504 2110 longus,
1534 2030 1678 2089 levis
1699 2052 1752 2103 »3
1769 2030 2038 2108 quotidie
2069 2031 2269 2091 falsam
2299 2051 2422 2092 esse
2450 2031 2743 2111 cognosci.

684 2133 930 2194 Virtutis
973 2129 1210 2209 quidem
1259 2127 1530 2187 fomentis
1570 2125 1835 2186 dolorem
1873 2127 2126 2206 mitigari
2159 2127 2376 2202 solere,
2417 2128 2477 2188 id
2527 2128 2622 2188 vel
2671 2147 2746 2187 ex

688 2227 927 2308 Epicuri
950 2224 1288 2285 moribundi
1314 2223 1388 2283 ad
1414 2223 1837 2284 Hermarchum
1857 2224 2103 2303 epistola
2124 2226 2283 2285 cerni
2308 2249 2323 2283 τ
2350 2226 2454 2285 sed
2479 2226 2542 2285 id
2561 2225 2747 2285 retio-

688 2326 779 2386 nis
811 2343 942 2384 cum
978 2341 1206 2383 summa
1237 2321 1413 2399 liujus
1443 2320 1823 2400 philosophia
1843 2328 1962 2380 non
1983 2323 2332 2381 consentire.
2366 2324 2513 2381 Cum
2542 2321 2744 2382 eadem

688 2441 948 2503 pugnare
977 2420 1150 2480 etism
1166 2418 1295 2497 ejus
1323 2430 1747 2478 testamentum.
1786 2421 1874 2477 Ex
1900 2419 1992 2478 his
2027 2431 2215 2477 totum
2245 2417 2393 2478 illud
2431 2418 2506 2477 de
2541 2418 2747 2477 dolore

687 2519 957 2580 concludi
985 2518 1161 2576 licere
1181 2539 1199 2574 τ
1230 2535 1397 2589 eum,
1424 2516 1527 2594 qui
1547 2516 1611 2572 in
1643 2533 1870 2573 summo
1897 2514 2052 2572 malo
2078 2513 2179 2586 sit,
2211 2526 2354 2586 tum,
2373 2532 2550 2592 quum
2583 2514 2643 2572 in
2672 2532 2746 2572 eo

685 2617 796 2689 sit,
831 2635 948 2674 non
977 2632 1148 2692 posse
1176 2633 1301 2672 esse
1332 2610 1569 2671 beatum
1593 2633 1607 2667 :
1639 2611 1958 2689 sapientem
1985 2628 2216 2687 semper
2247 2607 2482 2668 beatum
2503 2629 2658 2683 esse,
2686 2623 2747 2669 et

684 2733 812 2773 esse
837 2708 1151 2789 aliquando
1183 2710 1244 2768 in
1267 2708 1471 2767 dolore
1491 2729 1509 2763 ε
1533 2725 1656 2764 non
1681 2725 1807 2766 esse
1828 2706 2008 2783 igitur
2026 2724 2313 2765 summum
2335 2706 2549 2766 melum
2572 2707 2747 2766 dolo-

690 2831 849 2884 rem,
873 2809 1167 2887 §93⁶104.

648 3052 655 3059 ,
774 2981 899 3038 Nec
937 2975 1053 3034 hoc
1082 2972 1201 3032 vim
1232 2970 1483 3050 aliquem
1506 2967 1731 3030 habere
1751 3013 1768 3040 ,
1820 2970 1981 3050 quod
2008 2968 2271 3046 dicatur,
2320 2975 2567 3054 sapienti
2595 2975 2750 3037 bona

693 3074 987 3157 proeterite
1026 3092 1146 3131 non
1185 3070 1424 3130 effluere
1455 3067 1704 3140 debere;
1740 3069 1888 3127 mals
1929 3070 2255 3130 meminisse
2293 3090 2413 3130 non
2453 3087 2749 3151 oportere.

695 3176 831 3233 Non
868 3171 1026 3230 enim
1065 3170 1126 3228 in
1156 3180 1357 3227 nostra
1390 3177 1680 3246 potestate
1712 3185 1872 3238 esse,
1910 3166 2053 3244 quid
2099 3168 2567 3227 meminerimus:
2598 3190 2751 3249 soepe

696 3271 875 3331 etiam
892 3267 1210 3346 jucundam
1241 3286 1366 3326 esse
1393 3266 1681 3325 malorum
1705 3265 2043 3324 memoriam
2076 3266 2528 3344 praeteritorum.
2563 3269 2753 3329 Relin-

696 3386 879 3446 quere
906 3366 1043 3424 item
1067 3363 1395 3442 voluptates
1423 3365 1633 3442 saepius
1663 3381 1863 3421 causas
1889 3362 2275 3440 poeniteutiae,
2304 3383 2481 3441 quam
2525 3365 2665 3424 laetae
2694 3376 2755 3423 et

690 3456 962 3545 jucundae
991 3460 1426 3520 recordationis.
1454 3459 1687 3519 Falsum
1708 3461 1801 3517 vel
1822 3459 1939 3517 hoc
1960 3479 2114 3532 esse,
2143 3459 2321 3518 animi
2345 3464 2672 3540 voluptates
2693 3473 2754 3521 et

696 3550 929 3620 dolores
951 3555 1026 3616 ad
1059 3555 1385 3634 voluptates
1410 3567 1470 3611 et
1504 3552 1738 3612 dolores
1773 3554 2038 3632 corporis
2074 3550 2408 3633 pertinere:
2437 3576 2562 3615 esse
2599 3558 2755 3617 enim

696 3654 1011 3738 permulta,
1044 3672 1175 3731 quae
1206 3671 1313 3730 per
1338 3669 1398 3709 se
1426 3649 1550 3727 ipsa
1576 3648 1898 3723 delectent,
1921 3652 1972 3709 si
2000 3652 2093 3709 vel
2122 3651 2195 3710 ad
2221 3672 2434 3731 corpus
2460 3672 2578 3710 non
2602 3655 2756 3712 refe-

698 3764 920 3813 rantur.
962 3750 1026 3811 Si
1054 3767 1195 3807 vero
1234 3745 1410 3805 animi
1451 3740 1781 3823 voluptates
1815 3757 1874 3804 et
1912 3745 2146 3806 dolores
2182 3747 2427 3822 majores
2467 3747 2757 3823 dicantur,

699 3840 877 3932 quam
898 3845 1165 3926 corporis
1180 3888 1197 3918 ,
1219 3842 1335 3902 hoc
1358 3842 1485 3921 ipso
1514 3841 1834 3920 sapientem
1855 3887 1872 3915 ,
1901 3843 2134 3902 dolores
2161 3842 2339 3902 enimi
2362 3843 2609 3923 majores
2629 3866 2758 3905 sen·

703 3950 970 4016 tientes-u,
994 3939 1310 4022 aliquando
1330 3939 1607 3999 miserum
1625 3959 1754 3999 esse
1775 3984 1792 4013 ‚
1823 3959 2057 4000 neeesse
2085 3959 2211 3998 esse
2226 3983 2243 4012 ‚
2264 3946 2296 4012 S
2327 3941 2607 4001 105-108.

780 4092 952 4155 Aliud
985 4091 1161 4171 igitur
1187 4107 1474 4149 summum
1504 4084 1725 4148 bonum
1767 4086 2349 4166 circumspiciendum
2393 4109 2519 4151 esse
2539 4133 2557 4162 ‚
2597 4091 2759 4172 quod
