3217 4784
828 395 951 463 DE
999 394 1175 462 FlN.
1222 395 1428 464 BoN.
1477 396 1590 462 ET
1640 396 1858 464 MAL.
1912 397 2014 481 11,
2067 392 2131 464 5.

2421 395 2540 465 161

432 538 627 584 nunc
680 514 1051 611 quidemn
1119 539 1405 603 sumus;
1459 514 1677 586 credo
1736 513 1923 586 idem
1974 540 2101 585 vos
2131 569 2150 597 ‚
2208 527 2422 587 nec¹²
2482 519 2555 587 in

430 623 708 711 dolore,
748 648 883 696 uec
919 626 993 695 in
1024 624 1394 722 voluptate
1425 648 1578 696 esse
1613 651 1629 694 ε
1666 639 1744 696 ut
1780 626 1854 694 in
1879 624 2246 723 voluptate
2273 627 2399 713 sit,
2428 628 2556 723 qui

429 734 801 829 epuletur-3
840 736 916 804 in
959 733 1255 821 dolore,
1293 736 1419 831 qui
1461 748 1908 829 torqueatur.
1956 739 2061 803 Tu
2096 749 2337 806 autem
2370 736 2558 806 inter

430 842 581 914 haec
643 858 914 915 tantam
984 842 1527 914 multitudinem
1592 841 2055 913 hominum¹³
2110 847 2554 941 interjectam

428 977 578 1023 non
613 952 843 1042 vide3‚
882 979 1016 1024 nec
1056 954 1479 1035 laetantium,
1510 976 1643 1022 nec
1673 952 2128 1023 dolentium?
2163 957 2327 1025 Non
2359 979 2560 1053 pror·
2604 989 2661 1040 ¹7

428 1063 641 1149 susm,
666 1066 905 1161 inquit
925 1088 1358 1160 ;omnesque
1381 1073 1400 1106 ¹
1414 1060 1466 1151 ⁵,
1494 1064 1621 1158 qui
1642 1062 1796 1133 sine
1816 1060 2067 1133 dolore
2081 1064 2255 1151 sint,
2275 1067 2349 1134 in
2368 1064 2562 1135 volu-

508 1293 588 1326 ιι.
627 1278 770 1328 Nune
798 1279 1015 1344 quidem.
1051 1280 1300 1328 Omittuut
1338 1294 1449 1327 eum

432 1358 487 1406 Ρ.
518 1357 741 1406 Munatio
767 1358 933 1423 scripti
962 1358 1187 1407 nonnulli
1217 1357 1409 1422 quidem
1433 1391 1449 1417 ‚

432 1436 485 1483 in
510 1435 688 1499 quibus
712 1448 786 1485 est
810 1436 944 1486 Gud.
980 1453 999 1484 x
1021 1471 1035 1496 ,
1059 1436 1144 1486 sed
1162 1437 1216 1485 id
1233 1436 1363 1485 haud
1385 1452 1454 1484 ra·

432 1529 488 1561 ro
510 1525 627 1579 post
648 1531 778 1564 nune
803 1516 980 1564 solent.
1002 1519 1065 1565 G.

508 1608 589 1642 ω.
614 1594 820 1652 Samis,-
855 1595 1001 1643 credo
1032 1594 1160 1643 idem
1188 1610 1310 1654 vos,
1337 1610 1452 1653 nec,

429 1681 525 1719 ete.
546 1673 767 1719 Goerenz.
788 1672 893 1731 dat,
912 1688 1077 1719 sumus
1095 1690 1115 1721 .-
1133 1672 1305 1734 (credo
1325 1670 1452 1719 idem

430 1752 623 1811 vos)...
653 1767 770 1799 esse.
818 1751 925 1809 Sic,
950 1750 1139 1814 inquit,
1176 1751 1363 1812 locum,
1400 1750 1450 1797 in

431 1829 672 1894 corruptis
706 1829 955 1887 habitum,
977 1829 1273 1877 dubitationi
1309 1830 1452 1890 justa

430 1920 707 1973 exemptum
723 1918 963 1973 putamus.
976 1910 1136 1956 Primo
1154 1908 1297 1964 enim,
1316 1907 1450 1973 quod

430 1986 594 2035 videre
634 1987 774 2034 facile
800 1999 927 2043 erat,
946 2003 1046 2035 non
1065 1988 1307 2051 “sequuti
1336 1989 1447 2037 intt.

431 2075 571 2126 sunt,
588 2066 732 2113 verbs
750 2102 764 2124 ,
792 2067 938 2114 credo
951 2101 962 2114 .
977 2101 988 2114 .
1004 2102 1017 2115 .
1046 2084 1176 2123 esse,
1196 2084 1256 2114 ex
1276 2082 1450 2131 paren·

433 2143 556 2190 thesi
581 2146 704 2208 poni
725 2159 740 2193 ε
764 2147 873 2208 quis
897 2146 1052 2209 enim,
1079 2163 1230 2211 quum
1251 2162 1451 2195 secura·

433 2222 529 2268 tius
539 2221 818 2280 attenderit,
833 2239 951 2280 non,
972 2235 1025 2270 ue
1043 2225 1314 2288 proximam
1332 2241 1451 2289 apo-

433 2299 607 2348 doseos
627 2317 758 2360 esse,
784 2301 993 2349 viderit?
1022 2302 1211 2350 Deinde
1236 2303 1452 2352 offende-

434 2391 545 2427 runt
588 2379 639 2427 in
663 2380 760 2427 levi
795 2382 1120 2440 anacolutho‚
1150 2382 1265 2429 licet
1292 2382 1450 2446 ipsum

431 2475 493 2507 ne
515 2459 950 2509 animadverterent
987 2461 1199 2526 quidem.
1228 2463 1350 2510 Nom
1381 2462 1450 2509 sic

431 2540 627 2603 proprie
651 2540 870 2599 auctori,
894 2541 955 2589 nd
994 2540 1240 2605 praecedd.
1268 2557 1447 2588 conve·

431 2618 645 2675 nienter‚
673 2618 982 2667 scribendum
1009 2631 1136 2667 erat:
1177 2620 1451 2675 «Tertium,

430 2713 579 2759 quum
601 2713 691 2745 nec
717 2697 769 2744 in
794 2697 988 2759 dolore,
1005 2715 1096 2747 nec
1119 2699 1172 2746 in
1200 2699 1449 2763 voluptate

430 2791 623 2835 sumus,
651 2788 707 2824 ut
731 2793 861 2824 nunc
896 2777 1094 2840 quidem
1137 2794 1257 2841 ego,
1302 2777 1448 2824 credo

430 2854 558 2902 idem
581 2870 669 2902 vos
700 2871 802 2902 esse
815 2877 856 2902 ι.
874 2855 1240 2927 Athdeclinans
1265 2855 1447 2903 oratio·

433 2934 507 2981 nis
537 2932 833 3000 μονοτονίαν,
874 2934 1100 2982 consulto
1152 2935 1233 2999 (ut
1276 2935 1450 2999 saepius

429 3028 539 3059 eum
560 3013 713 3060 facere
745 3012 1035 3074 docuimus)
1063 3012 1303 3061 directum
1325 3024 1451 3060 stru-

431 3100 581 3138 cturae
604 3094 739 3155 quasi
765 3092 856 3139 iter
882 3090 1132 3154 reliquisse
1160 3091 1366 3140 videtur.
1384 3095 1450 3140 At

432 3171 626 3218 tertium
676 3187 856 3234 genus,
882 3172 951 3218 sio
976 3186 1255 3233 expressum
1272 3203 1286 3228 ,
1316 3171 1450 3234 ipso·

432 3265 538 3297 mm
565 3250 950 3314 colloquentium
969 3250 1244 3313 exemplum
1271 3264 1454 3312 propo-

356 3340 375 3347 ·'
432 3339 622 3390 sueram
646 3329 888 3377 restabant
915 3328 1135 3392 exempla
1162 3328 1225 3376 ad
1246 3328 1363 3375 bina
1386 3344 1456 3374 re·

431 3408 563 3471 liqna
588 3423 759 3471 genera
778 3422 791 3455 :
810 3407 950 3455 addit
983 3407 1132 3471 igitur
1158 3407 1208 3454 in
1243 3405 1449 3471 spodosi

430 3486 554 3535 illud
575 3488 814 3552 epulantis
835 3499 884 3535 et
903 3498 1247 3534 tormentorum
1266 3487 1451 3534 crucia·

431 3577 506 3614 tus
521 3564 824 3631 perfer-ench.
854 3566 1084 3630 Exempla
1117 3567 1350 3614 orationis
1387 3565 1448 3613 nd

430 3645 739 3710 parentheses
780 3645 1002 3693 similiter
1027 3646 1288 3693 immutstae
1326 3645 1449 3692 offe·

328 3720 341 3727 ’
430 3734 603 3773 matur
644 3740 783 3789 paene
821 3725 1090 3772 innumera.
1138 3726 1247 3771 Hoc
1291 3735 1448 3772 sutem

428 3803 542 3852 loco
570 3802 621 3851 id
647 3813 836 3851 tantum
868 3818 1158 3859 monemus,
1187 3818 1327 3861 eum,
1364 3803 1450 3866 qui

429 3883 491 3931 ad
516 3882 768 3932 Ciceronis
809 3881 1003 3930 dicendi
1041 3880 1275 3928 rationem
1300 3895 1449 3928 secu·

432 3961 581 4010 rstius
608 3962 895 4021 attenderit,
923 3961 1064 4009 sliam
1085 3960 1136 4010 h.
1167 3962 1200 4010 l.
1230 3962 1313 4007 vix
1329 3976 1453 4024 Ρω-

435 4051 603 4104 optare
628 4041 721 4089 sibi
748 4057 911 4106 posse.
939 4041 1161 4090 Ceterum
1188 4055 1336 4104 prave
1355 4041 1453 4088 Da·

438 4118 527 4166 vis.
553 4135 638 4167 nos
661 4120 858 4169 dederat
877 4134 891 4169 ε
909 4136 1018 4168 nam
1035 4134 1196 4167 sumus
1211 4117 1273 4167 sd
1294 4118 1454 4166 solum

588 4206 672 4273 11.
729 4224 823 4269 Cic.
847 4239 961 4285 pars
985 4225 1128 4270 tercia.

1539 1278 1825 1327 Ciceronem
1847 1277 2065 1326 refertur.
2088 1281 2250 1343 Atque
2266 1280 2335 1328 sic
2355 1291 2454 1329 tres
2476 1296 2566 1328 no·-

1538 1356 1624 1404 stri
1636 1356 1941 1422 aliorumque
1955 1357 2338 1421 plurem—Idem
2353 1359 2562 1425 denique

1539 1451 1632 1499 pro
1650 1452 1740 1501 ego
1759 1437 1950 1501 quidem
1964 1469 1978 1494 ,
2001 1436 2077 1484 vel
2095 1475 2108 1496 ,
2128 1447 2185 1485 ut
2203 1437 2352 1502 vulgo
2374 1437 2561 1497 dieunt,

1538 1531 1633 1578 pro
1651 1514 1763 1563 item
1785 1515 2002 1579 ponitur,
2021 1516 2086 1562 cf.
2108 1531 2253 1580 supra
2271 1514 2304 1580 S
2319 1516 2348 1563 5
2366 1532 2561 1568 :nnunc

1539 1592 1751 1642 idem...
1787 1593 1928 1641 velim
1953 1591 2204 1641 definias».
2232 1594 2387 1642 Simili
2411 1596 2563 1645 modo

1539 1687 1601 1718 ex
1630 1672 1769 1719 tertis
1794 1686 2000 1735 persons
2019 1704 2035 1731 ‚
2059 1672 2109 1719 in
2129 1682 2368 1720 structura
2385 1706 2403 1733 ‚
2422 1675 2562 1737 φεῖ...

1538 1749 1667 1798 idem
1688 1783 1704 1810 ‚
1738 1751 1835 1798 hoc
1862 1766 1953 1814 pro
1977 1749 2018 1796 is
2048 1750 2173 1798 idem
2202 1750 2398 1799 dieitur.
2427 1752 2562 1801 Nihil

1538 1828 1686 1893 igitur
1719 1829 1773 1878 h.
1797 1830 1834 1878 l.
1868 1830 2058 1877 Ernesti
2087 1829 2233 1887 dicit,
2271 1846 2424 1894 quum
2450 1830 2564 1878 item

1534 1907 1720 1957 suadet.
1754 1911 1824 1958 G.
1852 1935 1920 1945 —
1949 1908 2177 1957 Davisius
2214 1908 2335 1972 legit
2370 1909 2563 1957 «credo

1538 1989 1668 2036 enim
1691 2003 1783 2035 nos
1807 2003 1898 2035 nec
1927 1986 2009 2045 in,
2037 1999 2131 2036 etc.
2151 2009 2205 2047 a,
2243 1998 2291 2035 et
2322 1986 2564 2051 vituperat

1538 2070 1801 2115 Gruterum
1831 2067 1916 2130 qui
1943 2066 2130 2130 primus
2157 2066 2314 2124 idem,
2354 2083 2416 2114 ex
2441 2069 2562 2116 Pan.

1535 2162 1651 2204 sex,
1704 2145 1918 2194 admisit.
1968 2145 2231 2193 Nonnulla
2288 2145 2401 2194 edd.
2448 2159 2564 2211 post

1536 2226 1731 2272 Victor.
1774 2224 1894 2272 dsnt
1930 2224 2076 2272 credo
2110 2224 2336 2289 quiderm·
2381 2226 2465 2274 sed
2509 2226 2561 2274 τὸ

1539 2304 1735 2367 quidem
1763 2306 1919 2367 repeti
1947 2305 2051 2351 sine
2073 2304 2191 2353 odio
2217 2320 2318 2353 non
2349 2316 2529 2369 potest.

1616 2385 1695 2430 13.
1726 2384 1859 2429 Inter
1877 2381 1978 2429 hoec
1997 2393 2188 2430 tantam
2206 2383 2559 2431 multitudinem

1537 2460 1783 2508 hominum
1809 2461 2131 2526 interjectam.
2180 2460 2330 2509 Abest
2369 2462 2561 2524 interje-

1537 2553 1668 2588 ctam
1696 2540 1757 2587 ab
1781 2540 1882 2588 Erl.
1904 2552 1953 2588 et
1976 2540 2104 2604 Spir.
2131 2542 2560 2607 transponiturque

1534 2636 1561 2668 s
1587 2618 1717 2668 Gud.
1744 2635 1801 2677 α,
1840 2618 2145 2684 interjectam
2185 2617 2450 2669 hominum.
2491 2623 2559 2670 At

1535 2698 1758 2763 equidem
1779 2712 1898 2744 voce
1917 2713 2041 2760 εει-ο
2061 2699 2292 2746 cai-nerim
2309 2733 2323 2757 ,
2341 2715 2446 2747 nou
2463 2710 2558 2748 tam

1535 2794 1703 2826 sensus
1730 2792 1894 2835 causa,
1934 2793 2077 2840 quam
2124 2778 2262 2840 soni,
2293 2791 2342 2827 et
2367 2779 2556 2826 surium

1535 2860 1698 2906 etiam.
1718 2859 1843 2905 Tum
1866 2857 1992 2903 enim
2013 2856 2156 2903 verbs
2172 2872 2270 2903 non
2288 2849 2428 2905 videi
2446 2869 2560 2921 post

1535 2936 1798 2985 dolentium
1826 2933 2083 2996 rejicienda
2104 2934 2282 2981 forent:
2312 2933 2448 2998 quod
2471 2951 2560 2981 vo-

1536 3033 1590 3064 ce
1613 3027 1793 3064 retenta
1823 3014 1947 3062 nihil
1973 3029 2099 3076 opus
2120 3012 2418 3060 est.Videtur
2439 3013 2555 3061 olim

1537 3095 1791 3147 excidisse,
1815 3105 1864 3140 et
1887 3094 1937 3138 in
1958 3090 2089 3137 Gud.
2105 3106 2133 3136 2
2152 3089 2311 3136 slieno
2327 3089 2441 3138 loeo
2456 3107 2558 3140 esse

1540 3175 1823 3237 repositum.
1848 3168 2066 3232 Inter-sici
2086 3168 2212 3214 inter
2233 3179 2394 3216 sutem
2427 3181 2557 3218 strn-

1541 3264 1676 3300 ctum
1707 3248 1955 3297 Ciceronis
1976 3246 2175 3310 propria
2201 3256 2291 3295 est.
2319 3248 2380 3296 G.

1620 3339 1698 3384 14.
1727 3328 1838 3375 Non
1874 3341 2087 3391 prorsus.
2120 3328 2310 3376 Ernest.
2341 3337 2556 3376 usturam

1538 3406 1787 3473 particula·
1799 3421 1998 3468 prorsus
2015 3439 2032 3463 ‚
2050 3421 2143 3468 qus
2158 3441 2173 3465 ‚
2185 3406 2225 3452 si
2243 3406 2343 3454 vim
2367 3417 2558 3455 senten·

1539 3487 1732 3536 tinnon
1754 3484 1925 3543 habet,
1948 3484 2195 3549 negationi
2219 3489 2556 3549 postponitur,

1538 3582 1640 3613 non
1666 3565 1784 3612 vidit
1800 3599 1815 3623 ‚
1843 3564 1958 3612 alias
1984 3565 2110 3611 enim
2156 3581 2260 3612 eam
2285 3581 2385 3613 non
2417 3582 2558 3632 sepa-

1540 3647 1679 3691 ratim
1709 3643 2108 3707 interpunxisset.
2152 3643 2230 3692 Cf.
2259 3644 2324 3692 N.
2369 3647 2431 3692 D.
2457 3648 2528 3693 111
2546 3681 2560 3702 ,

1541 3726 1569 3771 8
1589 3758 1603 3782 ,
1633 3738 1692 3769 αι
1710 3758 1724 3780 ,
1756 3742 1778 3765 α
1807 3721 1945 3769 nullo
1986 3721 2135 3768 modo
2176 3737 2374 3785 prorsus
2400 3739 2560 3773 ossen-

1540 3804 1698 3851 tior».
1740 3799 1834 3849 Sed
1862 3801 2057 3865 praviu-
2083 3802 2199 3849 facit
2225 3802 2365 3850 etism
2394 3804 2558 3852 Lsmb.

1540 3883 1628 3945 qui
1656 3895 1854 3944 prorsus
1872 3891 1988 3944 post
2007 3879 2167 3943 inquil
2186 3881 2342 3944 ponit.
2366 3882 2430 3930 G.

1618 3961 1698 4008 15.
1730 3960 2020 4021 Omnesque.
2050 3960 2275 4008 Goerenz.
2297 3958 2559 4024 omni'sque.

1542 4040 1652 4097 Sic,
1679 4039 1861 4101 inquit,
1891 4037 1991 4085 Erl.
2020 4049 2070 4086 et
2110 4038 2246 4101 Spir.
2275 4051 2420 4104 utque
2445 4040 2559 4087 inde

1541 4119 1685 4165 etism
1722 4126 1819 4176 est,
1847 4116 1982 4180 quod
2029 4116 2079 4163 in
2108 4118 2344 4180 proximis
2372 4118 2500 4166 Gud.
2528 4133 2556 4163 2

2290 4226 2361 4270 11
