3217 4784
623 410 771 482 232·

1238 446 1241 449 ¹
1289 420 1386 486 M.
1436 419 1515 484 T.
1568 416 2060 486 CICERONIS

616 534 744 605 bat
763 538 797 605 i>
819 539 997 606 Nam
1027 535 1156 606 ubi
1180 561 1336 608 eam
1367 548 1758 635 caperetm,
1780 552 1905 607 aut
1933 534 2249 635 quand0,
2280 561 2511 634 quum
2538 540 2752 610 sciret

617 644 998 717 confestim
1049 670 1202 718 esse
1253 645 1747 734 moriendum,
1800 669 2105 742 eamque
2140 659 2448 717 mortem
2491 646 2750 718 arden-

615 757 799 826 tiore
842 754 1084 828 studio
1128 770 1445 854 peteret,
1489 781 1709 854 quam
1745 757 2097 854 Epicurus
2144 755 2587 853 voluptatem
2622 780 2748 855 pe-

614 862 906 934 tendam
943 866 1200 961 putat?
1255 864 1472 957 Quod
1524 863 1820 962 quidem
1865 865 2020 960 ejus
2074 863 2340 936 factum
2389 867 2527 935 nisi
2565 880 2750 937 esset

609 971 774 1067 jure
819 970 1226 1062 laudatum,
1268 999 1422 1045 non
1475 988 1664 1046 esset
1711 976 2029 1045 imitatus
2076 989 2337 1070 quarto
2371 975 2748 1046 consulatu

615 1106 749 1152 suo
782 1080 1020 1172 filius3
1060 1109 1301 1182 neque
1344 1110 1568 1183 porro
1614 1110 1704 1156 ex
1741 1108 1829 1154 eo
1883 1092 2204 1173 natus¹¹‚
2258 1109 2420 1154 cum
2470 1083 2747 1181 Pyrrho

613 1188 886 1261 bellum
924 1216 1213 1289 gerens,
1259 1193 1513 1265 consul
1559 1192 1933 1264 cecidisset
1984 1197 2062 1263 in
2113 1195 2397 1293 praelio,
2442 1218 2664 1293 seque
2708 1219 2752 1264 e

614 1303 1010 1373 continenti
1036 1327 1298 1399 genere
1324 1305 1606 1375 tertiam
1636 1304 2003 1373 victimam
2031 1315 2090 1346 ¹²
2123 1303 2539 1401 reipublicae
2570 1329 2751 1402 prae-

509 1433 576 1483 62
614 1409 908 1483 buisset.
954 1415 1311 1486 Contineo
1354 1439 1468 1485 me
1498 1412 1587 1484 ab
1624 1414 1991 1511 exemplis.
2035 1415 2299 1485 Graecis
2331 1412 2473 1485 hoc
2516 1414 2749 1486 modi-

618 1546 784 1591 cum
835 1519 1075 1594 est¹³:
1130 1525 1524 1610 LeonidaS‚
1573 1520 2150 1621 Epaminondas,
2204 1527 2433 1594 tres¹4
2482 1523 2747 1620 aliqui,

617 1647 742 1701 aut
775 1649 1114 1729 quatuor.
1160 1639 1351 1732 Ego,
1387 1636 1445 1706 si
1482 1646 1769 1705 nostros
1812 1632 2146 1728 colligere
2182 1656 2471 1729 coepero
2492 1685 2509 1718 ,
2539 1631 2749 1729 perfi-

618 1742 800 1813 ciam
851 1742 1027 1814 illud
1068 1744 1403 1841 quidem,
1440 1757 1523 1814 ut
1559 1765 1635 1813 se
1671 1745 1924 1813 virtuti
1971 1742 2204 1813 tradat
2245 1746 2747 1837 constringen-

618 1850 784 1921 dam
814 1853 1171 1950 voluptas.
1213 1852 1352 1923 Sed
1385 1853 1537 1922 dies
1568 1875 1688 1920 me
1716 1849 2003 1922 deficiet
2038 1878 2053 1919 :
2096 1866 2202 1936 et,
2243 1865 2323 1922 ut
2349 1853 2431 1920 A.
2463 1854 2749 1937 Varius,

619 1963 747 2059 qui
792 1976 898 2032 est
937 1961 1226 2033 habitus
1260 1960 1483 2056 judex
1522 1957 1808 2046 durio‘r,
1852 1959 2091 2031 dicere
2127 1960 2526 2031 consessori
2563 1959 2748 2030 sole·

700 2185 773 2216 10.
793 2169 929 2217 Nam
953 2169 1037 2217 ubi
1056 2185 1162 2217 eam
1188 2178 1398 2233 caperet.
1422 2167 1645 2217 Turbant

622 2247 792 2295 scribe
822 2268 847 2290 ιι
867 2264 918 2296 n.
942 2259 999 2295 ut
1027 2265 1110 2303 ca,
1143 2248 1241 2296 nisi
1268 2261 1323 2298 ut
1369 2264 1472 2296 eam
1494 2282 1509 2306 ‚
1555 2246 1642 2294 ubi

623 2337 680 2375 ut
699 2341 806 2374 eam
824 2347 851 2368 a·
871 2341 885 2375 :
911 2341 1011 2374 non
1034 2328 1165 2375 enim
1187 2328 1288 2375 vim
1309 2327 1448 2377 verbi
1471 2326 1646 2375 itidem

623 2404 892 2468 optativam
913 2406 1187 2469 capiebant.
1206 2406 1342 2454 Nihil
1368 2408 1516 2472 igitur
1538 2408 1642 2454 Da·

622 2483 734 2530 visii
757 2484 1062 2545 conjectura,
1098 2485 1182 2533 ubi
1206 2497 1369 2533 autem
1406 2496 1603 2550 caperet
1627 2520 1641 2545 ,

622 2578 748 2625 opus
774 2574 877 2621 est3
918 2564 1112 2628 vulgata
1141 2580 1311 2611 omues
1351 2566 1403 2611 in
1439 2581 1491 2612 se
1538 2566 1643 2611 veri

623 2651 764 2688 notas
792 2640 958 2690 habet.
988 2644 1049 2690 G.

699 2735 719 2768 1
735 2735 782 2769 1.
801 2721 886 2767 Ex
907 2738 964 2768 eo
995 2733 1160 2771 nattes.
1190 2725 1230 2771 1.
1251 2739 1297 2772 c.
1320 2739 1476 2788 nepos
1505 2723 1642 2787 prio-

622 2799 689 2847 ris
714 2799 883 2858 Decii,
913 2799 1074 2848 dictus
1092 2801 1198 2864 ipse
1223 2803 1353 2851 Mus.
1372 2806 1522 2851 Anno
1539 2803 1642 2849 280

622 2890 733 2927 ante
752 2879 811 2928 C.
832 2890 933 2928 nat.
951 2896 1003 2928 se
1029 2879 1243 2929 devovit.
1274 2883 1352 2929 Cs.
1371 2893 1477 2930 not.
1497 2897 1600 2945 seq.

698 2975 779 3009 η.
808 2960 964 3024 Seque
998 2976 1025 3006 e
1054 2959 1320 3008 continenti
1352 2976 1530 3027 genere
1548 2972 1644 3008 eer-

622 3038 742 3086 tiam
776 3038 1025 3087 victimam
1045 3074 1060 3097 ‚
1109 3050 1202 3088 etc.
1245 3042 1329 3088 «E
1368 3039 1643 3088 continenti

624 3133 795 3180 genere
812 3139 838 3158 ι·
859 3152 874 3176 ,
899 3118 950 3165 id
975 3129 1047 3166 est
1067 3153 1082 3177 ‚
1113 3135 1165 3165 se
1187 3120 1425 3166 continua
1445 3133 1646 3182 genera·-

623 3196 757 3245 tioue
798 3207 1134 3261 propagatum.
1181 3196 1429 3260 Cogitavit
1471 3207 1645 3245 auctor

620 3292 832 3339 graecum
883 3272 1089 3339 συνεχής.
1146 3276 1221 3324 De
1270 3277 1414 3324 tertio
1451 3277 1606 3325 Decio
1627 3313 1642 3337 ,

621 3356 777 3417 quise
798 3353 1072 3411 devoverit,
1115 3354 1292 3418 reliqui
1320 3366 1545 3403 auctores
1575 3367 1643 3403 ta·

623 3443 769 3479 cent:
799 3431 887 3479 sed
921 3432 1053 3480 idem
1086 3434 1270 3483 Noster
1299 3436 1476 3498 repetit
1493 3437 1641 3485 Tusc.

623 3512 672 3570 1,
706 3513 767 3573 37
787 3546 803 3571 ,
835 3514 903 3578 89
928 3527 942 3560 :
965 3534 992 3555 c«
1011 3529 1114 3561 non
1132 3530 1242 3562 cum
1272 3515 1453 3562 Latinis
1479 3514 1644 3562 decer-

622 3601 730 3638 tans
750 3601 882 3654 pater
904 3592 1087 3642 Decius
1101 3627 1116 3651 ,
1135 3608 1245 3641 cum
1265 3595 1481 3642 Etruscis
1494 3591 1644 3651 filius,

621 3685 732 3717 cnm
758 3669 951 3732 Pyrrho
993 3686 1149 3735 nepos
1171 3706 1187 3731 ,
1215 3689 1265 3721 se
1298 3673 1513 3722 hostium
1532 3670 1644 3719 telis

622 3746 979 3809 objecissent„
1006 3751 1149 3799 Solus
1163 3754 1399 3813 Zonaras,
1436 3750 1639 3802 mall.

622 3828 703 3882 Π,
730 3839 890 3876 narrat
929 3831 984 3879 P.
1028 3832 1231 3879 Decium
1273 3848 1373 3879 cos.
1403 3830 1465 3878 ad
1493 3829 1645 3877 devo·

621 3906 835 3955 vendam
870 3924 923 3957 se
954 3918 1177 3973 paratum
1229 3910 1404 3970 fuisse,
1445 3923 1646 3971 eamque

623 3985 798 4037 famam
826 4003 927 4035 non
952 4003 1123 4051 parum
1160 3989 1356 4036 terroris
1381 3986 1640 4036 incussisse

621 4065 836 4115 hostium
876 4066 1130 4114 exercitui.
1185 4066 1446 4114 Conciliari
1491 4065 1642 4128 igitur

623 4156 750 4193 recte
770 4146 840 4194 sic
858 4161 1002 4211 posse
1021 4144 1307 4195 Ciceronem
1322 4161 1432 4193 cum
1451 4145 1638 4193 Zonara

1730 2166 1953 2230 putabis,
1980 2169 2022 2216 si
2048 2169 2309 2217 consilium
2337 2170 2490 2218 Decio
2516 2187 2569 2219 se
2605 2171 2753 2220 devo-

1729 2247 1876 2296 vendi
1891 2250 2037 2298 fuisse
2046 2261 2224 2299 statuas
2240 2287 2256 2313 ,
2272 2250 2360 2298 sed
2376 2287 2390 2308 ,
2408 2267 2572 2315 pugna
2584 2250 2636 2298 in
2650 2250 2754 2298 seli·

1729 2328 1835 2376 cius
1854 2346 2020 2390 versa,
2058 2328 2112 2376 id
2139 2346 2242 2376 esse
2267 2331 2626 2378 intermissum:
2655 2341 2754 2377 tam

1730 2408 1907 2472 cupide
1935 2420 2094 2456 tamen
2127 2405 2258 2453 huuc
2284 2421 2555 2469 pugnasse,
2607 2417 2665 2453 ut
2698 2408 2758 2454 iu

1727 2487 1899 2551 pra-lio
1923 2486 2132 2533 caderet.
2158 2483 2314 2545 quue
2349 2500 2462 2531 sane
2486 2501 2545 2530 eo
2571 2484 2752 2548 proba-

1726 2564 1873 2612 bilius
1891 2563 2044 2610 videri
2073 2562 2218 2609 debet
2234 2594 2250 2620 ,
2271 2577 2424 2624 quum
2444 2562 2617 2611 Cicero
2633 2562 2752 2609 alibi

1727 2645 1872 2693 binos
1890 2642 2042 2690 modo
2067 2640 2249 2690 Decios
2274 2653 2641 2690 commemoret.
2673 2642 2751 2691 Cf.

1730 2721 1974 2771 Paradox.
2012 2723 2072 2787 Ι,1
2099 2734 2127 2768 2
2150 2754 2165 2778 ,
2200 2736 2348 2784 «quae
2387 2720 2524 2786 (vis)
2567 2732 2753 2785 patrem

1730 2801 1933 2850 Decium
1953 2837 1968 2861 ‚
1985 2816 2095 2864 quae
2109 2799 2262 2848 filium
2282 2800 2534 2850 devotavit
2560 2803 2583 2848 Ρ
2601 2824 2626 2843 ³·
2653 2801 2752 2851 Cll.

1730 2880 1832 2929 Off.
1865 2882 1965 2938 111,
1998 2884 2065 2941 4,
2107 2881 2349 2937 16;Cato
2375 2881 2498 2942 Mai.
2530 2896 2627 2941 πο,
2663 2877 2751 2942 75.

1729 2959 1921 3008 Scilicet
1947 2975 2101 3024 nepos
2128 2975 2230 3008 uon
2255 2976 2307 3007 se
2332 2959 2590 3008 devotant
2608 2996 2622 3018 ‚
2668 2959 2754 3007 sed

1729 3038 1880 3088 modo
1895 3039 2073 3105 cupide
2084 3055 2309 3105 pugnans
2326 3039 2588 3088 ceciderat.
2603 3038 2762 3102 Quod-

1731 3135 1877 3183 quam
1921 3118 2046 3167 bene
2084 3136 2197 3167 cum
2241 3119 2400 3166 verbis
2442 3117 2542 3167 loci
2601 3118 2755 3165 nostri

1730 3200 1991 3247 conveniat
2010 3231 2025 3257 ,
2052 3197 2229 3247 docere
2263 3213 2391 3262 opus
2416 3212 2522 3245 non
2551 3207 2640 3244 est.
2666 3196 2756 3243 Ce-

1731 3290 1887 3327 terum
1899 3278 1962 3327 tle
1976 3293 2143 3342 pugna
2157 3276 2220 3326 ad
2229 3275 2461 3324 Asculum
2483 3289 2754 3324 sermonem

1730 3373 1833 3405 esse
1861 3360 2075 3406 Zonaras
2100 3357 2206 3419 ipse
2226 3354 2263 3402 l.
2285 3353 2326 3403 l.
2356 3363 2574 3401 testatur.
2598 3354 2661 3401 G.

1807 3437 1887 3484 13.
1926 3436 2036 3483 Hoc
2074 3433 2313 3482 modicum
2362 3443 2452 3479 ese.
2502 3432 2599 3478 Int.
2653 3444 2757 3476 non

1731 3525 1942 3580 possunt
1981 3515 2139 3562 Graeci
2174 3523 2251 3561 tot
2296 3511 2516 3575 exempla
2563 3508 2758 3556 virtutis

1734 3594 1973 3657 proferre.

1811 3682 1892 3729 14.
1925 3673 2037 3718 Tres
2061 3668 2234 3736 aliqui.
2267 3668 2402 3718 Gnd.
2435 3684 2455 3715 ι
2480 3703 2495 3729 ,
2540 3663 2753 3729 reliqui,

1733 3747 1784 3815 ψ.
1806 3750 1900 3798 alii
1913 3785 1927 3810 ,
1954 3761 2014 3798 ut
2039 3750 2203 3798 Ursin.
2229 3765 2291 3796 ex
2316 3764 2408 3796 suo
2431 3744 2653 3802 volebat,
2683 3753 2760 3790 at-

1734 3846 1831 3895 que
1855 3830 1991 3879 Crat.
2015 3829 2070 3876 in
2089 3843 2245 3891 marg.
2274 3827 2424 3873 resert
2451 3837 2463 3871 :
2490 3821 2576 3871 sed
2599 3818 2763 3885 aliqui

1734 3926 1829 3974 pro
1856 3908 1948 3957 alii
1968 3906 2127 3971 aliqui
2147 3905 2197 3954 h.
2223 3905 2258 3952 l.
2285 3904 2363 3953 vel
2389 3906 2506 3952 Em.
2544 3902 2756 3965 positum

1731 3989 1937 4053 probat,
1962 3986 2048 4051 qui
2073 3984 2189 4033 alibi
2219 3984 2310 4032 hac
2337 3984 2391 4030 in
2415 3997 2536 4029 voce
2563 3979 2760 4028 turbate

1731 4068 1879 4129 solet3
1905 4065 2008 4115 vid.
2028 4063 2366 4112 adnotationes
2388 4059 2453 4108 ad
2476 4058 2663 4107 Acadd.
2689 4061 2758 4117 11,

1741 4162 1799 4195 ιο
1810 4182 1827 4205 ,
1856 4148 1940 4193 3ο.
1960 4145 2026 4191 G.
