3217 4784
845 509 968 576 DE
1020 508 1191 574 FIN.
1244 505 1447 573 BON.
1496 505 1608 571 ET
1659 502 1875 570 MAI..
1929 500 2023 579 11,
2074 520 2179 592 19.

2430 522 2569 591 220

452 635 583 701 mis
618 629 840 701 multa
870 656 885 697 ε
922 628 1388 726 perspicuum
1417 636 1523 694 est
1554 623 1746 693 enim
1768 674 1787 706 ,
1837 619 1972 690 nisi
2016 617 2351 714 aequitas»,
2379 613 2578 694 fides,

446 742 715 836 justitia
739 737 800 784 ¹⁶
832 736 1375 836 proficiscantur
1405 758 1447 803 a
1481 746 1776 816 natura,
1821 745 1893 799 et
1929 731 1986 798 si
2028 727 2270 798 omnia
2305 724 2454 795 haec
2486 725 2574 795 ad

452 852 826 922 utilitatem
846 845 1275 930 referantur,
1289 848 1521 914 virum
1546 841 1695 911 bon
1704 863 1828 908 um
1848 863 1996 908 non
2018 861 2225 933 posse
2244 835 2538 931 reperiri
2558 864 2570 903 :

450 959 688 1059 deque
715 959 829 1029 his
868 955 1085 1028 rebus
1104 964 1168 1016 17
1213 956 1381 1026 satis
1416 953 1645 1023 multa
1671 952 1744 1020 in
1776 948 2037 1018 nostris
2064 946 2154 1018 de
2182 942 2572 1043 Republica

453 1070 654 1140 libris
692 1083 862 1139 sunt
891 1065 1079 1136 dicta
1115 1091 1154 1137 a
1187 1065 1426 1136 Laelio.

549 1182 736 1248 XIX.
788 1173 1121 1247 Transfer
1159 1176 1349 1247 idem
1394 1171 1483 1244 ad
1512 1170 1936 1242 modestiam
1959 1224 1978 1255 ,
2014 1169 2125 1238 vel
2169 1182 2573 1266 temperari·
2613 1186 2682 1234 60

458 1289 625 1357 tiam
649 1297 699 1374 ¹,
751 1311 912 1384 quae
949 1300 1056 1357 est
1097 1285 1495 1357 moderatio
1540 1282 2016 1380 cupiditatum
2039 1334 2059 1364 ,
2105 1283 2363 1351 rationi
2398 1279 2576 1351 obe-

455 1396 682 1469 diens.
727 1399 1000 1469 Satisne
1034 1423 1206 1496 ergo
1248 1394 1508 1495 pudori
1536 1393 1902 1477 consulat,
1942 1393 2000 1461 si
2028 1391 2193 1487 quis
2218 1392 2372 1461 sine
2401 1405 2578 1461 teste

436 1559 624 1620 secisse
647 1573 868 1620 constat,
898 1561 1002 1620 vel,
1039 1572 1316 1609 transverso
1343 1556 1475 1606 ordi-

453 1657 514 1688 ne
531 1675 546 1698 ‚
586 1642 657 1689 sle
680 1642 916 1689 exhibent
937 1677 952 1701 ,
970 1652 1026 1687 ut
1046 1640 1191 1687 scisse
1212 1640 1439 1701 ignorent
1460 1649 1473 1682 :

453 1720 661 1784 talisque
680 1731 870 1769 mutant
883 1753 899 1779 ,
920 1718 1050 1767 unde
1067 1717 1205 1765 facile
1221 1714 1476 1777 intelligas,

453 1798 538 1845 has
558 1800 724 1847 turbas
743 1799 858 1847 inde
881 1808 1010 1844 ortas
1028 1794 1291 1858 esse,quod
1305 1792 1475 1840 scribae

453 1893 545 1939 pro
561 1878 730 1935 scisse,
740 1876 930 1940 secisse
945 1876 1187 1939 legebant.
1203 1873 1474 1936 volgatam,

454 1970 564 2017 quae
623 1972 685 2002 ex
731 1956 832 2002 Pal.
867 1971 887 2000 1
937 1964 1041 2011 est,
1085 1953 1229 2016 plene
1263 1951 1475 1999 reddunt

457 2032 585 2094 Spir.
619 2044 667 2079 et
696 2033 795 2082 Eri,
820 2034 905 2081 Sic
933 2031 1009 2079 vel
1039 2030 1271 2096 impunite
1295 2032 1346 2078 in
1372 2031 1471 2079 Pal.

464 2124 486 2157 ι
505 2146 519 2169 ,
553 2110 787 2171 scriptum
813 2127 916 2157 esse
936 2146 951 2170 ,
982 2123 1118 2158 certo
1146 2112 1361 2173 persuasi
1388 2126 1472 2156 su—

456 2202 582 2234 mus.
607 2186 757 2248 Quod
780 2197 941 2234 nutem
962 2189 1076 2236 Ern.
1099 2199 1259 2252 posset
1276 2187 1445 2234 suadet
1460 2223 1473 2244 ,

454 2281 568 2312 cum
593 2281 652 2312 eo
681 2265 837 2313 scriba
868 2266 1002 2315 Gud.
1037 2281 1062 2315 1
1082 2302 1096 2325 ,
1116 2277 1315 2329 peccat:
1339 2276 1471 2313 uter·

454 2360 551 2407 que
578 2344 708 2391 enim
736 2337 850 2392 uon'
876 2344 1072 2393 videbat
1098 2359 1307 2408 praesens
1332 2354 1472 2406 opta-

456 2424 555 2471 tiva
576 2423 623 2469 vi
645 2424 861 2486 positum
879 2459 893 2482 ‚
912 2440 1053 2471 suum
1082 2439 1282 2489 prorsus
1308 2423 1473 2470 locum

453 2518 714 2567 occupare.

534 2584 609 2631 16.
625 2583 1028 2651 AEquitas,fides,
1046 2583 1264 2648 justitia.
1294 2585 1403 2631 Bas.
1426 2594 1474 2631 et

452 2662 584 2711 Gud.
645 2677 667 2711 1
717 2678 847 2727 aequ.
863 2664 1089 2728 justitia,
1127 2663 1283 2731 fides.
1323 2663 1474 2724 Quod

454 2744 580 2790 forte
596 2759 698 2789 esse
719 2743 903 2806 aliquid
928 2744 1123 2807 putabis
1141 2777 1154 2800 ‚
1183 2759 1332 2806 quum
1343 2742 1473 2807 fides

456 2821 532 2867 his
572 2822 830 2869 virtutibus
874 2832 1116 2885 tamquam
1159 2822 1473 2869 fundamento

455 2915 545 2947 suo
586 2901 784 2948 nitatur.
813 2903 882 2947 At
907 2912 1078 2948 auctor
1116 2917 1317 2958 vocem,
1363 2916 1473 2963 quie

452 2988 636 3026 ceteras
693 2977 1123 3042 complecteretur,
1182 2990 1469 3041 postremam

454 3058 622 3120 poenit
636 3094 650 3116 ‚
673 3068 725 3104 ut
744 3058 926 3120 ubique
941 3059 1065 3105 solet
1085 3071 1098 3104 :
1123 3059 1326 3120 aequitas
1342 3059 1470 3106 enim

452 3146 503 3181 et
523 3135 644 3183 fides
664 3137 892 3196 justitiae,
932 3137 974 3183 si
996 3136 1140 3184 latius
1162 3136 1357 3193 dicitur,
1379 3153 1471 3184 no·

457 3214 589 3262 tioue
616 3216 946 3264 eontinentur.
980 3216 1131 3263 Iidem
1173 3214 1337 3278 paullo
1361 3225 1474 3277 post

457 3304 781 3358 transponunt
805 3293 910 3341 luee
936 3293 1119 3342 omnia.
1146 3296 1207 3342 Et
1234 3309 1347 3340 sene
1384 3309 1472 3341 ue·

455 3373 560 3420 seio
579 3373 700 3436 quid
721 3374 774 3420 in
812 3372 891 3421 his
925 3389 1062 3420 aures
1093 3389 1192 3420 non
1228 3372 1469 3435 probent:

456 3468 614 3516 neque
633 3454 804 3517 utique
825 3453 948 3499 bene
967 3467 1194 3499 numerus
1222 3450 1339 3498 coit.
1368 3452 1475 3497 Ma-

456 3530 540 3577 lim
574 3530 727 3594 igitur
753 3530 861 3578 lzoee
893 3530 1123 3577 deletum.
1166 3529 1299 3578 Solet
1331 3529 1473 3576 etism

453 3621 627 3658 auctor
649 3610 766 3657 alies
783 3609 963 3674 ubique
989 3610 1212 3657 universe
1235 3608 1443 3656 scribere
1458 3643 1473 3667 ,

456 3710 481 3728 ··
506 3690 683 3737 referre
701 3690 862 3737 omnin
887 3688 950 3737 nd
972 3688 1229 3737 utilitatem
1246 3711 1270 3729 n·
1287 3724 1301 3747 ‚
1329 3687 1478 3751 idque

457 3767 583 3816 solet
604 3769 885 3832 sepissime.
930 3770 1235 3831 Quamquam
1280 3767 1479 3830 quidem

456 3862 545 3911 per
569 3864 621 3894 se
649 3858 875 3895 neutrum
900 3846 1030 3906 lutee,
1056 3847 1119 3895 ad
1145 3849 1347 3896 virtutes
1373 3847 1478 3894 illes

458 3926 660 3975 relatum
675 3961 691 3987 ,
716 3927 965 3976 offendere
991 3927 1188 3975 minime
1209 3925 1369 3974 debet.
1392 3928 1453 3974 G.

535 4018 614 4065 17.
658 4009 829 4072 Deque
894 4006 969 4054 lu‘s
1029 4007 1187 4054 rebus.
1256 4005 1478 4068 Plerique

461 4081 631 4146 teripti
649 4119 664 4142 ‚
677 4107 704 4127 α
722 4087 818 4134 Sed
839 4085 901 4134 de
916 4086 994 4133 his
1008 4085 1152 4133 rebus
1166 4106 1188 4127 ι
1211 4099 1329 4133 :nec
1342 4084 1480 4132 aliter

462 4169 579 4208 vett.
622 4163 860 4228 impressi.
921 4167 1150 4215 Attamen
1199 4166 1417 4229 vulgata,
1452 4179 1479 4211 a

461 4237 589 4303 Spir.
608 4251 658 4291 et
680 4242 782 4292 Ert.
803 4245 1121 4309 comprobata
1138 4280 1154 4306 ,
1180 4243 1479 4311 praeferenda

1562 1566 1662 1614 est,
1689 1571 1840 1618 quum
1875 1571 1971 1617 que
2013 1565 2124 1617 post
2149 1553 2450 1615 negationem
2495 1557 2585 1601 sed

1562 1645 1729 1692 notet;
1757 1643 1810 1681 ut
1835 1633 1867 1697 S
1889 1635 1983 1689 60,
2006 1633 2267 1695 omniaque
2300 1649 2318 1678 .-
2345 1632 2492 1680 modo
2520 1650 2580 1680 ne

1562 1728 1673 1758 eum
1700 1712 1921 1759 Ernestio
1949 1722 2059 1759 ante
2087 1712 2244 1773 deque
2268 1722 2453 1774 puncto
2479 1728 2578 1759 mn-

1563 1791 1697 1838 ximo
1735 1789 2072 1855 distinguntur.
2101 1787 2372 1837 Offendunt
2400 1788 2579 1852 ubique

1561 1869 1660 1916 fere
1682 1869 1889 1927 librarii,
1928 1870 2090 1931 sique
2124 1868 2185 1915 sd
2224 1884 2366 1914 voces
2403 1884 2577 1915 mono-

1560 1948 1770 2012 syllabas
1796 1948 2010 1997 additur.
2024 1946 2115 1994 Sed
2135 1963 2264 2010 sepe
2280 1947 2350 1993 sic
2372 1958 2544 1993 auctor
2562 1962 2577 2006 ;

1560 2030 1627 2078 cf.
1651 2029 1716 2076 N.
1739 2030 1799 2076 D.
1824 2031 1872 2086 1,
1907 2044 1925 2074 ι
1949 2061 1963 2085 ,
1986 2044 2013 2075 2
2041 2042 2053 2076 :
2081 2048 2107 2067 α
2129 2026 2285 2089 deque
2304 2025 2379 2072 his
2394 2042 2576 2073 summa

1560 2109 1963 2171 philosophorum
1990 2106 2287 2154 dissensione
2311 2116 2572 2154 certatura.

1564 2188 1673 2233 Fin.
1711 2189 1788 2249 V,
1814 2189 1880 2248 6,
1916 2203 1971 2246 ¹7
1991 2220 2006 2243 ,
2049 2187 2244 2249 adeque
2271 2201 2331 2231 eo
2358 2195 2428 2231 est
2453 2186 2579 2232 inter

1559 2266 1883 2330 philosophos
1900 2301 1914 2323 ‚
1947 2277 2040 2313 etc.
2062 2289 2088 2308 ›-
2114 2268 2265 2314 Coru.
2296 2268 2485 2313 Det-m.
2506 2267 2578 2320 11.

1566 2360 1612 2402 1,
1626 2345 1783 2408 deque
1802 2362 1863 2392 ea
1889 2362 1966 2401 re,
1989 2345 2073 2392 ubi
2093 2356 2202 2392 aute
2220 2348 2369 2393 Heus.
2395 2345 2457 2391 de
2477 2362 2578 2408 qua

1560 2439 1613 2470 re
1631 2425 1939 2487 peccabatur.
1957 2426 2316 2473 G.-Ceterum
2336 2424 2576 2488 disputata

1561 2502 1666 2550 haec
1692 2503 1835 2550 latius
1861 2514 1998 2551 erant
2025 2504 2075 2550 in
2098 2503 2224 2550 libro
2244 2505 2316 2550 111
2362 2502 2424 2551 de
2450 2507 2575 2568 nep.

1561 2584 1645 2630 ubi
1668 2593 1840 2633 auctor
1880 2583 2028 2631 Laelio
2059 2583 2261 2643 justitiae
2302 2594 2458 2645 partes
2494 2584 2577 2630 de-

1560 2661 1824 2710 fendendas
1849 2662 2075 2723 dederat,
2105 2663 2249 2709 Furio
2268 2661 2458 2710 Philoni
2479 2663 2576 2710 illis

1561 2742 1823 2791 Carneadis
1848 2742 2059 2802 traditis,
2078 2742 2258 2806 quibus
2273 2743 2459 2803 justitia
2488 2744 2576 2788 im·

1559 2834 1822 2887 pugnatur.
1851 2823 1996 2881 Vide,
2020 2839 2131 2886 quae
2152 2821 2576 2886 supersunt‚illius

1557 2902 1670 2950 libri
1685 2903 2100 2966 reliquiss,etqnae
2112 2902 2181 2949 ibi
2197 2902 2511 2948 notabuntur.

1629 2983 1772 3030 XIX.
1807 2995 1852 3029 1.
1893 2980 1981 3027 Ad
2003 2975 2319 3034 modestiam,
2344 2977 2433 3024 vel
2455 2989 2574 3022 cem-

1551 3060 2017 3124 peraneiam.1³rope
2034 3056 2279 3104 abfuimus
2292 3090 2306 3112 ,
2329 3065 2384 3101 ut
2404 3053 2545 3101 verba
2558 3091 2574 3111 ,

1557 3140 1645 3187 vel
1656 3135 2023 3201 temperantiam
2041 3169 2056 3193 ,
2075 3135 2137 3181 nd
2157 3149 2309 3181 uucos
2327 3134 2574 3201 damnare-

1558 3233 1684 3264 mus.
1708 3217 1884 3279 Agitur
1901 3215 1952 3261 h.
1976 3214 2010 3261 1.
2027 3213 2088 3261 de
2107 3211 2403 3279 σωφροσύνῃ,
2429 3229 2573 3275 quam

1557 3295 1676 3342 licet
1701 3305 1874 3341 auctor
1894 3292 2117 3356 pluribus
2144 3307 2271 3355 saepe
2299 3292 2576 3340 nominibus

1561 3374 1755 3429 efferet3
1795 3372 1861 3421 cf.
1893 3373 1997 3420 Off.
2019 3374 2117 3432 111,
2138 3373 2202 3419 33
2222 3406 2237 3430 ,
2270 3372 2403 3431 1163
2430 3372 2575 3419 Tusc.

1562 3453 1664 3507 111,
1691 3453 1719 3497 8
1737 3486 1751 3511 ,
1775 3451 1852 3497 ἰ6
1882 3465 1895 3499 ;
1930 3449 2068 3498 nullo
2093 3460 2250 3498 tamen
2278 3467 2332 3498 ea
2354 3449 2470 3499 loeo
2493 3468 2579 3515 per

1560 3530 1649 3577 vel
1657 3529 1816 3592 jungit
1831 3564 1845 3588 ,
1869 3545 2058 3594 semper
2075 3545 2164 3593 per
2187 3530 2437 3595 copulam.
2460 3533 2579 3578 Per-

1564 3608 1712 3657 ticula
1740 3610 1830 3656 ve!
1853 3619 2012 3656 autem
2042 3608 2223 3673 glossas
2261 3610 2427 3669 necti,
2464 3611 2578 3658 alibi

1566 3687 1793 3736 vidimus.
1831 3687 2068 3744 Accedit,
2108 3687 2243 3751 quod
2270 3687 2443 3747 verbe,
2471 3706 2582 3752 ηοω

1564 3767 1812 3815 adduntur
1827 3801 1841 3825 ,
1879 3790 1904 3808 κ
1925 3783 2032 3830 quae
2060 3778 2131 3815 est
2152 3766 2428 3816 moderatio
2442 3771 2583 3831 eupi-

1566 3846 1771 3894 ditatum
1785 3868 1810 3887 ι»
1823 3879 1838 3905 ,
1871 3847 2022 3909 magis
2038 3846 2101 3894 sd
2119 3846 2404 3894 modestiam
2419 3859 2582 3911 aptat·

1566 3925 1850 3987 videantur,
1886 3942 2030 3989 quam
2075 3924 2138 3973 ed
2181 3926 2550 3990 temerantiam
2570 3961 2583 3981 ,

1566 4022 1678 4069 quae
1695 4005 1754 4052 iis
1782 4004 1863 4053 vix
1888 4016 2040 4069 egent.
2070 4005 2161 4053 111⁸
2177 4005 2217 4052 si
2235 4004 2514 4065 adjunxeris
2533 4004 2584 4050 in

1567 4088 1695 4150 Spir.
1736 4095 1785 4132 et
1815 4085 1916 4132 Erl.
1944 4106 1969 4126 ιι
1998 4084 2073 4133 vel
2108 4084 2428 4148 cupiditatum
2468 4094 2587 4129 tem·

1568 4167 1834 4229 per-utiam
1872 4185 1894 4207 n
1925 4164 2051 4228 legi,
2094 4175 2143 4213 et
2177 4181 2204 4211 n
2226 4163 2364 4213 Gud.
2405 4178 2431 4209 2
2483 4162 2585 4208 haee

1568 4246 1674 4309 ipss
1712 4244 1857 4293 verbs
1882 4242 2028 4309 plane
2052 4242 2266 4308 ignotast
2287 4255 2302 4289 2
2329 4241 2589 4289 nobiscum
