<?xml version="1.0" encoding="UTF-8"?>
<!DOCTYPE html PUBLIC "-//W3C//DTD XHTML 1.0 Transitional//EN"
    "http://www.w3.org/TR/xhtml1/DTD/xhtml1-transitional.dtd">
<html xmlns="http://www.w3.org/1999/xhtml" xml:lang="en" lang="en">
 <head>
  <title>
</title>
<meta http-equiv="Content-Type" content="text/html;charset=utf-8" />
  <meta name='ocr-system' content='tesseract 3.04.00' />
  <meta name='ocr-capabilities' content='ocr_page ocr_carea ocr_par ocr_line ocrx_word'/>
</head>
<body>
  <div class='ocr_page' id='page_1' title='image "./mtciceronisquae00clergoog/mtciceronisquae00clergoog_0447.png"; bbox 0 0 3217 4784; ppageno 0'>
   <div class='ocr_carea' id='block_1_1' title="bbox 1073 450 2519 549">
    <p class='ocr_par' dir='ltr' id='par_1_1' title="bbox 1073 450 2519 549">
     <span class='ocr_line' id='line_1_1' title="bbox 1073 450 2519 549; baseline 0.006 -34"><span class='ocrx_word' id='word_1_1' title='bbox 1073 450 1851 520; x_wconf 77' lang='lat' dir='ltr'><strong>ARGUMENTUM.</strong></span> <span class='ocrx_word' id='word_1_2' title='bbox 2382 457 2519 549; x_wconf 74' lang='lat'><strong>427</strong></span> 
     </span>
    </p>
   </div>
   <div class='ocr_carea' id='block_1_2' title="bbox 464 568 2542 4251">
    <p class='ocr_par' dir='ltr' id='par_1_2' title="bbox 464 568 2542 4251">
     <span class='ocr_line' id='line_1_2' title="bbox 473 568 2528 648; baseline 0.002 -20"><span class='ocrx_word' id='word_1_3' title='bbox 473 589 640 648; x_wconf 89' lang='lat' dir='ltr'><strong>pore,</strong></span> <span class='ocrx_word' id='word_1_4' title='bbox 686 588 1007 647; x_wconf 85' lang='lat' dir='ltr'><strong>eorumque</strong></span> <span class='ocrx_word' id='word_1_5' title='bbox 1037 568 1421 628; x_wconf 76' lang='lat' dir='ltr'><strong>conservandi</strong></span> <span class='ocrx_word' id='word_1_6' title='bbox 1450 570 1679 629; x_wconf 85' lang='lat' dir='ltr'><strong>studio:</strong></span> <span class='ocrx_word' id='word_1_7' title='bbox 1706 570 1896 647; x_wconf 83' lang='lat' dir='ltr'><strong>deque</strong></span> <span class='ocrx_word' id='word_1_8' title='bbox 1939 592 2163 629; x_wconf 87' lang='lat' dir='ltr'><strong>summo</strong></span> <span class='ocrx_word' id='word_1_9' title='bbox 2206 572 2339 631; x_wconf 84' lang='lat' dir='ltr'><strong>inde</strong></span> <span class='ocrx_word' id='word_1_10' title='bbox 2381 575 2528 644; x_wconf 81' lang='lat' dir='ltr'><strong>fine,</strong></span> 
     </span>
     <span class='ocr_line' id='line_1_3' title="bbox 470 666 2531 748; baseline 0.002 -22"><span class='ocrx_word' id='word_1_11' title='bbox 470 675 503 741; x_wconf 72' lang='grc' dir='ltr'>ς</span> <span class='ocrx_word' id='word_1_12' title='bbox 529 676 599 737; x_wconf 65' lang='lat'><strong>2⁴</strong></span> <span class='ocrx_word' id='word_1_13' title='bbox 619 711 636 739; x_wconf 90' lang='lat'>,</span> <span class='ocrx_word' id='word_1_14' title='bbox 660 669 763 727; x_wconf 74' lang='lat'><strong>25:</strong></span> <span class='ocrx_word' id='word_1_15' title='bbox 792 667 856 726; x_wconf 88' lang='lat' dir='ltr'><strong>id</strong></span> <span class='ocrx_word' id='word_1_16' title='bbox 881 668 1095 748; x_wconf 79' lang='lat' dir='ltr'><strong>carpit,</strong></span> <span class='ocrx_word' id='word_1_17' title='bbox 1118 666 1279 747; x_wconf 89' lang='lat' dir='ltr'><strong>quod</strong></span> <span class='ocrx_word' id='word_1_18' title='bbox 1307 668 1366 725; x_wconf 91' lang='lat' dir='ltr'><strong>in</strong></span> <span class='ocrx_word' id='word_1_19' title='bbox 1393 667 1507 727; x_wconf 88' lang='lat' dir='ltr'><strong>hoc</strong></span> <span class='ocrx_word' id='word_1_20' title='bbox 1530 669 1661 746; x_wconf 89' lang='lat' dir='ltr'><strong>ipso</strong></span> <span class='ocrx_word' id='word_1_21' title='bbox 1693 668 2101 728; x_wconf 77' lang='lat' dir='ltr'><strong>constituendo</strong></span> <span class='ocrx_word' id='word_1_22' title='bbox 2120 713 2138 741; x_wconf 90' lang='lat'>‚</span> <span class='ocrx_word' id='word_1_23' title='bbox 2166 671 2348 730; x_wconf 82' lang='lat' dir='ltr'>Stoici</span> <span class='ocrx_word' id='word_1_24' title='bbox 2378 673 2531 731; x_wconf 82' lang='lat' dir='ltr'><strong>refe-</strong></span> 
     </span>
     <span class='ocr_line' id='line_1_4' title="bbox 470 762 2531 844; baseline 0.002 -21"><span class='ocrx_word' id='word_1_25' title='bbox 470 777 662 824; x_wconf 81' lang='lat' dir='ltr'><strong>rentes</strong></span> <span class='ocrx_word' id='word_1_26' title='bbox 687 764 881 825; x_wconf 83' lang='lat' dir='ltr'><strong>omnia</strong></span> <span class='ocrx_word' id='word_1_27' title='bbox 903 763 979 823; x_wconf 74' lang='lat' dir='ltr'><strong>ad</strong></span> <span class='ocrx_word' id='word_1_28' title='bbox 1005 764 1290 834; x_wconf 76' lang='lat' dir='ltr'><strong>animum,</strong></span> <span class='ocrx_word' id='word_1_29' title='bbox 1313 782 1527 842; x_wconf 86' lang='lat' dir='ltr'><strong>corpus</strong></span> <span class='ocrx_word' id='word_1_30' title='bbox 1548 762 1946 835; x_wconf 83' lang='lat' dir='ltr'><strong>deseruerint,</strong></span> <span class='ocrx_word' id='word_1_31' title='bbox 1969 779 2146 844; x_wconf 80' lang='lat' dir='ltr'><strong>atque</strong></span> <span class='ocrx_word' id='word_1_32' title='bbox 2179 767 2260 826; x_wconf 78' lang='lat' dir='ltr'><strong>ita</strong></span> <span class='ocrx_word' id='word_1_33' title='bbox 2284 788 2404 827; x_wconf 93' lang='lat' dir='ltr'><strong>non</strong></span> <span class='ocrx_word' id='word_1_34' title='bbox 2427 769 2531 828; x_wconf 87' lang='lat' dir='ltr'><strong>ho-</strong></span> 
     </span>
     <span class='ocr_line' id='line_1_5' title="bbox 470 860 2530 945; baseline 0.002 -25"><span class='ocrx_word' id='word_1_35' title='bbox 470 862 640 921; x_wconf 89' lang='lat' dir='ltr'><strong>minis</strong></span> <span class='ocrx_word' id='word_1_36' title='bbox 667 882 955 921; x_wconf 85' lang='lat' dir='ltr'><strong>summum</strong></span> <span class='ocrx_word' id='word_1_37' title='bbox 987 860 1241 933; x_wconf 86' lang='lat' dir='ltr'><strong>bonum,</strong></span> <span class='ocrx_word' id='word_1_38' title='bbox 1281 860 1387 921; x_wconf 77' lang='lat' dir='ltr'><strong>sed</strong></span> <span class='ocrx_word' id='word_1_39' title='bbox 1432 862 1737 920; x_wconf 75' lang='lat' dir='ltr'><strong>animantis</strong></span> <span class='ocrx_word' id='word_1_40' title='bbox 1783 882 2034 941; x_wconf 87' lang='lat' dir='ltr'><strong>corpore</strong></span> <span class='ocrx_word' id='word_1_41' title='bbox 2074 865 2369 938; x_wconf 88' lang='lat' dir='ltr'><strong>destituti,</strong></span> <span class='ocrx_word' id='word_1_42' title='bbox 2417 887 2530 945; x_wconf 87' lang='lat' dir='ltr'><strong>po-</strong></span> 
     </span>
     <span class='ocr_line' id='line_1_6' title="bbox 469 957 2530 1044; baseline 0.004 -28"><span class='ocrx_word' id='word_1_43' title='bbox 469 960 705 1019; x_wconf 76' lang='lat' dir='ltr'><strong>suerint.</strong></span> <span class='ocrx_word' id='word_1_44' title='bbox 737 958 936 1030; x_wconf 83' lang='lat' dir='ltr'><strong>Quid?</strong></span> <span class='ocrx_word' id='word_1_45' title='bbox 954 977 1030 1017; x_wconf 88' lang='lat' dir='ltr'><strong>ne</strong></span> <span class='ocrx_word' id='word_1_46' title='bbox 1052 958 1358 1017; x_wconf 79' lang='lat' dir='ltr'><strong>animantis</strong></span> <span class='ocrx_word' id='word_1_47' title='bbox 1376 957 1641 1035; x_wconf 87' lang='lat' dir='ltr'><strong>quidem,</strong></span> <span class='ocrx_word' id='word_1_48' title='bbox 1669 979 1849 1037; x_wconf 87' lang='lat' dir='ltr'><strong>quum</strong></span> <span class='ocrx_word' id='word_1_49' title='bbox 1880 959 2010 1032; x_wconf 88' lang='lat' dir='ltr'><strong>hic,</strong></span> <span class='ocrx_word' id='word_1_50' title='bbox 2036 982 2167 1040; x_wconf 80' lang='lat' dir='ltr'><strong>quae</strong></span> <span class='ocrx_word' id='word_1_51' title='bbox 2190 977 2325 1022; x_wconf 89' lang='lat' dir='ltr'><strong>sunt</strong></span> <span class='ocrx_word' id='word_1_52' title='bbox 2345 965 2530 1044; x_wconf 77' lang='lat' dir='ltr'><strong>prima</strong></span> 
     </span>
     <span class='ocr_line' id='line_1_7' title="bbox 470 1054 2532 1136; baseline 0.003 -21"><span class='ocrx_word' id='word_1_53' title='bbox 470 1070 723 1129; x_wconf 85' lang='lat' dir='ltr'><strong>naturae,</strong></span> <span class='ocrx_word' id='word_1_54' title='bbox 772 1054 1146 1116; x_wconf 84' lang='lat' dir='ltr'><strong>desideraret.</strong></span> <span class='ocrx_word' id='word_1_55' title='bbox 1188 1060 1279 1114; x_wconf 82' lang='lat' dir='ltr'><strong>Ita</strong></span> <span class='ocrx_word' id='word_1_56' title='bbox 1319 1056 1473 1115; x_wconf 86' lang='lat' dir='ltr'><strong>enim</strong></span> <span class='ocrx_word' id='word_1_57' title='bbox 1521 1055 1914 1136; x_wconf 83' lang='lat' dir='ltr'><strong>Chrysippum</strong></span> <span class='ocrx_word' id='word_1_58' title='bbox 1955 1078 2243 1120; x_wconf 89' lang='lat' dir='ltr'><strong>summum</strong></span> <span class='ocrx_word' id='word_1_59' title='bbox 2283 1061 2532 1127; x_wconf 87' lang='lat' dir='ltr'><strong>hominis</strong></span> 
     </span>
     <span class='ocr_line' id='line_1_8' title="bbox 464 1153 2530 1233; baseline 0.003 -21"><span class='ocrx_word' id='word_1_60' title='bbox 464 1154 688 1212; x_wconf 87' lang='lat' dir='ltr'><strong>bonum</strong></span> <span class='ocrx_word' id='word_1_61' title='bbox 716 1153 1105 1227; x_wconf 84' lang='lat' dir='ltr'><strong>constituisse,</strong></span> <span class='ocrx_word' id='word_1_62' title='bbox 1133 1154 1300 1232; x_wconf 78' lang='lat' dir='ltr'><strong>quasi</strong></span> <span class='ocrx_word' id='word_1_63' title='bbox 1324 1154 1421 1213; x_wconf 83' lang='lat' dir='ltr'><strong>hic</strong></span> <span class='ocrx_word' id='word_1_64' title='bbox 1448 1154 1593 1214; x_wconf 88' lang='lat' dir='ltr'><strong>nihil</strong></span> <span class='ocrx_word' id='word_1_65' title='bbox 1619 1156 1731 1217; x_wconf 88' lang='lat' dir='ltr'><strong>nisi</strong></span> <span class='ocrx_word' id='word_1_66' title='bbox 1756 1155 2015 1215; x_wconf 83' lang='lat' dir='ltr'><strong>animum</strong></span> <span class='ocrx_word' id='word_1_67' title='bbox 2038 1156 2308 1230; x_wconf 84' lang='lat' dir='ltr'><strong>haberet,</strong></span> <span class='ocrx_word' id='word_1_68' title='bbox 2352 1167 2384 1233; x_wconf 78' lang='lat' dir='ltr'>S</span> <span class='ocrx_word' id='word_1_69' title='bbox 2416 1162 2530 1219; x_wconf 77' lang='lat'><strong>26-</strong></span> 
     </span>
     <span class='ocr_line' id='line_1_9' title="bbox 469 1251 2533 1333; baseline 0.004 -25"><span class='ocrx_word' id='word_1_70' title='bbox 469 1252 565 1309; x_wconf 80' lang='lat'><strong>28.</strong></span> <span class='ocrx_word' id='word_1_71' title='bbox 603 1256 755 1311; x_wconf 87' lang='lat' dir='ltr'><strong>Tum</strong></span> <span class='ocrx_word' id='word_1_72' title='bbox 782 1251 961 1311; x_wconf 81' lang='lat' dir='ltr'><strong>modo</strong></span> <span class='ocrx_word' id='word_1_73' title='bbox 993 1252 1053 1310; x_wconf 92' lang='lat' dir='ltr'><strong>in</strong></span> <span class='ocrx_word' id='word_1_74' title='bbox 1075 1253 1200 1311; x_wconf 79' lang='lat' dir='ltr'><strong>sola</strong></span> <span class='ocrx_word' id='word_1_75' title='bbox 1232 1252 1450 1312; x_wconf 83' lang='lat' dir='ltr'><strong>virtute</strong></span> <span class='ocrx_word' id='word_1_76' title='bbox 1477 1273 1764 1317; x_wconf 86' lang='lat' dir='ltr'><strong>summum</strong></span> <span class='ocrx_word' id='word_1_77' title='bbox 1800 1252 2024 1312; x_wconf 90' lang='lat' dir='ltr'><strong>bonum</strong></span> <span class='ocrx_word' id='word_1_78' title='bbox 2059 1268 2218 1313; x_wconf 87' lang='lat' dir='ltr'><strong>recte</strong></span> <span class='ocrx_word' id='word_1_79' title='bbox 2247 1260 2456 1333; x_wconf 65' lang='lat' dir='ltr'><strong>quaeri,</strong></span> <span class='ocrx_word' id='word_1_80' title='bbox 2484 1259 2533 1316; x_wconf 90' lang='lat' dir='ltr'><strong>si</strong></span> 
     </span>
     <span class='ocr_line' id='line_1_10' title="bbox 469 1348 2534 1429; baseline 0.003 -22"><span class='ocrx_word' id='word_1_81' title='bbox 469 1348 527 1407; x_wconf 89' lang='lat' dir='ltr'><strong>id</strong></span> <span class='ocrx_word' id='word_1_82' title='bbox 556 1348 633 1408; x_wconf 78' lang='lat' dir='ltr'><strong>ad</strong></span> <span class='ocrx_word' id='word_1_83' title='bbox 654 1348 890 1421; x_wconf 78' lang='lat' dir='ltr'><strong>animal,</strong></span> <span class='ocrx_word' id='word_1_84' title='bbox 924 1351 1045 1409; x_wconf 78' lang='lat' dir='ltr'><strong>sola</strong></span> <span class='ocrx_word' id='word_1_85' title='bbox 1074 1363 1266 1409; x_wconf 87' lang='lat' dir='ltr'><strong>mente</strong></span> <span class='ocrx_word' id='word_1_86' title='bbox 1295 1364 1591 1423; x_wconf 77' lang='lat' dir='ltr'><strong>constans,</strong></span> <span class='ocrx_word' id='word_1_87' title='bbox 1621 1351 1970 1429; x_wconf 72' lang='lat' dir='ltr'><strong>pertineret,</strong></span> <span class='ocrx_word' id='word_1_88' title='bbox 2002 1371 2194 1429; x_wconf 89' lang='lat' dir='ltr'><strong>neque</strong></span> <span class='ocrx_word' id='word_1_89' title='bbox 2228 1353 2337 1412; x_wconf 79' lang='lat' dir='ltr'><strong>ista</strong></span> <span class='ocrx_word' id='word_1_90' title='bbox 2371 1376 2534 1415; x_wconf 85' lang='lat' dir='ltr'><strong>mens</strong></span> 
     </span>
     <span class='ocr_line' id='line_1_11' title="bbox 467 1446 2536 1531; baseline 0.003 -27"><span class='ocrx_word' id='word_1_91' title='bbox 467 1446 786 1526; x_wconf 74' lang='lat' dir='ltr'><strong>quidquam</strong></span> <span class='ocrx_word' id='word_1_92' title='bbox 817 1447 1087 1520; x_wconf 78' lang='lat' dir='ltr'><strong>haberet,</strong></span> <span class='ocrx_word' id='word_1_93' title='bbox 1128 1447 1287 1527; x_wconf 83' lang='lat' dir='ltr'><strong>quod</strong></span> <span class='ocrx_word' id='word_1_94' title='bbox 1316 1448 1635 1507; x_wconf 89' lang='lat' dir='ltr'><strong>secundum</strong></span> <span class='ocrx_word' id='word_1_95' title='bbox 1664 1462 1932 1510; x_wconf 77' lang='lat' dir='ltr'><strong>naturam</strong></span> <span class='ocrx_word' id='word_1_96' title='bbox 1964 1461 2151 1507; x_wconf 69' lang='lat' dir='ltr'><strong>oeset:</strong></span> <span class='ocrx_word' id='word_1_97' title='bbox 2194 1449 2294 1509; x_wconf 84' lang='lat' dir='ltr'><strong>sed</strong></span> <span class='ocrx_word' id='word_1_98' title='bbox 2326 1451 2387 1510; x_wconf 89' lang='lat' dir='ltr'><strong>id</strong></span> <span class='ocrx_word' id='word_1_99' title='bbox 2423 1473 2536 1531; x_wconf 89' lang='lat' dir='ltr'><strong>pu-</strong></span> 
     </span>
     <span class='ocr_line' id='line_1_12' title="bbox 470 1546 2534 1626; baseline 0.002 -23"><span class='ocrx_word' id='word_1_100' title='bbox 470 1565 647 1623; x_wconf 74' lang='lat' dir='ltr'><strong>gnare</strong></span> <span class='ocrx_word' id='word_1_101' title='bbox 672 1566 868 1606; x_wconf 83' lang='lat' dir='ltr'><strong>secum</strong></span> <span class='ocrx_word' id='word_1_102' title='bbox 890 1546 1099 1626; x_wconf 87' lang='lat' dir='ltr'><strong>ipsum.</strong></span> <span class='ocrx_word' id='word_1_103' title='bbox 1128 1551 1266 1605; x_wconf 78' lang='lat' dir='ltr'><strong>Esse</strong></span> <span class='ocrx_word' id='word_1_104' title='bbox 1294 1546 1532 1625; x_wconf 90' lang='lat' dir='ltr'><strong>quidem</strong></span> <span class='ocrx_word' id='word_1_105' title='bbox 1557 1548 1824 1625; x_wconf 81' lang='lat' dir='ltr'><strong>corporis</strong></span> <span class='ocrx_word' id='word_1_106' title='bbox 1849 1546 2004 1604; x_wconf 81' lang='lat' dir='ltr'><strong>bona</strong></span> <span class='ocrx_word' id='word_1_107' title='bbox 2035 1547 2228 1624; x_wconf 79' lang='lat' dir='ltr'><strong>exigui</strong></span> <span class='ocrx_word' id='word_1_108' title='bbox 2254 1551 2534 1608; x_wconf 86' lang='lat' dir='ltr'><strong>momenti</strong></span> 
     </span>
     <span class='ocr_line' id='line_1_13' title="bbox 469 1642 2533 1721; baseline 0.002 -20"><span class='ocrx_word' id='word_1_109' title='bbox 469 1644 542 1701; x_wconf 76' lang='lat' dir='ltr'><strong>ad</strong></span> <span class='ocrx_word' id='word_1_110' title='bbox 571 1644 867 1716; x_wconf 85' lang='lat' dir='ltr'><strong>virtutem,</strong></span> <span class='ocrx_word' id='word_1_111' title='bbox 892 1643 966 1702; x_wconf 78' lang='lat' dir='ltr'><strong>ab</strong></span> <span class='ocrx_word' id='word_1_112' title='bbox 990 1663 1173 1721; x_wconf 82' lang='lat' dir='ltr'><strong>eaque</strong></span> <span class='ocrx_word' id='word_1_113' title='bbox 1198 1642 1496 1702; x_wconf 78' lang='lat' dir='ltr'><strong>obscurari</strong></span> <span class='ocrx_word' id='word_1_114' title='bbox 1512 1687 1528 1715; x_wconf 94' lang='lat'>,</span> <span class='ocrx_word' id='word_1_115' title='bbox 1550 1658 1618 1701; x_wconf 87' lang='lat' dir='ltr'><strong>ut</strong></span> <span class='ocrx_word' id='word_1_116' title='bbox 1640 1664 1675 1702; x_wconf 84' lang='lat' dir='ltr'>a</span> <span class='ocrx_word' id='word_1_117' title='bbox 1702 1643 1824 1702; x_wconf 90' lang='lat' dir='ltr'><strong>sole</strong></span> <span class='ocrx_word' id='word_1_118' title='bbox 1847 1645 2172 1703; x_wconf 78' lang='lat' dir='ltr'><strong>lucernam:</strong></span> <span class='ocrx_word' id='word_1_119' title='bbox 2203 1643 2279 1702; x_wconf 79' lang='lat' dir='ltr'><strong>ad</strong></span> <span class='ocrx_word' id='word_1_120' title='bbox 2302 1644 2533 1705; x_wconf 80' lang='lat' dir='ltr'><strong>beatam</strong></span> 
     </span>
     <span class='ocr_line' id='line_1_14' title="bbox 472 1740 2532 1819; baseline 0 -20"><span class='ocrx_word' id='word_1_121' title='bbox 472 1755 661 1799; x_wconf 81' lang='lat' dir='ltr'><strong>tamen</strong></span> <span class='ocrx_word' id='word_1_122' title='bbox 684 1742 863 1798; x_wconf 80' lang='lat' dir='ltr'><strong>vitam</strong></span> <span class='ocrx_word' id='word_1_123' title='bbox 886 1740 1169 1798; x_wconf 82' lang='lat' dir='ltr'><strong>conferre.</strong></span> <span class='ocrx_word' id='word_1_124' title='bbox 1199 1744 1322 1798; x_wconf 89' lang='lat' dir='ltr'><strong>Nec</strong></span> <span class='ocrx_word' id='word_1_125' title='bbox 1346 1740 1726 1818; x_wconf 69' lang='lat' dir='ltr'><strong>quaerendum</strong></span> <span class='ocrx_word' id='word_1_126' title='bbox 1747 1741 2043 1819; x_wconf 87' lang='lat' dir='ltr'><strong>esse‚quid</strong></span> <span class='ocrx_word' id='word_1_127' title='bbox 2063 1740 2141 1798; x_wconf 92' lang='lat' dir='ltr'><strong>ob</strong></span> <span class='ocrx_word' id='word_1_128' title='bbox 2165 1742 2532 1819; x_wconf 78' lang='lat' dir='ltr'><strong>exiguitatem</strong></span> 
     </span>
     <span class='ocr_line' id='line_1_15' title="bbox 469 1838 2532 1918; baseline 0.002 -24"><span class='ocrx_word' id='word_1_129' title='bbox 469 1858 630 1897; x_wconf 79' lang='lat' dir='ltr'><strong>suam</strong></span> <span class='ocrx_word' id='word_1_130' title='bbox 682 1839 1052 1909; x_wconf 85' lang='lat' dir='ltr'><strong>obscuretur,</strong></span> <span class='ocrx_word' id='word_1_131' title='bbox 1093 1839 1194 1896; x_wconf 86' lang='lat' dir='ltr'><strong>sed</strong></span> <span class='ocrx_word' id='word_1_132' title='bbox 1235 1838 1379 1916; x_wconf 91' lang='lat' dir='ltr'><strong>quid</strong></span> <span class='ocrx_word' id='word_1_133' title='bbox 1422 1839 1706 1917; x_wconf 89' lang='lat' dir='ltr'><strong>ejusmodi</strong></span> <span class='ocrx_word' id='word_1_134' title='bbox 1748 1840 1858 1911; x_wconf 83' lang='lat' dir='ltr'><strong>sit,</strong></span> <span class='ocrx_word' id='word_1_135' title='bbox 1906 1854 1971 1897; x_wconf 91' lang='lat' dir='ltr'><strong>ut</strong></span> <span class='ocrx_word' id='word_1_136' title='bbox 2011 1838 2086 1898; x_wconf 84' lang='lat' dir='ltr'><strong>ad</strong></span> <span class='ocrx_word' id='word_1_137' title='bbox 2127 1839 2532 1918; x_wconf 79' lang='lat' dir='ltr'><strong>complendam</strong></span> 
     </span>
     <span class='ocr_line' id='line_1_16' title="bbox 472 1935 2533 2015; baseline 0.002 -25"><span class='ocrx_word' id='word_1_138' title='bbox 472 1935 655 1994; x_wconf 82' lang='lat' dir='ltr'><strong>beatae</strong></span> <span class='ocrx_word' id='word_1_139' title='bbox 682 1936 815 1993; x_wconf 81' lang='lat' dir='ltr'><strong>vitae</strong></span> <span class='ocrx_word' id='word_1_140' title='bbox 856 1956 1135 1994; x_wconf 83' lang='lat' dir='ltr'><strong>summam</strong></span> <span class='ocrx_word' id='word_1_141' title='bbox 1171 1936 1466 2008; x_wconf 83' lang='lat' dir='ltr'><strong>conferat,</strong></span> <span class='ocrx_word' id='word_1_142' title='bbox 1504 1950 1680 2014; x_wconf 84' lang='lat' dir='ltr'><strong>atque</strong></span> <span class='ocrx_word' id='word_1_143' title='bbox 1722 1937 1802 1996; x_wconf 83' lang='lat' dir='ltr'><strong>ita</strong></span> <span class='ocrx_word' id='word_1_144' title='bbox 1842 1935 2030 1996; x_wconf 84' lang='lat' dir='ltr'><strong>beatae</strong></span> <span class='ocrx_word' id='word_1_145' title='bbox 2073 1936 2203 1995; x_wconf 81' lang='lat' dir='ltr'><strong>vitae</strong></span> <span class='ocrx_word' id='word_1_146' title='bbox 2248 1958 2384 2015; x_wconf 83' lang='lat' dir='ltr'><strong>pars</strong></span> <span class='ocrx_word' id='word_1_147' title='bbox 2426 1937 2533 2008; x_wconf 90' lang='lat' dir='ltr'><strong>sit,</strong></span> 
     </span>
     <span class='ocr_line' id='line_1_17' title="bbox 469 2032 2533 2113; baseline 0.002 -25"><span class='ocrx_word' id='word_1_148' title='bbox 469 2039 500 2103; x_wconf 77' lang='lat' dir='ltr'>S</span> <span class='ocrx_word' id='word_1_149' title='bbox 528 2035 738 2108; x_wconf 73' lang='lat'><strong>29-32.</strong></span> <span class='ocrx_word' id='word_1_150' title='bbox 766 2032 994 2090; x_wconf 85' lang='lat' dir='ltr'><strong>Deinde</strong></span> <span class='ocrx_word' id='word_1_151' title='bbox 1034 2034 1293 2092; x_wconf 88' lang='lat' dir='ltr'><strong>omnium</strong></span> <span class='ocrx_word' id='word_1_152' title='bbox 1328 2047 1672 2094; x_wconf 72' lang='lat' dir='ltr'><strong>naturarum</strong></span> <span class='ocrx_word' id='word_1_153' title='bbox 1707 2034 1891 2094; x_wconf 90' lang='lat' dir='ltr'><strong>simile</strong></span> <span class='ocrx_word' id='word_1_154' title='bbox 1924 2055 2048 2093; x_wconf 85' lang='lat' dir='ltr'><strong>esse</strong></span> <span class='ocrx_word' id='word_1_155' title='bbox 2089 2034 2235 2107; x_wconf 87' lang='lat' dir='ltr'><strong>hoc,</strong></span> <span class='ocrx_word' id='word_1_156' title='bbox 2265 2034 2340 2093; x_wconf 77' lang='lat' dir='ltr'><strong>ad</strong></span> <span class='ocrx_word' id='word_1_157' title='bbox 2376 2035 2533 2113; x_wconf 88' lang='lat' dir='ltr'><strong>quod</strong></span> 
     </span>
     <span class='ocr_line' id='line_1_18' title="bbox 469 2129 2534 2211; baseline 0.002 -26"><span class='ocrx_word' id='word_1_158' title='bbox 469 2129 662 2187; x_wconf 78' lang='lat' dir='ltr'><strong>omnia</strong></span> <span class='ocrx_word' id='word_1_159' title='bbox 710 2130 1055 2201; x_wconf 79' lang='lat' dir='ltr'><strong>referantur,</strong></span> <span class='ocrx_word' id='word_1_160' title='bbox 1102 2130 1280 2209; x_wconf 87' lang='lat' dir='ltr'><strong>idque</strong></span> <span class='ocrx_word' id='word_1_161' title='bbox 1327 2153 1452 2191; x_wconf 86' lang='lat' dir='ltr'><strong>esse</strong></span> <span class='ocrx_word' id='word_1_162' title='bbox 1497 2153 1694 2191; x_wconf 84' lang='lat' dir='ltr'><strong>rerum</strong></span> <span class='ocrx_word' id='word_1_163' title='bbox 1739 2133 2199 2211; x_wconf 80' lang='lat' dir='ltr'><strong>expetendarum</strong></span> <span class='ocrx_word' id='word_1_164' title='bbox 2250 2134 2534 2191; x_wconf 87' lang='lat' dir='ltr'><strong>ultimum.</strong></span> 
     </span>
     <span class='ocr_line' id='line_1_19' title="bbox 470 2229 2534 2308; baseline 0.002 -25"><span class='ocrx_word' id='word_1_165' title='bbox 470 2234 665 2299; x_wconf 85' lang='lat' dir='ltr'><strong>Quum</strong></span> <span class='ocrx_word' id='word_1_166' title='bbox 695 2240 889 2285; x_wconf 76' lang='lat' dir='ltr'><strong>nutem</strong></span> <span class='ocrx_word' id='word_1_167' title='bbox 921 2229 1107 2287; x_wconf 85' lang='lat' dir='ltr'><strong>omnis</strong></span> <span class='ocrx_word' id='word_1_168' title='bbox 1128 2242 1337 2288; x_wconf 86' lang='lat' dir='ltr'><strong>natura</strong></span> <span class='ocrx_word' id='word_1_169' title='bbox 1366 2231 1583 2289; x_wconf 78' lang='lat' dir='ltr'><strong>nullam</strong></span> <span class='ocrx_word' id='word_1_170' title='bbox 1607 2233 1698 2290; x_wconf 88' lang='lat' dir='ltr'><strong>sui</strong></span> <span class='ocrx_word' id='word_1_171' title='bbox 1727 2251 1834 2288; x_wconf 89' lang='lat' dir='ltr'><strong>nec</strong></span> <span class='ocrx_word' id='word_1_172' title='bbox 1862 2244 2088 2308; x_wconf 81' lang='lat' dir='ltr'><strong>partem</strong></span> <span class='ocrx_word' id='word_1_173' title='bbox 2106 2272 2123 2299; x_wconf 85' lang='lat'>‚</span> <span class='ocrx_word' id='word_1_174' title='bbox 2157 2250 2266 2288; x_wconf 90' lang='lat' dir='ltr'><strong>nec</strong></span> <span class='ocrx_word' id='word_1_175' title='bbox 2296 2250 2429 2307; x_wconf 83' lang='lat' dir='ltr'><strong>quae</strong></span> <span class='ocrx_word' id='word_1_176' title='bbox 2462 2230 2534 2288; x_wconf 80' lang='lat' dir='ltr'><strong>ad</strong></span> 
     </span>
     <span class='ocr_line' id='line_1_20' title="bbox 470 2325 2538 2401; baseline 0.002 -21"><span class='ocrx_word' id='word_1_177' title='bbox 470 2337 695 2401; x_wconf 81' lang='lat' dir='ltr'><strong>partem</strong></span> <span class='ocrx_word' id='word_1_178' title='bbox 735 2326 1079 2397; x_wconf 81' lang='lat' dir='ltr'><strong>referantur,</strong></span> <span class='ocrx_word' id='word_1_179' title='bbox 1118 2325 1372 2398; x_wconf 79' lang='lat' dir='ltr'><strong>deserat3</strong></span> <span class='ocrx_word' id='word_1_180' title='bbox 1410 2326 1755 2386; x_wconf 87' lang='lat' dir='ltr'><strong>incredibile</strong></span> <span class='ocrx_word' id='word_1_181' title='bbox 1795 2348 1919 2386; x_wconf 85' lang='lat' dir='ltr'><strong>esse</strong></span> <span class='ocrx_word' id='word_1_182' title='bbox 1972 2327 2228 2385; x_wconf 87' lang='lat' dir='ltr'><strong>hominis</strong></span> <span class='ocrx_word' id='word_1_183' title='bbox 2269 2341 2538 2386; x_wconf 79' lang='lat' dir='ltr'><strong>naturam</strong></span> 
     </span>
     <span class='ocr_line' id='line_1_21' title="bbox 469 2419 2542 2501; baseline 0.002 -24"><span class='ocrx_word' id='word_1_184' title='bbox 469 2419 713 2479; x_wconf 79' lang='lat' dir='ltr'><strong>oblitam</strong></span> <span class='ocrx_word' id='word_1_185' title='bbox 743 2441 867 2480; x_wconf 62' lang='lat' dir='ltr'><strong>esse</strong></span> <span class='ocrx_word' id='word_1_186' title='bbox 896 2423 1191 2501; x_wconf 75' lang='lat' dir='ltr'><strong>corporis,</strong></span> <span class='ocrx_word' id='word_1_187' title='bbox 1239 2435 1297 2481; x_wconf 89' lang='lat' dir='ltr'><strong>et</strong></span> <span class='ocrx_word' id='word_1_188' title='bbox 1336 2443 1624 2482; x_wconf 88' lang='lat' dir='ltr'><strong>summum</strong></span> <span class='ocrx_word' id='word_1_189' title='bbox 1661 2422 1918 2494; x_wconf 89' lang='lat' dir='ltr'><strong>bonum,</strong></span> <span class='ocrx_word' id='word_1_190' title='bbox 1966 2422 2127 2501; x_wconf 87' lang='lat' dir='ltr'><strong>quod</strong></span> <span class='ocrx_word' id='word_1_191' title='bbox 2161 2424 2222 2480; x_wconf 91' lang='lat' dir='ltr'><strong>in</strong></span> <span class='ocrx_word' id='word_1_192' title='bbox 2267 2436 2390 2483; x_wconf 87' lang='lat' dir='ltr'><strong>toto</strong></span> <span class='ocrx_word' id='word_1_193' title='bbox 2434 2424 2542 2482; x_wconf 92' lang='lat' dir='ltr'><strong>ho-</strong></span> 
     </span>
     <span class='ocr_line' id='line_1_22' title="bbox 468 2519 2537 2598; baseline 0.001 -23"><span class='ocrx_word' id='word_1_194' title='bbox 468 2519 623 2576; x_wconf 86' lang='lat' dir='ltr'><strong>mine</strong></span> <span class='ocrx_word' id='word_1_195' title='bbox 650 2519 986 2595; x_wconf 89' lang='lat' dir='ltr'><strong>ponendum</strong></span> <span class='ocrx_word' id='word_1_196' title='bbox 1023 2533 1174 2591; x_wconf 82' lang='lat' dir='ltr'><strong>erat,</strong></span> <span class='ocrx_word' id='word_1_197' title='bbox 1201 2523 1265 2577; x_wconf 89' lang='lat' dir='ltr'><strong>in</strong></span> <span class='ocrx_word' id='word_1_198' title='bbox 1298 2520 1493 2579; x_wconf 83' lang='lat' dir='ltr'><strong>animo</strong></span> <span class='ocrx_word' id='word_1_199' title='bbox 1528 2520 1708 2579; x_wconf 88' lang='lat' dir='ltr'><strong>modo</strong></span> <span class='ocrx_word' id='word_1_200' title='bbox 1752 2520 2008 2579; x_wconf 77' lang='lat' dir='ltr'><strong>hominis</strong></span> <span class='ocrx_word' id='word_1_201' title='bbox 2045 2520 2340 2598; x_wconf 74' lang='lat' dir='ltr'><strong>posuisse,</strong></span> <span class='ocrx_word' id='word_1_202' title='bbox 2372 2527 2403 2593; x_wconf 72' lang='lat' dir='ltr'>S</span> <span class='ocrx_word' id='word_1_203' title='bbox 2436 2522 2537 2592; x_wconf 75' lang='lat'><strong>32,</strong></span> 
     </span>
     <span class='ocr_line' id='line_1_23' title="bbox 472 2615 2540 2697; baseline 0.002 -26"><span class='ocrx_word' id='word_1_204' title='bbox 472 2615 563 2674; x_wconf 84' lang='lat'><strong>33.</strong></span> <span class='ocrx_word' id='word_1_205' title='bbox 588 2618 828 2675; x_wconf 78' lang='lat' dir='ltr'><strong>Mutatis</strong></span> <span class='ocrx_word' id='word_1_206' title='bbox 848 2617 1028 2694; x_wconf 85' lang='lat' dir='ltr'><strong>igitur</strong></span> <span class='ocrx_word' id='word_1_207' title='bbox 1048 2630 1268 2676; x_wconf 80' lang='lat' dir='ltr'><strong>naturae</strong></span> <span class='ocrx_word' id='word_1_208' title='bbox 1293 2618 1623 2697; x_wconf 85' lang='lat' dir='ltr'><strong>principiis,</strong></span> <span class='ocrx_word' id='word_1_209' title='bbox 1654 2617 1972 2678; x_wconf 84' lang='lat' dir='ltr'><strong>dicendum</strong></span> <span class='ocrx_word' id='word_1_210' title='bbox 1998 2617 2211 2678; x_wconf 87' lang='lat' dir='ltr'><strong>Stoicis</strong></span> <span class='ocrx_word' id='word_1_211' title='bbox 2238 2618 2319 2675; x_wconf 86' lang='lat' dir='ltr'><strong>sic</strong></span> <span class='ocrx_word' id='word_1_212' title='bbox 2342 2618 2540 2696; x_wconf 88' lang='lat' dir='ltr'><strong>potius</strong></span> 
     </span>
     <span class='ocr_line' id='line_1_24' title="bbox 473 2714 2539 2794; baseline 0.001 -25"><span class='ocrx_word' id='word_1_213' title='bbox 473 2732 626 2771; x_wconf 85' lang='lat' dir='ltr'><strong>esse:</strong></span> <span class='ocrx_word' id='word_1_214' title='bbox 661 2733 833 2772; x_wconf 89' lang='lat' dir='ltr'><strong>omne</strong></span> <span class='ocrx_word' id='word_1_215' title='bbox 877 2715 1090 2774; x_wconf 82' lang='lat' dir='ltr'><strong>animal</strong></span> <span class='ocrx_word' id='word_1_216' title='bbox 1138 2715 1496 2794; x_wconf 81' lang='lat' dir='ltr'><strong>applicatum</strong></span> <span class='ocrx_word' id='word_1_217' title='bbox 1535 2714 1612 2772; x_wconf 79' lang='lat' dir='ltr'><strong>ad</strong></span> <span class='ocrx_word' id='word_1_218' title='bbox 1650 2715 1712 2773; x_wconf 88' lang='lat' dir='ltr'><strong>id</strong></span> <span class='ocrx_word' id='word_1_219' title='bbox 1756 2735 1914 2786; x_wconf 82' lang='lat' dir='ltr'><strong>esse,</strong></span> <span class='ocrx_word' id='word_1_220' title='bbox 1960 2714 2120 2792; x_wconf 84' lang='lat' dir='ltr'><strong>quod</strong></span> <span class='ocrx_word' id='word_1_221' title='bbox 2174 2716 2234 2774; x_wconf 91' lang='lat' dir='ltr'><strong>in</strong></span> <span class='ocrx_word' id='word_1_222' title='bbox 2287 2715 2417 2793; x_wconf 86' lang='lat' dir='ltr'><strong>ipso</strong></span> <span class='ocrx_word' id='word_1_223' title='bbox 2467 2716 2539 2773; x_wconf 89' lang='lat' dir='ltr'><strong>sit</strong></span> 
     </span>
     <span class='ocr_line' id='line_1_25' title="bbox 470 2810 2540 2892; baseline 0 -24"><span class='ocrx_word' id='word_1_224' title='bbox 470 2810 786 2888; x_wconf 87' lang='lat' dir='ltr'><strong>optimum,</strong></span> <span class='ocrx_word' id='word_1_225' title='bbox 826 2812 883 2869; x_wconf 90' lang='lat' dir='ltr'><strong>in</strong></span> <span class='ocrx_word' id='word_1_226' title='bbox 924 2830 1113 2890; x_wconf 89' lang='lat' dir='ltr'><strong>eoque</strong></span> <span class='ocrx_word' id='word_1_227' title='bbox 1152 2811 1548 2871; x_wconf 77' lang='lat' dir='ltr'><strong>conservando</strong></span> <span class='ocrx_word' id='word_1_228' title='bbox 1578 2825 1972 2892; x_wconf 80' lang='lat' dir='ltr'><strong>ooeupatum3</strong></span> <span class='ocrx_word' id='word_1_229' title='bbox 2002 2832 2176 2889; x_wconf 75' lang='lat' dir='ltr'><strong>quam</strong></span> <span class='ocrx_word' id='word_1_230' title='bbox 2207 2824 2273 2869; x_wconf 89' lang='lat' dir='ltr'><strong>ut</strong></span> <span class='ocrx_word' id='word_1_231' title='bbox 2300 2811 2499 2869; x_wconf 84' lang='lat' dir='ltr'><strong>dicant</strong></span> <span class='ocrx_word' id='word_1_232' title='bbox 2523 2854 2540 2884; x_wconf 89' lang='lat'><strong>,</strong></span> 
     </span>
     <span class='ocr_line' id='line_1_26' title="bbox 473 2907 2538 2989; baseline 0 -25"><span class='ocrx_word' id='word_1_233' title='bbox 473 2927 648 2966; x_wconf 83' lang='lat' dir='ltr'><strong>omne</strong></span> <span class='ocrx_word' id='word_1_234' title='bbox 680 2909 926 2975; x_wconf 80' lang='lat' dir='ltr'><strong>animal,</strong></span> <span class='ocrx_word' id='word_1_235' title='bbox 961 2909 1131 2967; x_wconf 81' lang='lat' dir='ltr'><strong>simul</strong></span> <span class='ocrx_word' id='word_1_236' title='bbox 1169 2909 1244 2968; x_wconf 84' lang='lat' dir='ltr'><strong>sit</strong></span> <span class='ocrx_word' id='word_1_237' title='bbox 1285 2924 1511 2982; x_wconf 86' lang='lat' dir='ltr'><strong>ortum,</strong></span> <span class='ocrx_word' id='word_1_238' title='bbox 1554 2910 1917 2989; x_wconf 78' lang='lat' dir='ltr'><strong>applicatum</strong></span> <span class='ocrx_word' id='word_1_239' title='bbox 1946 2929 2072 2968; x_wconf 81' lang='lat' dir='ltr'><strong>esse</strong></span> <span class='ocrx_word' id='word_1_240' title='bbox 2098 2908 2172 2966; x_wconf 82' lang='lat' dir='ltr'><strong>ad</strong></span> <span class='ocrx_word' id='word_1_241' title='bbox 2201 2928 2263 2967; x_wconf 85' lang='lat' dir='ltr'><strong>se</strong></span> <span class='ocrx_word' id='word_1_242' title='bbox 2289 2907 2538 2985; x_wconf 74' lang='lat' dir='ltr'><strong>diligen-</strong></span> 
     </span>
     <span class='ocr_line' id='line_1_27' title="bbox 470 3003 2537 3087; baseline -0.001 -24"><span class='ocrx_word' id='word_1_243' title='bbox 470 3004 641 3076; x_wconf 88' lang='lat' dir='ltr'><strong>dum,</strong></span> <span class='ocrx_word' id='word_1_244' title='bbox 686 3017 744 3062; x_wconf 80' lang='lat' dir='ltr'><strong>et</strong></span> <span class='ocrx_word' id='word_1_245' title='bbox 792 3004 852 3062; x_wconf 91' lang='lat' dir='ltr'><strong>in</strong></span> <span class='ocrx_word' id='word_1_246' title='bbox 894 3006 1290 3065; x_wconf 78' lang='lat' dir='ltr'><strong>conservando</strong></span> <span class='ocrx_word' id='word_1_247' title='bbox 1335 3028 1459 3067; x_wconf 86' lang='lat' dir='ltr'><strong>sese</strong></span> <span class='ocrx_word' id='word_1_248' title='bbox 1506 3020 1873 3087; x_wconf 81' lang='lat' dir='ltr'><strong>occupatum.</strong></span> <span class='ocrx_word' id='word_1_249' title='bbox 1919 3010 2041 3065; x_wconf 82' lang='lat' dir='ltr'><strong>Nec</strong></span> <span class='ocrx_word' id='word_1_250' title='bbox 2087 3005 2373 3082; x_wconf 85' lang='lat' dir='ltr'><strong>optimum</strong></span> <span class='ocrx_word' id='word_1_251' title='bbox 2421 3003 2537 3061; x_wconf 86' lang='lat' dir='ltr'><strong>dici</strong></span> 
     </span>
     <span class='ocr_line' id='line_1_28' title="bbox 474 3098 2540 3177; baseline -0.001 -19"><span class='ocrx_word' id='word_1_252' title='bbox 474 3120 677 3177; x_wconf 76' lang='lat' dir='ltr'><strong>posse,</strong></span> <span class='ocrx_word' id='word_1_253' title='bbox 719 3099 1017 3159; x_wconf 87' lang='lat' dir='ltr'><strong>sibonum</strong></span> <span class='ocrx_word' id='word_1_254' title='bbox 1068 3102 1224 3160; x_wconf 80' lang='lat' dir='ltr'><strong>aliud</strong></span> <span class='ocrx_word' id='word_1_255' title='bbox 1264 3105 1489 3163; x_wconf 88' lang='lat' dir='ltr'><strong>nullum</strong></span> <span class='ocrx_word' id='word_1_256' title='bbox 1531 3105 1623 3162; x_wconf 87' lang='lat' dir='ltr'><strong>sit.</strong></span> <span class='ocrx_word' id='word_1_257' title='bbox 1670 3102 1898 3163; x_wconf 89' lang='lat' dir='ltr'><strong>Deinde</strong></span> <span class='ocrx_word' id='word_1_258' title='bbox 1939 3100 2155 3159; x_wconf 88' lang='lat' dir='ltr'><strong>debere</strong></span> <span class='ocrx_word' id='word_1_259' title='bbox 2196 3098 2540 3177; x_wconf 82' lang='lat' dir='ltr'><strong>sapientiam</strong></span> 
     </span>
     <span class='ocr_line' id='line_1_29' title="bbox 474 3194 2540 3278; baseline 0 -25"><span class='ocrx_word' id='word_1_260' title='bbox 474 3197 767 3257; x_wconf 84' lang='lat' dir='ltr'><strong>hominem</strong></span> <span class='ocrx_word' id='word_1_261' title='bbox 798 3199 878 3256; x_wconf 79' lang='lat' dir='ltr'><strong>ita</strong></span> <span class='ocrx_word' id='word_1_262' title='bbox 907 3200 1198 3276; x_wconf 81' lang='lat' dir='ltr'><strong>accipere,</strong></span> <span class='ocrx_word' id='word_1_263' title='bbox 1234 3213 1411 3278; x_wconf 82' lang='lat' dir='ltr'><strong>prout</strong></span> <span class='ocrx_word' id='word_1_264' title='bbox 1450 3212 1623 3259; x_wconf 80' lang='lat' dir='ltr'><strong>natus</strong></span> <span class='ocrx_word' id='word_1_265' title='bbox 1658 3201 1745 3260; x_wconf 87' lang='lat' dir='ltr'><strong>sit.</strong></span> <span class='ocrx_word' id='word_1_266' title='bbox 1790 3199 1905 3272; x_wconf 90' lang='lat' dir='ltr'><strong>Qui</strong></span> <span class='ocrx_word' id='word_1_267' title='bbox 1957 3198 2005 3255; x_wconf 91' lang='lat' dir='ltr'><strong>si</strong></span> <span class='ocrx_word' id='word_1_268' title='bbox 2052 3209 2210 3254; x_wconf 86' lang='lat' dir='ltr'><strong>totus</strong></span> <span class='ocrx_word' id='word_1_269' title='bbox 2252 3194 2397 3253; x_wconf 89' lang='lat' dir='ltr'><strong>nihil</strong></span> <span class='ocrx_word' id='word_1_270' title='bbox 2429 3195 2540 3254; x_wconf 89' lang='lat' dir='ltr'><strong>nisi</strong></span> 
     </span>
     <span class='ocr_line' id='line_1_30' title="bbox 474 3293 2540 3369; baseline -0.001 -17"><span class='ocrx_word' id='word_1_271' title='bbox 474 3314 636 3353; x_wconf 85' lang='lat' dir='ltr'><strong>mens</strong></span> <span class='ocrx_word' id='word_1_272' title='bbox 672 3309 732 3354; x_wconf 87' lang='lat' dir='ltr'><strong>et</strong></span> <span class='ocrx_word' id='word_1_273' title='bbox 773 3298 922 3354; x_wconf 81' lang='lat' dir='ltr'><strong>ratio</strong></span> <span class='ocrx_word' id='word_1_274' title='bbox 964 3310 1140 3369; x_wconf 84' lang='lat' dir='ltr'><strong>esset,</strong></span> <span class='ocrx_word' id='word_1_275' title='bbox 1170 3297 1434 3356; x_wconf 88' lang='lat' dir='ltr'><strong>ultimum</strong></span> <span class='ocrx_word' id='word_1_276' title='bbox 1463 3296 1603 3354; x_wconf 87' lang='lat' dir='ltr'><strong>huic</strong></span> <span class='ocrx_word' id='word_1_277' title='bbox 1634 3311 1816 3367; x_wconf 82' lang='lat' dir='ltr'><strong>esset,</strong></span> <span class='ocrx_word' id='word_1_278' title='bbox 1856 3315 1930 3354; x_wconf 80' lang='lat' dir='ltr'><strong>ex</strong></span> <span class='ocrx_word' id='word_1_279' title='bbox 1968 3295 2184 3352; x_wconf 87' lang='lat' dir='ltr'><strong>virtute</strong></span> <span class='ocrx_word' id='word_1_280' title='bbox 2216 3293 2399 3351; x_wconf 72' lang='lat' dir='ltr'><strong>vitam</strong></span> <span class='ocrx_word' id='word_1_281' title='bbox 2430 3293 2540 3350; x_wconf 86' lang='lat' dir='ltr'><strong>fln-</strong></span> 
     </span>
     <span class='ocr_line' id='line_1_31' title="bbox 473 3392 2539 3474; baseline -0.001 -21"><span class='ocrx_word' id='word_1_282' title='bbox 473 3414 638 3472; x_wconf 81' lang='lat' dir='ltr'><strong>gere:</strong></span> <span class='ocrx_word' id='word_1_283' title='bbox 671 3409 873 3454; x_wconf 85' lang='lat' dir='ltr'><strong>contra</strong></span> <span class='ocrx_word' id='word_1_284' title='bbox 899 3415 1070 3468; x_wconf 84' lang='lat' dir='ltr'><strong>vero,</strong></span> <span class='ocrx_word' id='word_1_285' title='bbox 1098 3396 1144 3453; x_wconf 87' lang='lat' dir='ltr'><strong>si</strong></span> <span class='ocrx_word' id='word_1_286' title='bbox 1175 3395 1316 3454; x_wconf 91' lang='lat' dir='ltr'><strong>nihil</strong></span> <span class='ocrx_word' id='word_1_287' title='bbox 1343 3396 1458 3454; x_wconf 86' lang='lat' dir='ltr'><strong>nisi</strong></span> <span class='ocrx_word' id='word_1_288' title='bbox 1496 3414 1714 3474; x_wconf 86' lang='lat' dir='ltr'><strong>corpus</strong></span> <span class='ocrx_word' id='word_1_289' title='bbox 1731 3439 1747 3467; x_wconf 90' lang='lat'>‚</span> <span class='ocrx_word' id='word_1_290' title='bbox 1791 3396 1996 3453; x_wconf 83' lang='lat' dir='ltr'><strong>ultima</strong></span> <span class='ocrx_word' id='word_1_291' title='bbox 2025 3395 2220 3452; x_wconf 80' lang='lat' dir='ltr'><strong>forent</strong></span> <span class='ocrx_word' id='word_1_292' title='bbox 2241 3392 2502 3452; x_wconf 75' lang='lat' dir='ltr'><strong>valitudo</strong></span> <span class='ocrx_word' id='word_1_293' title='bbox 2524 3437 2539 3462; x_wconf 88' lang='lat'>,</span> 
     </span>
     <span class='ocr_line' id='line_1_32' title="bbox 471 3489 2540 3571; baseline -0.001 -22"><span class='ocrx_word' id='word_1_294' title='bbox 471 3504 531 3550; x_wconf 80' lang='lat' dir='ltr'><strong>et</strong></span> <span class='ocrx_word' id='word_1_295' title='bbox 553 3506 745 3551; x_wconf 78' lang='lat' dir='ltr'><strong>cetera</strong></span> <span class='ocrx_word' id='word_1_296' title='bbox 766 3493 1029 3571; x_wconf 80' lang='lat' dir='ltr'><strong>corporis</strong></span> <span class='ocrx_word' id='word_1_297' title='bbox 1057 3492 1245 3571; x_wconf 79' lang='lat' dir='ltr'><strong>prima</strong></span> <span class='ocrx_word' id='word_1_298' title='bbox 1273 3506 1513 3551; x_wconf 79' lang='lat' dir='ltr'><strong>naturae.</strong></span> <span class='ocrx_word' id='word_1_299' title='bbox 1542 3497 1715 3550; x_wconf 87' lang='lat' dir='ltr'><strong>Nunc</strong></span> <span class='ocrx_word' id='word_1_300' title='bbox 1741 3504 1933 3550; x_wconf 83' lang='lat' dir='ltr'><strong>autem</strong></span> <span class='ocrx_word' id='word_1_301' title='bbox 1951 3536 1967 3564; x_wconf 94' lang='lat'>,</span> <span class='ocrx_word' id='word_1_302' title='bbox 2003 3509 2184 3569; x_wconf 87' lang='lat' dir='ltr'><strong>quum</strong></span> <span class='ocrx_word' id='word_1_303' title='bbox 2213 3489 2286 3549; x_wconf 90' lang='lat' dir='ltr'><strong>de</strong></span> <span class='ocrx_word' id='word_1_304' title='bbox 2312 3509 2540 3548; x_wconf 85' lang='lat' dir='ltr'><strong>summo</strong></span> 
     </span>
     <span class='ocr_line' id='line_1_33' title="bbox 472 3585 2538 3666; baseline -0 -19"><span class='ocrx_word' id='word_1_305' title='bbox 472 3588 629 3647; x_wconf 89' lang='lat' dir='ltr'><strong>bono</strong></span> <span class='ocrx_word' id='word_1_306' title='bbox 656 3602 949 3666; x_wconf 77' lang='lat' dir='ltr'><strong>quaeratur</strong></span> <span class='ocrx_word' id='word_1_307' title='bbox 974 3588 1254 3661; x_wconf 86' lang='lat' dir='ltr'><strong>hominis,</strong></span> <span class='ocrx_word' id='word_1_308' title='bbox 1282 3588 1395 3647; x_wconf 87' lang='lat' dir='ltr'><strong>hoc</strong></span> <span class='ocrx_word' id='word_1_309' title='bbox 1421 3588 1480 3646; x_wconf 91' lang='lat' dir='ltr'><strong>in</strong></span> <span class='ocrx_word' id='word_1_310' title='bbox 1510 3601 1631 3646; x_wconf 86' lang='lat' dir='ltr'><strong>tota</strong></span> <span class='ocrx_word' id='word_1_311' title='bbox 1656 3587 1908 3647; x_wconf 86' lang='lat' dir='ltr'><strong>hominis</strong></span> <span class='ocrx_word' id='word_1_312' title='bbox 1931 3600 2140 3646; x_wconf 77' lang='lat' dir='ltr'><strong>natura</strong></span> <span class='ocrx_word' id='word_1_313' title='bbox 2159 3585 2538 3665; x_wconf 78' lang='lat' dir='ltr'><strong>qnaerendum</strong></span> 
     </span>
     <span class='ocr_line' id='line_1_34' title="bbox 472 3682 2539 3763; baseline -0 -21"><span class='ocrx_word' id='word_1_314' title='bbox 472 3705 631 3758; x_wconf 75' lang='lat' dir='ltr'><strong>esse,</strong></span> <span class='ocrx_word' id='word_1_315' title='bbox 671 3688 831 3758; x_wconf 72' lang='lat'><strong>534,</strong></span> <span class='ocrx_word' id='word_1_316' title='bbox 880 3685 972 3742; x_wconf 81' lang='lat'><strong>35.</strong></span> <span class='ocrx_word' id='word_1_317' title='bbox 1018 3689 1208 3745; x_wconf 87' lang='lat' dir='ltr'><strong>Omne</strong></span> <span class='ocrx_word' id='word_1_318' title='bbox 1243 3703 1427 3763; x_wconf 85' lang='lat' dir='ltr'><strong>porro</strong></span> <span class='ocrx_word' id='word_1_319' title='bbox 1464 3684 1725 3743; x_wconf 84' lang='lat' dir='ltr'><strong>officium</strong></span> <span class='ocrx_word' id='word_1_320' title='bbox 1761 3684 1823 3742; x_wconf 89' lang='lat' dir='ltr'><strong>in</strong></span> <span class='ocrx_word' id='word_1_321' title='bbox 1858 3682 2111 3743; x_wconf 85' lang='lat' dir='ltr'><strong>hominis</strong></span> <span class='ocrx_word' id='word_1_322' title='bbox 2156 3684 2318 3741; x_wconf 87' lang='lat' dir='ltr'><strong>cultu</strong></span> <span class='ocrx_word' id='word_1_323' title='bbox 2359 3702 2539 3741; x_wconf 79' lang='lat' dir='ltr'><strong>occu·-</strong></span> 
     </span>
     <span class='ocr_line' id='line_1_35' title="bbox 472 3779 2539 3860; baseline -0.001 -21"><span class='ocrx_word' id='word_1_324' title='bbox 472 3782 633 3860; x_wconf 71' lang='lat' dir='ltr'><strong>pnri:</strong></span> <span class='ocrx_word' id='word_1_325' title='bbox 659 3800 760 3840; x_wconf 84' lang='lat' dir='ltr'><strong>eos</strong></span> <span class='ocrx_word' id='word_1_326' title='bbox 784 3782 994 3860; x_wconf 82' lang='lat' dir='ltr'><strong>igitur,</strong></span> <span class='ocrx_word' id='word_1_327' title='bbox 1023 3782 1125 3859; x_wconf 92' lang='lat' dir='ltr'><strong>qui</strong></span> <span class='ocrx_word' id='word_1_328' title='bbox 1151 3800 1440 3840; x_wconf 86' lang='lat' dir='ltr'><strong>summum</strong></span> <span class='ocrx_word' id='word_1_329' title='bbox 1469 3779 1695 3839; x_wconf 87' lang='lat' dir='ltr'><strong>bonum</strong></span> <span class='ocrx_word' id='word_1_330' title='bbox 1731 3780 1790 3838; x_wconf 91' lang='lat' dir='ltr'><strong>in</strong></span> <span class='ocrx_word' id='word_1_331' title='bbox 1821 3781 1947 3839; x_wconf 84' lang='lat' dir='ltr'><strong>solo</strong></span> <span class='ocrx_word' id='word_1_332' title='bbox 1985 3791 2088 3839; x_wconf 79' lang='lat' dir='ltr'><strong>aut</strong></span> <span class='ocrx_word' id='word_1_333' title='bbox 2113 3798 2394 3858; x_wconf 82' lang='lat' dir='ltr'><strong>corpore,</strong></span> <span class='ocrx_word' id='word_1_334' title='bbox 2436 3792 2539 3839; x_wconf 81' lang='lat' dir='ltr'><strong>aut</strong></span> 
     </span>
     <span class='ocr_line' id='line_1_36' title="bbox 473 3877 2537 3959; baseline -0 -24"><span class='ocrx_word' id='word_1_335' title='bbox 473 3878 665 3937; x_wconf 86' lang='lat' dir='ltr'><strong>animo</strong></span> <span class='ocrx_word' id='word_1_336' title='bbox 691 3892 946 3958; x_wconf 72' lang='lat' dir='ltr'><strong>ponant,</strong></span> <span class='ocrx_word' id='word_1_337' title='bbox 965 3879 1048 3937; x_wconf 83' lang='lat' dir='ltr'><strong>sic</strong></span> <span class='ocrx_word' id='word_1_338' title='bbox 1075 3899 1278 3959; x_wconf 82' lang='lat' dir='ltr'><strong>agere,</strong></span> <span class='ocrx_word' id='word_1_339' title='bbox 1310 3893 1376 3938; x_wconf 90' lang='lat' dir='ltr'><strong>ut</strong></span> <span class='ocrx_word' id='word_1_340' title='bbox 1404 3879 1503 3956; x_wconf 86' lang='lat' dir='ltr'><strong>qui</strong></span> <span class='ocrx_word' id='word_1_341' title='bbox 1531 3879 1590 3936; x_wconf 91' lang='lat' dir='ltr'><strong>in</strong></span> <span class='ocrx_word' id='word_1_342' title='bbox 1619 3898 1816 3958; x_wconf 77' lang='lat' dir='ltr'><strong>pugna</strong></span> <span class='ocrx_word' id='word_1_343' title='bbox 1834 3920 1852 3949; x_wconf 90' lang='lat'>,</span> <span class='ocrx_word' id='word_1_344' title='bbox 1880 3878 2025 3937; x_wconf 80' lang='lat' dir='ltr'><strong>laeva</strong></span> <span class='ocrx_word' id='word_1_345' title='bbox 2051 3890 2217 3956; x_wconf 77' lang='lat' dir='ltr'><strong>parte</strong></span> <span class='ocrx_word' id='word_1_346' title='bbox 2245 3877 2537 3956; x_wconf 77' lang='lat' dir='ltr'><strong>neglecta,</strong></span> 
     </span>
     <span class='ocr_line' id='line_1_37' title="bbox 475 3973 2537 4054; baseline -0.001 -23"><span class='ocrx_word' id='word_1_347' title='bbox 475 3973 736 4034; x_wconf 77' lang='lat' dir='ltr'><strong>dextram</strong></span> <span class='ocrx_word' id='word_1_348' title='bbox 776 3976 952 4035; x_wconf 88' lang='lat' dir='ltr'><strong>modo</strong></span> <span class='ocrx_word' id='word_1_349' title='bbox 992 3989 1313 4036; x_wconf 86' lang='lat' dir='ltr'><strong>tuerentur.</strong></span> <span class='ocrx_word' id='word_1_350' title='bbox 1353 3980 1468 4035; x_wconf 87' lang='lat' dir='ltr'><strong>Eos</strong></span> <span class='ocrx_word' id='word_1_351' title='bbox 1503 3989 1709 4035; x_wconf 76' lang='lat' dir='ltr'><strong>contra</strong></span> <span class='ocrx_word' id='word_1_352' title='bbox 1756 3976 1927 4054; x_wconf 84' lang='lat' dir='ltr'><strong>plene</strong></span> <span class='ocrx_word' id='word_1_353' title='bbox 1955 3995 2125 4054; x_wconf 82' lang='lat' dir='ltr'><strong>agere</strong></span> <span class='ocrx_word' id='word_1_354' title='bbox 2155 3988 2212 4033; x_wconf 88' lang='lat' dir='ltr'><strong>et</strong></span> <span class='ocrx_word' id='word_1_355' title='bbox 2246 3974 2537 4053; x_wconf 83' lang='lat' dir='ltr'><strong>perfecte,</strong></span> 
     </span>
     <span class='ocr_line' id='line_1_38' title="bbox 478 4070 2536 4151; baseline -0 -25"><span class='ocrx_word' id='word_1_356' title='bbox 478 4070 577 4145; x_wconf 85' lang='lat' dir='ltr'><strong>qui</strong></span> <span class='ocrx_word' id='word_1_357' title='bbox 604 4072 666 4129; x_wconf 89' lang='lat' dir='ltr'><strong>in</strong></span> <span class='ocrx_word' id='word_1_358' title='bbox 688 4093 912 4133; x_wconf 88' lang='lat' dir='ltr'><strong>summo</strong></span> <span class='ocrx_word' id='word_1_359' title='bbox 939 4073 1189 4133; x_wconf 87' lang='lat' dir='ltr'><strong>hominis</strong></span> <span class='ocrx_word' id='word_1_360' title='bbox 1224 4072 1386 4132; x_wconf 87' lang='lat' dir='ltr'><strong>bono</strong></span> <span class='ocrx_word' id='word_1_361' title='bbox 1420 4094 1529 4133; x_wconf 85' lang='lat' dir='ltr'><strong>nec</strong></span> <span class='ocrx_word' id='word_1_362' title='bbox 1569 4075 1859 4145; x_wconf 81' lang='lat' dir='ltr'><strong>animum,</strong></span> <span class='ocrx_word' id='word_1_363' title='bbox 1907 4094 2014 4132; x_wconf 91' lang='lat' dir='ltr'><strong>nec</strong></span> <span class='ocrx_word' id='word_1_364' title='bbox 2041 4092 2258 4151; x_wconf 84' lang='lat' dir='ltr'><strong>corpus</strong></span> <span class='ocrx_word' id='word_1_365' title='bbox 2280 4070 2536 4147; x_wconf 81' lang='lat' dir='ltr'><strong>neglige-</strong></span> 
     </span>
     <span class='ocr_line' id='line_1_39' title="bbox 478 4165 2538 4251; baseline -0.002 -24"><span class='ocrx_word' id='word_1_366' title='bbox 478 4180 622 4245; x_wconf 72' lang='lat' dir='ltr'><strong>rent.</strong></span> <span class='ocrx_word' id='word_1_367' title='bbox 643 4170 881 4245; x_wconf 84' lang='lat' dir='ltr'><strong>Stoicis,</strong></span> <span class='ocrx_word' id='word_1_368' title='bbox 909 4172 1032 4249; x_wconf 77' lang='lat' dir='ltr'><strong>ejus</strong></span> <span class='ocrx_word' id='word_1_369' title='bbox 1056 4171 1215 4251; x_wconf 89' lang='lat' dir='ltr'><strong>quod</strong></span> <span class='ocrx_word' id='word_1_370' title='bbox 1244 4173 1305 4232; x_wconf 88' lang='lat' dir='ltr'><strong>in</strong></span> <span class='ocrx_word' id='word_1_371' title='bbox 1339 4172 1570 4232; x_wconf 87' lang='lat' dir='ltr'><strong>homine</strong></span> <span class='ocrx_word' id='word_1_372' title='bbox 1604 4173 1890 4233; x_wconf 83' lang='lat' dir='ltr'><strong>excellens</strong></span> <span class='ocrx_word' id='word_1_373' title='bbox 1920 4184 2037 4244; x_wconf 87' lang='lat' dir='ltr'><strong>est,</strong></span> <span class='ocrx_word' id='word_1_374' title='bbox 2081 4169 2314 4228; x_wconf 79' lang='lat' dir='ltr'><strong>virtutis</strong></span> <span class='ocrx_word' id='word_1_375' title='bbox 2346 4165 2538 4245; x_wconf 78' lang='lat' dir='ltr'><strong>splen-</strong></span> 
     </span>
    </p>
   </div>
  </div>
 </body>
</html>
