3217 4784
661 373 706 453 l.
1199 372 1335 438 JO.
1392 371 1623 439 AUG.
1675 369 2239 439 GOERENZII

659 493 1026 557 Proximam
1058 492 1139 555 ab
1183 489 1305 554 hac
1345 490 1541 553 Marsi
1585 478 1840 554 laudem
1878 491 1999 554 sibi
2036 458 2318 555 vixidieat
2355 491 2775 558 Cratandria:

662 597 872 662 firmat
899 597 1073 661 enim
1104 593 1282 668 haud
1314 617 1459 658 raro
1491 595 1557 657 in
1587 595 1813 675 textis,
1844 596 2076 683 saepius
2107 596 2174 660 in
2213 596 2529 685 margine,
2555 598 2778 663 lectio·

659 725 807 767 nem
836 701 1305 790 probatiorem,
1341 721 1839 787 nonnumquam
1883 722 1999 763 sua
2035 701 2226 765 etiam
2273 703 2474 790 ipsius
2501 706 2782 769 auctori-

657 826 786 873 tate
820 792 1365 872 commendabilis.
1416 807 1705 894 Reliquae
1751 822 1997 871 veteres
2052 806 2188 873 fere
2247 832 2523 874 numero
2579 811 2783 900 mag-is

656 936 854 1002 quam
884 911 1174 1000 pondere
1209 911 1439 974 valent.
1497 912 1594 974 Ex
1642 912 1964 975 recentius
2007 911 2193 976 editis
2229 915 2432 979 multa
2469 912 2784 979 debemus

656 1020 952 1099 Davisio,
997 1018 1272 1106 plurima
1313 1017 1605 1099 Bremio,
1643 1018 1756 1105 qui
1787 1016 1889 1081 vel
1917 1040 1996 1082 ex
2029 1041 2109 1082 eo
2147 1042 2261 1084 sua
2296 1021 2364 1085 in
2400 1044 2521 1085 nos
2557 1023 2781 1086 merita

653 1126 861 1206 auxit,
894 1123 1096 1212 quod,
1129 1122 1397 1188 consilio
1438 1121 1742 1187 editionis
1773 1122 2181 1189 absolvendae
2213 1125 2513 1214 deposito
2535 1176 2554 1209 ,
2607 1128 2783 1192 ultro

654 1231 843 1295 nobis
878 1253 1025 1294 suas
1068 1227 1152 1293 ad
1198 1228 1364 1293 duos
1409 1229 1797 1316 posteriores
1842 1229 2040 1293 libros
2087 1229 2538 1298 adnotationes
2582 1234 2779 1297 misit.

653 1338 775 1401 Eas
809 1358 929 1400 nos
955 1333 1267 1423 quidem,
1295 1335 1363 1397 in
1399 1334 1637 1398 liberos
1665 1356 1819 1397 usus
1853 1352 2141 1422 acceptas
2163 1384 2181 1417 ,
2215 1354 2533 1424 quantum
2560 1339 2781 1418 licuit,

653 1442 950 1531 religiose
986 1430 1436 1521 adhibuimus,
1475 1456 1816 1529 gratasque
1850 1441 2050 1529 ipsas,
2091 1460 2170 1507 ut
2203 1443 2549 1526 nobis‚·sic
2582 1444 2781 1508 lecto·

653 1548 833 1613 ribus
858 1547 1030 1630 fore,
1071 1561 1246 1611 certo
1279 1544 1687 1611 confidimus.

742 1656 821 1718 In
871 1654 1097 1719 ceteris
1147 1675 1345 1742 pauca
1395 1654 1580 1716 Rosae
1624 1654 2120 1736 commentario,
2165 1652 2458 1743 quoedam
2509 1653 2782 1735 Rathio,

652 1761 835 1847 plura
895 1762 1192 1848 Aug-usto
1255 1757 1544 1820 Matthiae
1611 1773 1869 1846 accepta
1937 1759 2274 1824 referimus
2314 1782 2330 1823 ε
2385 1760 2567 1840 cujus
2627 1782 2783 1823 acu-

653 1886 837 1946 men,
883 1862 1310 1942 conjunctum
1359 1882 1512 1924 cum
1551 1879 1847 1925 accurata
1883 1863 2183 1929 dictionis
2215 1866 2525 1930 Tullianae
2558 1864 2782 1928 obser-

650 1972 939 2049 vatione,
969 1966 1202 2030 merito
1235 1965 1644 2053 suspicimus
1690 1967 1991 2030 Privatim
2036 1970 2199 2033 rexit
2234 1970 2426 2034 etiam
2462 1967 2780 2049 judicium

651 2091 949 2138 nostrum
996 2073 1441 2153 Hermannus‚
1494 2087 1747 2160 recepta
1802 2095 1923 2160 pro
1971 2073 2109 2152 ejus
2158 2074 2465 2163 singulari
2513 2075 2783 2139 benivo-

650 2180 876 2260 lentia,
922 2199 1072 2241 cum
1113 2175 1434 2240 Schaefero
1469 2177 1858 2242 amicissimo
1899 2197 2282 2245 correcturae
2321 2182 2639 2265 molestia,
2689 2197 2785 2245 ter

650 2284 753 2348 vel
787 2299 1042 2372 quater,
1079 2305 1207 2371 qua
1249 2282 1473 2346 eximia
1529 2284 1726 2372 pollet
1772 2287 1907 2349 veri
1957 2285 2352 2365 dijudicandi
2397 2289 2690 2368 solertia,
2746 2311 2782 2349 a

649 2391 835 2479 lapsu
866 2413 986 2455 nos
1030 2389 1378 2455 continuit.
1424 2389 1944 2455 Communicavit
1976 2391 2150 2455 idem
2180 2393 2280 2455 vir
2306 2414 2601 2455 summus
2628 2392 2784 2455 Rei·

656 2497 867 2561 zianas
923 2498 990 2560 in
1040 2496 1160 2559 hos
1205 2495 1404 2560 libros
1447 2493 1532 2559 ad
1577 2495 1973 2559 Ernestianae
2019 2496 2375 2583 exemplar,
2425 2494 2605 2583 quod
2649 2497 2785 2584 ipse

655 2602 967 2691 possidet,
1007 2601 1491 2681 adnotationes,
1524 2622 1642 2665 sua
1684 2601 1888 2688 ipsius
1930 2623 2129 2664 manu
2168 2601 2550 2689 exscriptas:
2590 2618 2785 2690 atque

656 2710 748 2772 sic
778 2709 843 2770 in
880 2729 1011 2770 una
1046 2707 1163 2769 hac
1196 2728 1267 2769 re
1300 2705 1638 2794 multiplici
1668 2703 1987 2769 beneficio
2015 2705 2137 2769 sibi
2166 2728 2287 2769 nos
2316 2704 2619 2771 devinxit.
2644 2708 2786 2771 Hoc

658 2812 739 2877 ad
777 2826 1020 2875 textum
1061 2806 1508 2899 refing‘endum
1556 2827 1870 2900 apparatu
1913 2827 1978 2875 et
2013 2812 2253 2875 auxilio
2285 2835 2783 2901 nonnumquam

657 2919 928 2982 fortasse
960 2914 1210 2979 cautius
1236 2914 1413 2994 justo
1447 2917 1547 2979 usi
1578 2916 1978 2982 videbimur:
2016 2915 2129 2981 sed
2163 2934 2306 2981 tum
2339 2919 2472 2982 fere
2506 2920 2786 2983 rationes

661 3047 781 3088 nos
823 3020 1117 3112 quaedam
1148 3020 1486 3084 interiores
1518 3045 1555 3085 a
1586 3022 1975 3112 corrigendo
2016 3023 2438 3106 revocabant,
2472 3047 2631 3112 quas
2665 3026 2786 3088 nisi

660 3128 954 3217 pluribus
977 3125 1224 3208 verbis»,
1257 3142 1573 3216 occupato
1598 3126 1731 3208 jam
1764 3130 1972 3217 spatio
1990 3178 2009 3211 ‚
2040 3129 2339 3218 expedire
2366 3154 2498 3195 non
2522 3130 2782 3196 licebat:

661 3232 903 3299 odiosae
939 3248 1092 3296 sunt
1124 3230 1296 3296 enim
1328 3233 1600 3321 paginae,
1636 3254 1915 3321 quarum
1944 3233 2348 3301 adnotationi
2384 3239 2491 3301 vix
2522 3236 2788 3336 singulae

662 3353 873 3402 textus
910 3336 1091 3401 lineae
1122 3337 1433 3400 innatant.
1460 3339 1686 3402 Cetera
1704 3387 1723 3421 ,
1759 3340 1827 3402 in
1854 3340 2094 3427 quibus
2128 3341 2236 3405 hic
2267 3341 2396 3405 illic
2426 3342 2638 3431 lapsos
2668 3365 2787 3405 nos

663 3441 933 3524 videris,
964 3458 1041 3506 ut
1072 3441 1404 3505 communi
1438 3442 1782 3507 hominum
1800 3492 1819 3525 ,
1861 3444 1948 3508 ita
1982 3461 2220 3511 nostrae
2251 3447 2528 3511 maxime
2556 3446 2786 3511 condi-

667 3547 827 3612 tioni
863 3546 1274 3634 indulgenter
1309 3547 1640 3612 concedes.

2747 3672 2761 3701 Ι
