3217 4784
810 442 990 509 :DE
1043 441 1217 508 FIN.
1272 443 1481 510 BON.
1539 444 1652 509 ET
1703 445 1919 511 ΜΔΕ.
1975 446 2104 528 IV,
2145 446 2209 525 [ι.
2465 446 2608 530 443

468 588 629 634 rum
669 587 840 633 vero
870 565 1001 634 ista
1036 566 1188 659 ipsa
1232 588 1447 658 quam
1485 565 1692 634 exilia
1730 565 1820 634 de
1853 569 2140 637 virtutis
2169 564 2362 636 vi15?
2389 593 2607 663 quam

470 688 738 747 tantam
781 674 1035 751 volunt
1077 698 1262 758 esse,
1298 688 1378 742 ut
1419 671 1711 743 beatum
1755 700 1886 771 per
1925 702 2000 747 se
2040 675 2325 749 efficere
2363 680 2605 777 possit.

465 788 846 880 pungunt,
875 787 1080 881 quasi
1114 780 1496 870 aculeisffi,
1537 786 2252 883 interrogatiunculis
2277 801 2335 844 ¹⁷
2374 814 2604 886 angu-

467 897 613 965 stis,
657 894 944 986 Quibus
976 895 1186 964 etiam
1214 890 1273 939 ¹⁸
1311 897 1438 991 qui
1483 899 2009 984 assentiuntur,
2054 899 2238 969 nihil
2279 926 2607 972 commu-

468 1022 712 1076 tantur
732 1008 1005 1091 animo,
1022 1019 1094 1075 et
1119 1004 1340 1074 iidem
1374 1004 1649 1077 abeunt
1666 1061 1685 1093 ,
1708 1007 1836 1102 qui
1855 1024 2241 1080 venerant:
2275 1036 2388 1081 res
2411 1015 2605 1081 enim

466 1117 768 1186 fortasse
794 1140 1011 1200 verae,
1042 1130 1237 1187 certe
1274 1140 1520 1213 graves
1539 1170 1558 1203 ,
1587 1141 1735 1187 non
1770 1119 1870 1187 ita
1904 1132 2344 1204 tractantur,
2384 1136 2463 1191 ut
2492 1120 2609 1191 de-

466 1224 646 1297 bent
677 1279 695 1306 ‚
736 1223 868 1295 sed
906 1224 1283 1323 aliquanto
1328 1227 1700 1297 minutius·

560 1341 679 1407 IV.
719 1340 1059 1433 Sequitur
1096 1334 1491 1409 disserendi
1524 1337 1750 1423 ratio,
1796 1337 2267 1433 cognitioque
2305 1355 2599 1411 naturae.

465 1452 641 1518 Nam
672 1447 763 1517 de
801 1473 1085 1519 summo
1123 1447 1322 1519 bono
1360 1473 1532 1518 mox
1554 1502 1573 1533 ,
1601 1463 1683 1518 ut
1720 1446 1904 1534 dixi,
1938 1447 2383 1535 videbimu5‚
2412 1466 2484 1521 et
2518 1451 2607 1521 ad

470 1558 539 1627 id
594 1558 1102 1655 explicandum
1153 1557 1726 1655 disputationem
1777 1582 2067 1629 omnem
2127 1556 2604 1630 conferemus.

466 1676 549 1738 In
590 1670 676 1739 iis
715 1670 932 1765 igitur
967 1666 1290 1764 partibus
1333 1666 1618 1737 duabus
1642 1677 1664 1710 ¹
1715 1667 1894 1736 nihil
1939 1683 2126 1755 erat,
2163 1668 2361 1765 quod
2408 1675 2606 1741 Zeno

466 1793 910 1849 commutare
939 1778 1248 1873 gestiret.
1284 1780 1423 1849 Res
1452 1780 1647 1849 enim
1679 1778 2016 1876 praeclare
2056 1805 2131 1851 se
2166 1779 2500 1865 l1abent²‚
2535 1796 2609 1851 et

465 1889 756 1983 quidem
801 1892 875 1957 in
920 1903 1225 1984 utraque
1276 1904 1499 1987 parte.
1558 1890 1754 1979 Quid
1794 1892 1986 1962 enim
2034 1890 2126 1961 ab
2165 1892 2479 1989 antiquis
2519 1918 2606 1961 ex

466 2025 553 2068 co
581 2025 845 2095 genere
863 2055 882 2086 ,
910 2000 1105 2096 quod
1131 2001 1220 2071 ad
1256 1998 1757 2073 disserendum
1793 2002 1981 2073 valet
2001 2057 2020 2085 ,
2050 2005 2603 2099 praetermissum

466 2112 615 2179 est?
675 2112 804 2206 qui
846 2126 917 2181 et
955 2108 1395 2181 definierunt
1440 2111 1801 2207 plurima;
1855 2128 1927 2183 et
1970 2111 2364 2183 definiendi
2419 2125 2609 2182 artes

466 2222 961 2317 reliquerunt:
1002 2220 1353 2318 quodque
1400 2235 1506 2291 est
1557 2219 1964 2292 definitioni
2015 2221 2481 2317 adjunctum,
2526 2236 2608 2291 ut

465 2441 639 2489 obvius
684 2443 877 2489 futurus
911 2442 1114 2489 omnino
1156 2457 1260 2488 non
1304 2451 1407 2488 erat
1437 2461 1476 2487 ι.

463 2521 628 2584 Vulgo
664 2521 737 2568 ibi
777 2538 841 2568 ex
873 2521 988 2569 edd.
1039 2532 1154 2569 vett.
1194 2521 1484 2584 quibusdam

464 2598 637 2663 quippe
657 2599 748 2663 qui
764 2599 957 2658 editur3
982 2599 1120 2663 qnod
1143 2617 1203 2648 eo
1228 2601 1405 2647 certius
1433 2601 1487 2647 in

464 2679 586 2726 vitio
613 2678 899 2743 ponendum
929 2691 1031 2738 est,
1058 2697 1211 2743 quum
1237 2680 1341 2731 Cic.
1370 2680 1481 2726 ubi-

463 2776 558 2822 que
585 2777 633 2822 q.
655 2761 869 2822 quicum
888 2762 1137 2821 conjunct.
1163 2763 1354 2824 jungat.
1385 2762 1450 2808 G.

542 2839 619 2887 15.
647 2841 755 2885 Ista
783 2838 890 2900 ipsa
931 2855 1082 2902 quam
1110 2840 1266 2887 exilia
1290 2841 1351 2887 de
1379 2839 1488 2886 vir·

463 2918 576 2965 tutis
595 2915 653 2962 ‘m'
664 2922 690 2962 ι’
708 2918 931 2965 Ostendit
948 2919 1113 2965 Davis.
1135 2921 1311 2981 partim
1329 2920 1380 2965 in
1403 2937 1487 2967 vv.

461 2995 553 3043 isca
582 2996 684 3059 ipsa
711 2997 935 3059 repetits,
960 3013 1071 3059 quae
1104 3000 1298 3047 Manut.
1338 2999 1487 3046 deleri

465 3076 634 3134 vellet,
664 3076 836 3139 partim
862 3075 913 3121 in
952 3076 1015 3122 de
1049 3075 1245 3124 virtutis
1270 3078 1355 3135 νί,
1378 3094 1487 3141 quae

462 3156 545 3201 hic
573 3156 757 3202 infelici
792 3165 995 3213 conatu,
1034 3155 1160 3203 duce
1198 3157 1254 3204 P.
1292 3158 1485 3205 Manat.

463 3250 576 3279 cum
606 3246 840 3298 pungunt
876 3236 1143 3292 construit,
1172 3234 1487 3283 distinctione

461 3314 667 3360 maxima
687 3325 799 3361 ante
820 3315 882 3361 de
902 3312 1023 3360 vire.
1044 3314 1104 3361 vi
1119 3315 1298 3377 posita.
1319 3315 1487 3362 Priora

466 3396 624 3441 Brenn.
671 3394 725 3439 in
769 3409 857 3441 nn.
900 3409 1068 3440 mscrr.
1109 3395 1217 3453 jure
1258 3394 1487 3442 Ciceroni

462 3472 659 3529 tribuit3
686 3471 831 3520 altera
851 3488 987 3536 aeque
1008 3484 1137 3521 recte
1155 3472 1376 3525 Matthiae
1399 3472 1432 3520 l.
1446 3473 1483 3520 l.

460 3570 522 3598 ex
554 3553 766 3599 auctoris
794 3568 886 3599 usu
913 3551 1158 3611 defendit,
1195 3554 1484 3600 sententiam

460 3633 602 3679 istius
619 3631 889 3694 expositam
904 3667 918 3689 ,
937 3654 961 3672 e«
974 3647 1192 3693 regem...
1207 3632 1362 3680 solum
1387 3648 1487 3679 esse

460 3713 723 3774 sapientem
752 3733 805 3766 a,
858 3712 1155 3758 contractius
1202 3711 1486 3775 repetentis.

464 3792 568 3837 Nos
606 3791 703 3837 hoe
746 3806 896 3837 unum
939 3789 1194 3849 addimus,
1236 3790 1344 3837 haec
1383 3792 1488 3855 ipsa

462 3871 605 3917 verba
646 3870 784 3933 qnasi
830 3872 1117 3934 epimetrum
1155 3873 1208 3917 in
1238 3872 1488 3918 sententiae

462 3948 671 3995 clausula
690 3949 854 3997 addita
880 3966 1000 3996 esse.
1020 3952 1339 3998 G.-Tomm
1359 3951 1489 3998 hunc

462 4026 624 4073 locum
646 4028 718 4074 sic
741 4028 1041 4092 interpungit
1072 4031 1194 4076 Dav.
1236 4052 1257 4071 ι
1290 4029 1490 4077 Illorum

466 4120 584 4151 vero
613 4106 701 4153 ista
732 4108 833 4168 ipsa
861 4124 1007 4169 quam
1034 4103 1214 4154 exilia?
1236 4110 1310 4155 De
1335 4109 1488 4157 virtu-

469 4185 529 4232 tis
552 4185 613 4244 vi,
632 4200 776 4249 quam
795 4196 975 4236 tantam
1000 4189 1172 4237 volunt
1187 4205 1288 4236 esse
1311 4200 1360 4236 ut
1382 4188 1491 4236 bea-

1575 2450 1679 2487 tum
1691 2457 1777 2504 per
1786 2458 1836 2487 se
1849 2440 2044 2489 efficere
2053 2443 2231 2505 possit,
2243 2454 2485 2506 pungunt,
2496 2461 2612 2506 qua-

1574 2521 1616 2567 si
1641 2520 1843 2579 aculeis,
1870 2522 2357 2589 interrogatiunculis
2383 2525 2542 2572 acutis
2567 2547 2606 2571 ι.

1651 2601 1733 2649 ιδ.
1760 2604 2029 2665 Pungunt,
2082 2600 2226 2665 quasi
2249 2602 2448 2651 aculeis.
2475 2604 2607 2652 Gud.

1578 2696 1606 2726 α
1634 2690 1683 2728 et
1711 2682 1819 2729 Bas.
1844 2680 1973 2728 enim
1999 2680 2191 2729 addunt
2236 2697 2250 2732 :
2296 2681 2383 2729 sed
2423 2699 2569 2746 prave
2591 2718 2606 2742 ,

1575 2776 1729 2823 quum
1761 2761 1814 2807 in
1845 2771 2079 2823 pungunt
2117 2762 2370 2809 sententioe
2415 2763 2487 2808 vis
2521 2763 2611 2823 sit,

1575 2856 1705 2903 quae,
1745 2840 1982 2904 particula
2029 2856 2339 2904 quacumque
2379 2841 2567 2901 adjecta
2592 2876 2607 2898 ,

1583 2919 1838 2985 frangitur.
1869 2921 1931 2966 G.

1656 3016 1739 3060 17.
1777 2997 2285 3063 Interrogatiunculis.
2330 2998 2608 3045 Stoicorum

1576 3076 1945 3141 argumentandi
1974 3078 2210 3123 rationem
2233 3075 2470 3138 intelligi,
2489 3074 2606 3123 alibi

1576 3157 1814 3214 vidimus,
1840 3154 2031 3201 Acadd.
2055 3156 2105 3211 1,
2140 3170 2167 3200 2
2190 3185 2204 3209 ‚
2244 3156 2292 3203 5.
2325 3155 2390 3201 G.

1654 3232 1733 3283 18.
1763 3237 1822 3298 Q.
1848 3234 1995 3282 etiam
2023 3234 2122 3297 qui.
2146 3235 2287 3282 Goer.
2318 3245 2432 3282 ante
2459 3233 2606 3282 etiam

1577 3314 1763 3375 virgula
1791 3313 2032 3360 distinxit.
2058 3312 2247 3374 Etiam,
2271 3313 2397 3360 adeo
2427 3323 2581 3361 notat.

1649 3394 1736 3441 lv.
1767 3408 1810 3439 ι.
1831 3395 1890 3439 In
1912 3392 1967 3439 iis
1990 3392 2139 3457 Igitur
2149 3389 2374 3457 panibus
2400 3391 2607 3439 dtcabus.

1576 3472 1743 3520 Primo
1776 3474 1922 3520 refert
1966 3472 2097 3521 Gud.
2144 3489 2164 3519 1
2207 3483 2259 3521 et
2297 3473 2451 3519 Mars.
2495 3471 2567 3518 his
2587 3492 2607 3527 ,-

1575 3552 1712 3615 quod
1748 3552 1810 3599 ad
1852 3553 1956 3600 haec
1992 3562 2219 3599 contexta
2251 3552 2422 3599 melius
2451 3552 2609 3599 multo

1577 3642 1673 3680 est.
1731 3631 1923 3679 Deinde
1975 3632 2202 3695 ignorant
2250 3630 2378 3695 Spir.
2415 3640 2464 3677 et
2509 3630 2606 3677 Erl.

1578 3711 1768 3759 duabus
1796 3728 1815 3758 .-
1841 3712 1895 3758 in
1922 3728 2022 3774 quo
2047 3710 2172 3758 nihil
2199 3720 2301 3771 est,
2340 3727 2427 3757 cur
2471 3710 2606 3770 abje-

1579 3803 1713 3839 ctum
1736 3791 1876 3839 valde
1900 3790 2169 3849 desideres,
2210 3806 2362 3853 quum
2383 3787 2432 3836 in
2468 3801 2608 3835 ucra-

1579 3888 1673 3936 que
1693 3883 1836 3935 parte
1862 3870 2085 3918 addatur.
2107 3874 2171 3919 G.

1654 3968 1701 3998 2.
1744 3951 1955 4000 Habent.
1980 3953 2102 3998 Eru.
2131 3949 2375 3996 habebant
2399 3945 2568 3994 suadet
2591 3962 2603 3991 :

1580 4030 1666 4078 sed
1685 4032 1964 4091 conjectura
1987 4029 2312 4076 infelicissima
2330 4045 2344 4083 ς
2372 4037 2426 4072 ut
2446 4024 2607 4084 facilc,

1583 4110 1660 4156 vel
1698 4110 1781 4172 qui
1820 4125 1989 4171 parum
2023 4107 2214 4167 judicio
2258 4107 2437 4163 valeat,
2479 4119 2608 4149 assc-

1583 4201 1775 4252 quetur.
1802 4190 1865 4235 G.
1913 4232 1916 4237 .
