3217 4784
688 462 829 547 438

1360 468 1455 533 Μ.
1508 468 1585 533 Τ.
1639 465 2127 533 CICERONIS

685 609 994 682 quarum
1010 639 1030 673 ,
1054 588 1350 657 materia
1378 600 1658 657 tantum
1679 585 1769 658 ad
1790 586 2159 658 meliorem
2179 599 2456 683 partem
2477 600 2550 655 et
2578 599 2832 656 tracta·

687 697 886 767 tione
935 692 1326 782 differunt;
1379 718 1643 793 easque
1692 698 1881 793 ipsas
1919 697 2223 769 virtutes
2269 689 2644 765 viderent⁸
2687 718 2828 764 nos

684 802 1260 901 magnificentius
1301 820 1645 904 appetere
1692 821 1767 878 et
1806 806 2230 889 ardentius;
2277 800 2545 876 habere
2606 805 2821 875 etiam

686 917 971 985 insitam
1011 914 1435 1013 quamdam,
1472 917 1586 988 vel
1638 919 1883 1014 potius
1924 916 2242 985 innatam
2278 925 2312 974 9
2353 912 2822 1010 cupiditatem

684 1026 1030 1115 scientiae,
1052 1041 1409 1125 natosque
1436 1052 1591 1100 esse
1617 1027 1708 1098 ad
1740 1027 2377 1124 congregationem
2411 1022 2823 1107 hominum,

685 1149 756 1205 et
792 1134 881 1207 ad
919 1138 1332 1209 societatem
1378 1137 2126 1232 communitatemque
2163 1135 2447 1233 generis
2482 1134 2823 1219 humani,

685 1268 914 1340 eaque
967 1248 1045 1317 in
1095 1249 1421 1318 maximis
1470 1249 1776 1344 ingeniis
1827 1250 2137 1317 maxime
2196 1244 2483 1316 elucere
2522 1271 2538 1313 :
2594 1257 2824 1314 totam

682 1352 1212 1453 philosophiam
1262 1372 1406 1428 tres
1455 1358 1529 1426 in
1587 1371 1824 1454 partes
1868 1354 2285 1427 diviserunt.
2331 1357 2567 1446 Quam
2609 1356 2828 1452 parti·

612 1468 643 1520 5
685 1464 953 1536 tionem
999 1491 1040 1538 a
1075 1472 1366 1539 Zenone
1408 1481 1761 1538 retentam
1799 1491 1951 1538 esse
1980 1476 2040 1509 ¹⁰
2095 1463 2448 1537 videmus.
2494 1467 2827 1553 Quarum

681 1600 910 1673 quum
944 1603 1091 1650 uua
1126 1581 1253 1668 sit,
1281 1604 1429 1677 qua
1456 1603 1696 1650 mores
1726 1576 2166 1651 conformari
2188 1586 2246 1623 ¹¹
2284 1574 2830 1674 putantur3dif-

684 1683 839 1758 fero
858 1713 1018 1760 eam
1042 1705 1345 1787 partem,
1361 1716 1523 1788 quae
1542 1691 1751 1787 quasi
1763 1692 1976 1787 stirps
2003 1702 2110 1760 est
2130 1687 2350 1783 hujus
2373 1689 2826 1784 quaestionis:

683 1799 812 1894 qui
861 1799 951 1870 sit
992 1802 1185 1873 enim
1238 1797 1404 1871 finis
1450 1797 1852 1885 bonorum,
1888 1824 2104 1885 mox;
2142 1798 2282 1869 hoc
2334 1798 2497 1870 loco
2540 1811 2822 1887 tantum

685 1905 886 1996 dico,
920 1935 962 1980 a
986 1909 1353 1981 veteribus
1395 1911 1917 2008 peripateticiS,
1950 1908 2563 2007 academicisque,
2586 1912 2714 2006 qui
2745 1935 2828 1981 re

684 2077 863 2127 habere
884 2093 899 2125 e
920 2087 969 2125 et
987 2079 1074 2142 qui
1096 2094 1244 2126 unam
1263 2078 1476 2127 amiserit
1494 2115 1508 2139 ,
1526 2077 1712 2128 nullam

685 2172 795 2203 eum
824 2155 1002 2204 bebere
1028 2169 1340 2207 censuerunt.
1364 2160 1567 2208 Μοιιῐ..

759 2235 808 2282 8.
835 2235 1033 2297 Easque
1065 2235 1196 2300 ipsas
1233 2237 1436 2287 virtutes
1460 2237 1709 2286 viderent.

686 2312 853 2362 Πενία.
893 2328 989 2378 que
1026 2315 1080 2366 lu
1115 2333 1265 2381 quum
1304 2318 1481 2366 mutari
1524 2316 1707 2381 iubet:

687 2392 845 2441 Bremi
864 2395 919 2442 in
952 2397 1083 2445 uotis
1104 2399 1443 2463 manuscriptis
1464 2398 1633 2450 laudnt
1650 2397 1712 2446 de

686 2475 822 2531 Fato,
852 2489 902 2535 7,
925 2491 977 2539 p.
1002 2492 1088 2540 29,
1110 2477 1195 2525 ubi
1223 2479 1481 2543 repetitum
1509 2477 1712 2526 verbum

683 2552 912 2602 viderem
934 2555 986 2603 in
1012 2557 1245 2622 exemplis
1275 2558 1583 2622 negligentia
1618 2557 1710 2604 mi·

686 2646 781 2679 nus
805 2644 953 2695 grstae
984 2635 1209 2684 refertur.
1235 2637 1334 2685 Sed
1366 2636 1599 2701 distingui
1626 2652 1711 2684 ac·

686 2711 899 2760 curatius
911 2713 964 2758 in
976 2714 1215 2774 ejusmodi
1225 2714 1345 2763 locis
1353 2716 1510 2777 jubet.
1520 2717 1712 2782 Nempe

686 2791 727 2837 si
745 2794 1044 2840 constructio
1058 2809 1145 2857 per
1160 2809 1211 2842 se
1228 2794 1353 2842 nihil
1362 2795 1555 2859 habent,
1574 2795 1712 2859 quod

688 2869 765 2919 vel
803 2871 1036 2921 htiuitss
1062 2873 1142 2921 vel
1180 2874 1433 2939 scriptoris
1460 2873 1710 2943 χαρακτὴρ

688 2961 908 3016 respuat,
958 2962 1061 3000 tum
1106 2952 1428 3018 negligentem
1471 2955 1715 3015 ejusmodi

688 3029 916 3079 vocabuli
953 3031 1293 3097 repetitionem
1336 3033 1452 3082 viris
1515 3036 1714 3084 summis

688 3109 931 3159 interdum
947 3110 1184 3177 obrepere
1199 3128 1212 3160 ε
1226 3112 1315 3161 sed
1333 3114 1375 3160 si
1393 3112 1496 3162 Cic.
1512 3114 1714 3162 verbum

688 3190 1154 3256 quomodocumque
1180 3192 1451 3257 repetisset,
1475 3194 1714 3247 facturum

688 3262 741 3310 id
767 3263 871 3311 sine
895 3263 1245 3324 conjunctione
1279 3280 1385 3312 nou
1412 3265 1576 3315 fuisse.
1603 3267 1715 3315 Du·

689 3341 864 3405 plicam
886 3341 1038 3406 igitur
1067 3342 1344 3405 corrigendi
1370 3344 1495 3393 viam
1527 3348 1715 3410 sperit,

689 3431 746 3468 ut
763 3431 847 3468 aut
866 3436 1017 3486 quum
1035 3431 1148 3468 ante
1170 3421 1403 3470 viderent
1418 3457 1433 3483 ,
1455 3435 1555 3485 aut,
1577 3425 1717 3488 quod

690 3498 899 3559 mavult,
920 3498 1149 3548 videa-ene
1164 3499 1397 3551 deleatur.
1417 3502 1715 3552 Alterutrum

690 3586 782 3625 uos
818 3578 1053 3627 rationem
1092 3579 1285 3642 sequuti
1327 3597 1536 3630 essemus
1551 3616 1566 3641 ,
1619 3583 1714 3630 nisi

691 3655 1020 3720 probetiorem
1036 3657 1162 3706 hanc
1180 3668 1476 3722 putaremus,
1493 3677 1586 3724 qua
1607 3678 1715 3709 ver-

690 3737 783 3793 ba,
818 3752 955 3800 qnae.
977 3772 990 3784 .
1013 3734 1307 3803 ‚dvffervne,
1341 3741 1393 3788 in
1438 3740 1712 3805 parenthesi

691 3815 957 3879 posuimus.
982 3819 1056 3865 lta
1083 3819 1210 3865 enim
1239 3818 1345 3866 haec
1373 3821 1565 3884 egregie
1599 3837 1712 3869 cum

689 3895 904 3943 auctoris
947 3911 1085 3943 more
1128 3899 1450 3957 conveniunt,
1496 3915 1597 3962 quo
1631 3899 1712 3949 hic

691 3972 933 4037 precipua
952 3973 1096 4023 verbs
1123 3987 1238 4039 post
1254 3978 1478 4040 parenth.
1497 3989 1713 4042 repetere

690 4053 829 4102 solet.
848 4054 909 4102 G.

761 4150 809 4196 9.
854 4135 1062 4183 Insitam
1098 4136 1363 4199 quamdam
1380 4171 1393 4191 ‚
1422 4137 1510 4183 vel
1546 4136 1711 4199 potius

688 4212 931 4264 innatam.
952 4218 1105 4266 Recte
1122 4215 1224 4265 h.1.
1244 4214 1434 4264 Eru.ad
1452 4214 1710 4265 verborum

1800 2077 1999 2127 insitam
2025 2088 2074 2126 et
2109 2076 2333 2125 innatam
2375 2076 2634 2125 discrimen
2664 2088 2827 2126 sueta-

1799 2157 1914 2207 dere
1943 2157 2098 2219 jubet.
2140 2157 2348 2223 Insitaqn
2376 2167 2448 2204 est
2478 2173 2507 2204 ι
2543 2166 2715 2204 natura
2742 2173 2824 2206 ac·

1795 2246 2019 2302 ceptam:
2051 2236 2140 2285 secl
2175 2253 2330 2302 quum
2366 2234 2423 2285 h.
2471 2251 2523 2285 v.
2569 2236 2815 2284 interdum

1797 2316 1859 2366 cle
1875 2318 1934 2368 iis
1954 2315 2159 2377 dicatur,
2182 2331 2293 2381 quae
2313 2315 2380 2362 its
2397 2312 2603 2362 firmiter
2622 2314 2832 2378 haerent,

1795 2398 1924 2445 utin
1947 2408 2167 2446 naturam
2191 2396 2261 2442 rei
2286 2396 2513 2443 transisse
2537 2393 2832 2450 videantur-3

1796 2475 2075 2541 explicandi
2088 2491 2230 2523 cansa
2250 2485 2406 2522 cetera
2425 2473 2589 2522 addita
2605 2487 2734 2524 suut.
2754 2478 2818 2524 G.

1874 2571 1960 2604 xo.
1984 2557 2034 2603 A
2056 2558 2258 2603 Zenone
2284 2564 2521 2603 retentam
2543 2570 2657 2602 esse.
2683 2558 2827 2603 Hanc

1798 2645 1958 2685 tamen
1977 2633 2302 2699 philosophia
2315 2633 2622 2699 partitionem
2638 2634 2828 2696 primus

1796 2712 2007 2762 instituit
2033 2714 2194 2771 Zeno,
2231 2711 2274 2759 si
2299 2712 2494 2760 Laertio
2514 2710 2635 2759 fides
2650 2745 2666 2769 ,
2695 2714 2792 2759 vn
2808 2746 2825 2771 ‚

1799 2795 1887 2854 39.
1930 2793 2000 2840 At
2033 2790 2173 2839 Plato
2216 2790 2362 2839 simili
2407 2790 2559 2840 modo
2595 2789 2824 2855 philoso-

1797 2871 1964 2936 phiam
1986 2871 2230 2931 dlviseran
2251 2884 2308 2920 ut
2332 2882 2534 2920 testatur
2558 2870 2708 2932 idem,
2726 2874 2826 2935 111,

1803 2952 1890 3000 56.
1917 2951 2115 3011 Noster,
2138 2950 2332 3001 Acsdd.
2351 2954 2380 2999 1
2397 2986 2414 3011 ‚
2434 2952 2465 2998 5
2483 2967 2496 2998 ε
2525 2975 2552 2994 σε
2576 2952 2684 3000 Fuit
2711 2968 2829 3017 ergo

1796 3032 1895 3092 jam
1922 3039 2124 3094 accepts
2150 3046 2178 3077 a
2208 3029 2415 3078 Platone
2445 3029 2829 3093 philosophandi

1799 3112 1926 3159 ratio
1944 3110 2156 3175 triplex:
2177 3125 2276 3158 una
2300 3109 2362 3158 de
2386 3111 2483 3156 vita
2508 3121 2558 3156 et
2580 3110 2832 3171 moribus3

1799 3189 1949 3239 altera
1986 3189 2048 3237 de
2094 3198 2268 3237 natura
2312 3200 2361 3237 et
2400 3186 2545 3235 rebus
2586 3191 2828 3246 occultis3

1799 3271 1942 3317 tertia
1969 3268 2031 3316 de
2047 3267 2329 3317 disserendo
2351 3286 2399 3316 ι.
2433 3266 2514 3314 Sic
2542 3279 2594 3316 et
2614 3272 2827 3333 August.

1800 3348 1858 3399 C.
1883 3348 1946 3396 D.
1971 3348 2123 3403 VIII,
2153 3350 2217 3407 ἅς
2248 3346 2489 3395 Alcinous
2517 3346 2673 3396 Doct.
2702 3347 2829 3395 Plnt.

1800 3444 1911 3492 cap.
1934 3430 1994 3486 33
2024 3426 2225 3489 Origen.
2246 3426 2429 3475 Philos-
2453 3440 2562 3489 cap.
2594 3442 2679 3489 19,
2720 3426 2833 3473 alii·

1799 3522 1897 3571 que
1936 3506 2113 3570 plures.
2147 3505 2391 3553 Nimirum
2428 3506 2559 3552 Zeno
2608 3504 2826 3567 philoso-

1799 3586 1962 3650 phiam
1992 3585 2186 3634 disertis
2211 3585 2373 3633 verbis
2401 3585 2465 3632 its
2497 3584 2706 3648 pertitus
2728 3596 2830 3643 est;

1800 3681 1903 3713 non
1928 3664 2046 3713 item
2069 3665 2213 3714 Plato
2237 3678 2250 3712 :
2291 3663 2407 3712 licet
2427 3662 2494 3710 'de
2518 3662 2664 3711 rebus
2689 3665 2834 3728 Logi-

1799 3745 1887 3806 cis,
1905 3744 2092 3793 Ethicis
2111 3755 2159 3792 et
2179 3743 2399 3809 Pnysicis
2419 3746 2671 3792 Socratem
2693 3743 2831 3790 indu-

1798 3836 1878 3871 cat
1902 3822 2235 3887 disputantem
2261 3858 2278 3885 ‚
2305 3832 2353 3871 et
2389 3822 2515 3870 hauc
2545 3821 2669 3869 adeo
2696 3822 2830 3869 divi·

1798 3902 1984 3950 sionem
2007 3904 2182 3950 tacitus
2204 3914 2459 3967 agnoscat.
2479 3903 2615 3950 st.

1875 3997 1897 4029 1
1915 3997 1956 4028 1.
2007 3979 2334 4046 Confer-mari.
2393 3982 2564 4031 Nostri
2628 3997 2826 4045 quoque

1798 4078 1966 4109 omnes
1986 4059 2289 4127 confirmati.
2321 4062 2418 4110 Sed
2442 4063 2508 4111 its
2536 4063 2588 4109 in
2611 4063 2707 4109 hoc
2729 4077 2830 4107 ver·

1797 4140 1865 4187 bo
1881 4175 1896 4201 ‚
1921 4141 2120 4202 ejusque
2148 4140 2453 4203 conjugatis,
2494 4141 2668 4189 scribae
2696 4157 2831 4188 more

1797 4228 2020 4282 peccaut.
2046 4217 2125 4266 Cs.
2151 4218 2300 4268 Heus.
2335 4219 2397 4267 ad
2424 4220 2527 4267 Off.
2549 4223 2594 4279 1,
2617 4223 2666 4280 3,
2694 4235 2737 4268 1.
2759 4220 2825 4266 G.
