3217 4784
834 490 960 556 DE
1014 487 1186 555 FlN.
1242 490 1453 555 BON.
1500 488 1616 555 ET
1667 489 1880 557 MAL.
1931 489 2027 569 ll,
2093 485 2192 557 13.

2446 511 2578 557 20¹

456 607 846 680 movendas
912 607 1232 707 putabo²
1282 635 1298 676 z
1344 609 1656 704 primum
1725 610 2110 707 Aristippi,
2158 610 2588 704 Cyrenaico·

454 743 767 817 rumque
808 725 1176 807 omnium;
1213 744 1401 816 quos
1428 744 1579 789 non
1615 733 1723 788 est
1751 720 2061 790 veritum
2079 711 2135 806 3,
2173 724 2248 789 in
2279 742 2363 790 ea
2389 704 2593 791 vol'u-

454 844 691 927 ptate,
760 855 922 928 quae
987 831 1298 900 maxime
1358 826 1795 900 dulcedine4
1868 853 2158 900 sensum
2230 844 2552 901 moveret
2575 883 2596 916 ‚

454 964 823 1010 summum
864 938 1140 1010 bonum
1180 963 1493 1037 ponere,
1534 952 2085 1009 contemnentes
2112 941 2320 1009 istam
2353 941 2592 1010 vacui·

452 1063 676 1121 tatem
701 1048 991 1119 doloris,
1015 1051 1105 1119 Hi
1125 1074 1275 1119 non
1296 1048 1658 1135 viderunt,
1684 1062 1765 1117 ut
1780 1048 1866 1118 ad
1891 1072 2182 1120 cursum
2199 1038 2254 1137 5,
2278 1074 2590 1146 equum;

455 1158 545 1229 ad
605 1156 982 1245 arandum,
1036 1157 1338 1247 bovem3
1391 1157 1485 1229 ad
1537 1157 2065 1255 indagandum,
2125 1185 2377 1231 canem

452 1267 829 1337 hominem
881 1267 967 1338 ad
1015 1267 1195 1339 duas
1235 1293 1382 1354 res,
1428 1282 1513 1339 ut
1563 1269 1663 1339 ait
1699 1268 2155 1352 AristoteleS‚
2199 1269 2286 1341 ad
2325 1271 2592 1342 intelli-

454 1377 773 1474 gendum
804 1393 874 1451 et
911 1377 1000 1450 ad
1034 1377 1445 1479 agendum⁶
1479 1404 1634 1451 esse
1663 1393 1951 1466 natum,
1986 1381 2191 1476 quasi
2218 1381 2595 1452 mortalem

528 1567 578 1599 α.
602 1553 923 1602 &movendas
939 1554 1154 1619 putabo.
1181 1554 1324 1603 Nihil
1349 1553 1482 1602 aliud

454 1628 509 1680 h.
540 1630 575 1678 l.
599 1642 804 1691 notant,
829 1649 974 1696 quam
1011 1633 1261 1680 semovebo
1276 1650 1298 1689 ,·
1321 1633 1407 1683 sed
1426 1644 1484 1681 ut

454 1709 718 1774 intelligas,
737 1711 870 1759 unde
898 1712 1006 1759 haec
1023 1747 1038 1773 ,
1059 1711 1260 1774 aliaque
1281 1711 1483 1771 ejusmo-

456 1789 508 1837 di
536 1790 735 1837 dicendi
762 1790 1002 1848 rationes,
1030 1790 1258 1839 Ciceroni
1285 1802 1380 1838 tam
1411 1790 1481 1838 fa-

450 1870 661 1917 miliares
676 1904 690 1928 ,
732 1869 953 1917 subnatoe
998 1870 1097 1916 sint
1115 1905 1128 1932 ,
1168 1885 1357 1932 semper
1383 1886 1481 1917 me·

446 1949 644 1995 minisse
669 1959 870 2012 oportet
888 1981 905 2006 ‚
943 1949 1080 1995 hunc
1115 1964 1251 1996 suam
1281 1949 1478 1997 dicendi

446 2026 684 2073 rationem
721 2027 785 2073 ad
820 2042 1031 2089 grecum
1073 2027 1288 2088 idioma,
1327 2029 1476 2093 idque

443 2104 665 2153 Platonis
694 2092 903 2153 maxime
921 2139 936 2162 ,
959 2108 1319 2171 composuisse,
1342 2109 1474 2172 apud

443 2199 588 2246 quem
614 2198 758 2230 nemo
782 2185 937 2230 nescit
956 2200 1100 2247 quam
1124 2202 1251 2249 saepc
1275 2187 1475 2235 verbum

445 2256 600 2317 ἀξιοῦν
628 2261 774 2308 simili
816 2261 1116 2311 abundantia
1143 2265 1350 2313 dicatur.
1381 2269 1472 2313 Fa·

448 2339 651 2389 tendum
684 2351 842 2389 tamen
888 2353 989 2401 est,
1034 2358 1248 2406 grecum
1276 2342 1478 2391 verbum

445 2435 510 2466 ex
545 2421 650 2479 eius
695 2431 862 2484 etymo
902 2423 1083 2469 rectius
1109 2432 1160 2469 et
1200 2422 1478 2470 excusatius

445 2498 719 2560 abundare,
736 2516 882 2563 quam
900 2501 972 2548 sic
990 2501 1231 2548 imitatum
1252 2501 1474 2553 latinum.

446 2577 543 2628 Sed
578 2588 650 2625 est
676 2578 780 2625 haec
808 2579 963 2627 dictio
987 2596 1016 2626 a
1058 2581 1295 2629 modestis
1337 2598 1476 2629 com-

445 2657 699 2716 mendata,
724 2661 910 2724 quippe
947 2677 1041 2724 qua
1086 2676 1193 2709 non
1220 2661 1355 2725 quod
1400 2662 1477 2708 fa-

447 2747 617 2784 cturus
634 2736 728 2795 sis,
763 2738 850 2785 sed
892 2739 1016 2802 quid
1050 2740 1325 2788 faciendum
1345 2740 1479 2803 judi-

448 2833 555 2873 ces,
578 2816 836 2864 indicetur.
861 2819 923 2864 G.

520 2897 572 2943 3.
622 2896 756 2958 Quos
790 2911 889 2942 non
930 2907 1008 2942 ese
1053 2896 1282 2946 veritum.
1325 2899 1477 2946 Recte

451 2976 579 3022 hanc
602 2973 771 3037 paullo
801 2974 1151 3023 obsoletiorem
1187 2988 1478 3024 structurum

450 3064 615 3102 tuetur
636 3054 801 3102 Davis.
830 3054 969 3114 cnjus
990 3053 1104 3101 loco
1123 3056 1350 3119 Guyetus
1373 3055 1478 3120 qui‘s

451 3133 621 3182 suadet
637 3168 652 3192 ,
678 3135 778 3195 jam
800 3150 827 3180 a
846 3133 1027 3193 Gellio,
1056 3136 1172 3192 XV,
1201 3136 1288 3193 13,
1307 3146 1478 3183 enota-

452 3223 550 3261 tam
567 3249 583 3274 ‚
614 3214 699 3278 qui
735 3215 840 3273 ejus
864 3228 1008 3261 causs
1032 3211 1167 3260 hunc
1192 3212 1354 3261 locum
1376 3215 1483 3262 lau-

453 3293 558 3341 dat.
586 3296 702 3342 Non
726 3291 849 3340 male
874 3292 972 3339 huc
1002 3291 1238 3355 quadrat,
1257 3293 1394 3356 quod
1420 3292 1481 3340 de

453 3371 551 3420 boc
569 3371 722 3420 verbo
740 3372 963 3420 Pei-ison.
981 3371 1043 3419 ad
1063 3372 1246 3419 Sanetii
1268 3373 1479 3420 Minerv.

460 3469 481 3499 ι
498 3487 512 3507 ,
536 3453 659 3513 378.
681 3453 740 3500 Β.
771 3453 942 3499 statuit
973 3450 1221 3515 propriam
1258 3451 1361 3511 ejus
1386 3467 1481 3499 no-

453 3532 637 3578 tionem
651 3547 753 3579 esse
765 3565 780 3588 ‚
797 3530 1021 3594 «pudore
1043 3540 1128 3577 aut
1147 3540 1280 3577 metu
1299 3529 1479 3579 affici-o:

451 3611 519 3657 ita
541 3621 671 3657 certe
699 3627 761 3657 ex
782 3612 886 3670 ejus
912 3610 1100 3673 passiva
1123 3621 1294 3660 natura
1321 3612 1482 3658 minus

452 3688 558 3737 haec
579 3689 882 3737 constructio
910 3687 1147 3737 offendet.
1166 3690 1232 3738 G.

528 3776 576 3824 4.
624 3770 748 3832 Quoe
795 3768 1014 3817 maxime
1039 3767 1310 3817 dulcedine.
1346 3770 1480 3818 Goer.

453 3848 601 3896 scrib.
621 3865 736 3912 qnoe
761 3848 986 3897 maxima
1012 3848 1066 3895 d.
1095 3851 1482 3912 notatquezlirn.

453 3944 546 3975 suo
582 3928 832 3992 periculo,
861 3950 883 3971 ι
905 3944 1014 3991 quae
1043 3928 1251 3975 maxime
1271 3928 1485 3977 dulcedi·

456 4022 519 4052 ne
534 4028 558 4047 ι·
576 4040 590 4064 ,
611 4007 787 4062 edidit,
814 4024 967 4071 quum
990 4006 1208 4055 maa-ima
1222 4042 1238 4068 ,
1257 4008 1483 4057 codicum

457 4083 604 4131 lectio
631 4086 847 4134 omnium
863 4122 878 4143 ,
906 4089 1050 4135 unice
1070 4103 1235 4134 verum
1256 4089 1349 4135 sit:
1373 4104 1480 4135 nam

459 4161 745 4212 adverbium
773 4165 851 4213 vel
884 4179 998 4215 ante
1034 4168 1110 4215 vel
1139 4180 1251 4231 post
1277 4179 1486 4215 naoveree

460 4240 745 4307 ponendum
763 4244 1104 4311 suisset,quum
1129 4247 1222 4296 isto
1244 4247 1484 4313 loco,quo

1572 1553 1656 1600 ille
1681 1552 1790 1600 vult
1805 1587 1820 1609 ,
1853 1551 2158 1615 potissirnum
2198 1552 2381 1600 notarit
2400 1587 2415 1611 ,
2459 1553 2596 1618 quod

1569 1630 1669 1677 loci
1694 1630 1945 1677 sententie
1981 1641 2359 1679 cousentaneum
2391 1647 2494 1679 non
2523 1633 2598 1679 fo-

1569 1719 1657 1756 ret.
1676 1712 1785 1757 Hoc
1804 1709 2124 1757 certissimum
2142 1727 2246 1761 esse
2258 1746 2274 1772 ‚
2295 1725 2466 1757 omnes
2484 1726 2599 1759 con·

1568 1788 1771 1847 cedent,
1797 1789 1883 1852 qui
1908 1788 1969 1836 de
1985 1790 2122 1851 justo
2145 1790 2405 1838 verborum
2429 1791 2595 1853 positu

1565 1866 1839 1914 accuratius
1856 1868 2150 1931 cogitarunt.
2172 1870 2234 1916 G.

1639 1946 1688 1994 5.
1704 1948 1992 1994 Ado-ursum
2011 1980 2026 2005 ‚
2049 1963 2245 2011 equum.
2277 1947 2409 1995 Gud.
2437 1964 2457 1994 1
2486 1949 2595 1996 Bas.

1564 2027 1622 2073 Ε.
1643 2020 1686 2083 ξ.
1720 2025 1796 2073 ad
1816 2025 2109 2074 currendum
2124 2045 2143 2082 ‚·
2180 2026 2367 2074 scilicet
2392 2037 2445 2074 ut
2472 2042 2595 2074 con·

1563 2105 1849 2152 structionis
1890 2105 2015 2152 ratio
2051 2107 2431 2169 equipararetur
2466 2119 2480 2153 ε
2524 2106 2595 2152 sic

1565 2184 1694 2231 enim
1722 2200 1850 2249 saepe
1874 2184 2079 2247 proprio
2100 2198 2221 2230 ausu
2260 2183 2445 2232 librarii
2482 2200 2592 2230 mu-

1565 2272 1684 2309 tant.
1711 2263 1788 2309 Ne
1811 2273 1972 2310 autem
1994 2262 2090 2309 hoc
2117 2261 2179 2308 ab
2205 2274 2404 2310 auctore
2433 2263 2596 2327 profe·

1563 2352 1696 2389 ctum
1718 2352 1859 2406 putes
1874 2375 1889 2402 ,
1911 2342 2181 2390 notandum
2201 2353 2298 2401 est,
2319 2359 2446 2408 saepe
2462 2342 2595 2391 hunc

1563 2421 1636 2468 sie
1683 2421 1954 2468 orationem
1997 2421 2181 2468 variare
2205 2458 2221 2483 ,
2250 2438 2353 2469 non
2399 2433 2497 2470 tam
2534 2438 2596 2470 ex

1565 2499 1803 2563 elegantia
1821 2533 1839 2559 ‚
1867 2514 2013 2563 quam
2032 2500 2201 2547 nescio
2217 2501 2304 2564 qui
2330 2501 2596 2561 somniant,

1567 2578 1655 2627 sed
1677 2595 1740 2625 ex
1763 2577 2064 2626 necessitate.
2094 2579 2144 2625 Si
2174 2579 2303 2626 enim
2330 2580 2596 2628 sahstsuti-

1564 2675 1682 2706 vum
1728 2668 1928 2714 aratus,
1977 2668 2071 2706 etc.
2108 2658 2246 2706 latini
2281 2675 2398 2707 usus
2446 2672 2597 2719 esset,

1561 2737 1661 2786 hoc
1706 2737 1950 2786 maluisset
1976 2752 1990 2786 τ
2015 2755 2116 2802 quo
2157 2755 2327 2787 carens
2347 2774 2362 2799 ,
2415 2756 2595 2804 gerun-

1565 2817 1701 2866 dium
1724 2819 1908 2883 posuit.
1942 2819 2021 2869 Cf.
2039 2823 2184 2884 Legg.
2205 2824 2245 2879 1,
2266 2824 2295 2868 8
2312 2855 2327 2878 ‚
2350 2823 2416 2870 25
2438 2835 2453 2869 ι
2476 2843 2501 2863 ιι
2517 2821 2598 2868 Pe-

1563 2897 1716 2946 cudes
1742 2899 1923 2962 partim
1943 2915 2046 2947 esse
2068 2900 2130 2947 ad
2150 2916 2292 2948 usum
2309 2899 2565 2946 hominum
2579 2933 2594 2955 ‚

1564 2979 1742 3043 partim
1768 2978 1832 3025 ad
1857 2979 2098 3039 fructum,
2118 2979 2293 3042 partim
2313 2976 2378 3023 ad
2395 2992 2598 3024 vescen-

1565 3059 1685 3106 dum
1715 3068 1995 3122 procreatas
2012 3078 2054 3103 n.
2074 3060 2140 3105 G.

1639 3138 1690 3183 6.
1721 3137 1809 3183 Ad
1847 3135 2211 3200 intelligendum
2225 3167 2242 3194 ‚
2267 3144 2316 3180 ee
2339 3134 2412 3182 ad
2445 3149 2597 3199 agen-

1567 3216 1707 3263 dum.
1737 3215 2059 3262 Posteriorem
2106 3214 2179 3260 ad
2210 3215 2328 3261 Ern.
2371 3230 2433 3261 ex
2476 3223 2596 3263 vett.

1568 3293 1818 3356 impressis
1846 3294 2019 3341 edidit.
2046 3297 2199 3342 Recte
2224 3292 2423 3357 quidem
2447 3308 2463 3355 ;
2502 3294 2596 3343 nisi

1567 3371 1662 3419 alia
1685 3371 1834 3419 lectio
1850 3373 1928 3420 his
1943 3372 2118 3421 obruta
2139 3373 2274 3421 latet.
2295 3373 2416 3421 Nam
2434 3374 2597 3438 primo

1564 3451 1619 3497 in
1651 3450 1821 3514 paucis
1855 3450 2008 3499 modo
2041 3450 2189 3501 codd.
2217 3452 2355 3515 prior
2378 3451 2452 3498 ad
2472 3451 2595 3515 legi·

1568 3539 1678 3587 tur,
1701 3533 1946 3594 posterior
1971 3530 2021 3577 in
2044 3529 2199 3579 nullo.
2235 3530 2425 3578 Deinde
2453 3530 2598 3578 oefert

1571 3609 1704 3657 Gud.
1727 3623 1754 3653 α
1773 3608 2102 3673 «intelligendi
2121 3620 2170 3657 et
2186 3609 2411 3673 agendi».
2431 3604 2600 3673 Quid?

1571 3689 1612 3734 si
1652 3688 1827 3735 Cicero
1866 3688 2235 3752 «intelligendo
2276 3699 2324 3736 et
2360 3688 2551 3752 agendo
2570 3711 2597 3731 ι·

1570 3767 1852 3831 scripserit,
1877 3779 2024 3832 atque
2041 3768 2159 3816 inde
2185 3768 2263 3816 hae
2290 3769 2444 3817 turba!
2461 3785 2598 3834 repe·

1573 3846 1735 3895 tendae
1757 3847 1893 3894 sint?
1909 3850 1968 3895 In
1986 3846 2078 3894 hos
2100 3857 2227 3895 certe
2251 3846 2598 3911 gerundiorum

1571 3925 1744 3974 ablatt.
1770 3928 1974 3989 grassari
1995 3927 2177 3975 scribas
2214 3928 2396 3986 solere,
2425 3938 2597 3975 notum

1570 4017 1661 4055 est.
1685 4008 1754 4055 At
1779 4008 1822 4053 si
1845 4017 2004 4055 tamen
2032 4008 2131 4056 hoc
2153 4007 2386 4055 audacius
2401 4005 2594 4066 judica-

1570 4088 1639 4135 ris
1651 4124 1665 4147 ,
1682 4087 1835 4149 magis
1854 4086 1979 4136 sorte
1998 4087 2234 4152 placebit,
2252 4108 2274 4129 ι
2292 4083 2598 4147 intelligendi

1570 4179 1619 4215 et
1651 4166 1826 4231 agendi
1854 4182 2069 4225 causa»;
2110 4184 2221 4215 nam
2251 4163 2598 4230 compendium

1572 4237 1635 4296 c‘a
1664 4235 1888 4308 aute-50,
1914 4263 2026 4311 quae
2049 4258 2165 4296 nota
2195 4244 2330 4293 verbi
2363 4241 2519 4292 subet.
2546 4244 2599 4291 in

2428 1188 2444 1231 τ
2491 1161 2591 1231 sic
2628 1169 2699 1226 40
