3217 4784
781 405 905 471 DE
957 401 1130 467 FlN.
1191 399 1398 464 BoN.
1455 398 1565 462 ΕΤ
1620 397 1834 462 MAL.
1894 395 1978 476 v,
2036 417 2147 483 29.
2383 389 2525 458 653

401 531 615 614 obiit,
657 542 760 597 tot
806 528 1022 595 maria
1071 516 1504 591 transmisit?
1557 521 1708 588 Cur
1760 515 1907 584 haec
1960 513 2209 584 eadem
2262 519 2527 584 Demo-

402 641 665 709 critus?
688 637 814 732 qui
847 635 1049 728 (vere
1079 630 1379 711 falsone,
1408 649 1897 723 quaereremus
1916 621 1989 718 ⁶)
2016 623 2274 694 dicitur
2305 623 2533 694 oculis

318 809 326 823 ,
404 773 478 817 se
524 750 838 846 privasse
869 771 883 812 ε
928 754 1116 813 certe
1137 794 1156 824 ,
1189 752 1266 806 ut
1296 760 1516 832 quam
1548 737 1845 805 minime
1875 737 2154 804 animus
2189 759 2228 803 a
2270 735 2531 830 cogita-

406 856 722 928 tionibus
761 852 1284 932 abduceretur,
1339 846 1859 943 patrimonium
1917 845 2264 941 neglexit,
2328 867 2534 939 agros

405 965 719 1036 deseruit
772 960 1117 1042 incultos,
1173 953 1354 1052 quid
1392 978 1727 1050 quaerens
1774 953 2009 1039 aliud,
2065 956 2199 1025 nisi
2253 953 2531 1024 beatam

405 1072 665 1145 vitam?
701 1075 938 1162 Quam
971 1074 1027 1140 si
1064 1070 1280 1138 etiam
1319 1067 1391 1135 in
1430 1088 1681 1135 rerum
1726 1065 2140 1161 cognitione
2180 1064 2536 1162 ponebat,

409 1202 644 1255 tamen
683 1209 774 1254 ex
802 1181 920 1253 illa
944 1178 1488 1272 investigatione
1523 1190 1796 1245 naturae
1832 1178 2179 1271 consequi
2217 1175 2535 1259 volebat,

409 1310 490 1365 ut
515 1310 700 1365 esset
731 1293 929 1364 bono
960 1291 1203 1361 animo
1224 1300 1275 1358 7.
1316 1287 1401 1358 Id
1429 1289 1622 1356 enim
1647 1277 1800 1354 illess
1829 1307 2192 1355 summum
2223 1283 2499 1355 bonum
2521 1339 2539 1367 ,

408 1403 685 1496 εὐθυμίαν
738 1414 809 1470 et
847 1421 1031 1493 saepe
1079 1393 1425 1488 ἀθαμὸίανέθ
1474 1389 1789 1488 appellat
1811 1443 1830 1476 ,
1885 1389 1956 1459 id
2014 1404 2118 1459 est
2144 1443 2163 1475 ,
2215 1390 2534 1460 animum

482 1602 533 1648 6.
567 1602 688 1646 Vere
708 1598 945 1673 falsonen,
987 1607 1323 1658 quar-eremus.
1351 1594 1424 1639 Its
1520 1590 1708 1652 inquit,
1741 1589 2000 1637 verborum
2037 1589 2290 1651 ordinem,
2318 1567 2541 1654 'vulgntoe

413 1679 726 1743 pertinaciter
762 1677 967 1739 scripti;
1010 1674 1102 1720 nisi
1138 1672 1273 1736 qnod
1309 1670 1391 1718 alii
1414 1704 1429 1726 ,

413 1769 463 1806 et
491 1758 542 1803 in
567 1755 643 1802 his
671 1755 808 1803 Gud.
832 1770 860 1801 2
891 1765 943 1801 et
968 1755 1078 1800 Rss.
1105 1767 1171 1799 ve
1198 1752 1428 1797 referunt.

415 1838 489 1883 Ex
520 1834 736 1898 Spirensi
771 1843 970 1881 notatur
1004 1830 1200 1895 quidem
1248 1842 1435 1893 quaere·

413 1930 520 1961 mus
547 1930 565 1959 .·
589 1913 674 1959 sed
709 1910 841 1959 baud
876 1908 1023 1957 dubie
1063 1905 1273 1956 collator
1303 1922 1433 1954 com·

414 1992 646 2056 pendium
666 2005 770 2038 non
788 1988 1124 2037 animadvertit
1138 2023 1152 2044 ‚
1179 1985 1314 2050 quod
1334 1984 1432 2034 Erl.

415 2070 611 2117 exhibet
632 2106 647 2129 ,
682 2064 983 2132 quoere’mus
999 2101 1013 2124 ‚
1065 2081 1261 2129 quoqne
1323 2065 1433 2126 ipso

417 2165 739 2214 quaereremus
763 2149 996 2210 signatur.
1024 2145 1182 2193 Nobis
1200 2143 1304 2190 haec
1329 2157 1434 2188 cor·

417 2229 604 2292 rigendi
622 2228 747 2275 ratio
767 2225 1006 2274 succurrit
1027 2261 1042 2285 ‚
1069 2247 1093 2265 σι
1112 2240 1221 2271 vere
1234 2258 1251 2280 ,
1285 2222 1404 2269 falso
1418 2254 1433 2277 ,

419 2326 479 2357 ue
502 2323 769 2372 quaeramus
781 2327 825 2364 ι,
840 2304 1066 2351 scribitur
1087 2303 1216 2350 enim
1227 2300 1434 2354 Latinis,

421 2411 444 2427 n
474 2398 634 2442 recte,
676 2401 820 2449 prave
840 2419 855 2443 ,
891 2383 1013 2431 nihil
1052 2381 1241 2438 differt3
1270 2381 1399 2439 juste
1421 2414 1435 2437 ,

423 2467 622 2527 injuste,
660 2464 754 2527 ipsi
799 2460 999 2526 perinde
1026 2470 1098 2506 est
1124 2482 1169 2508 ιι.
1208 2457 1439 2505 Similiter

422 2545 566 2593 etism
608 2544 660 2590 in
705 2542 867 2588 verbis
885 2575 899 2596 ‚
945 2550 998 2586 ut
1044 2561 1065 2581 ι
1095 2537 1241 2597 velis,
1279 2535 1436 2596 nolis;

422 2626 542 2672 scias
559 2657 574 2680 ‚
600 2624 810 2678 nescias,
829 2632 926 2668 etc.
955 2641 981 2660 υ
1007 2616 1226 2666 hmbin.
1257 2626 1306 2662 et
1328 2626 1437 2662 ante

423 2705 553 2750 hunc
571 2702 819 2749 Victorius
837 2700 977 2746 Varr.
998 2700 1159 2745 Lectt.
1181 2698 1295 2752 XV,
1315 2711 1363 2741 c.
1387 2710 1440 2757 9,

423 2798 697 2845 qua-remus
712 2781 865 2839 delen
886 2778 1050 2827 Davis.
1070 2799 1094 2819 e·
1123 2792 1234 2824 vere
1258 2775 1441 2823 falsone

424 2875 524 2907 non
561 2876 827 2923 quaeremus
845 2881 885 2905 ι.
926 2858 1021 2904 Sed
1047 2858 1098 2903 in
1130 2855 1205 2902 his
1230 2854 1443 2901 auctoris

426 2952 619 2984 manum
661 2952 762 2983 non
809 2935 1129 2997 agnoscimus.
1155 2933 1440 2981 Ciceronem

424 3027 583 3063 antem
602 3014 737 3062 alteri
756 3012 1004 3061 sententia!
1021 3010 1193 3057 favisse
1208 3021 1368 3072 ‚patet
1380 3026 1440 3056 ex

424 3097 569 3143 Tusc.
597 3095 659 3154 V,
687 3095 783 3155 39,
814 3100 938 3147 114:
960 3113 984 3131 ιι
1004 3089 1341 3144 Democritus,
1366 3086 1442 3132 lu-

427 3171 636 3219 minibus
663 3170 845 3217 amissis
871 3190 916 3216 a.
948 3167 1068 3214 Non
1100 3166 1226 3213 enim
1262 3163 1441 3211 amitti-

427 3267 533 3298 mus
546 3283 562 3308 ,
589 3250 768 3314 quibus
789 3257 954 3296 nostra
973 3256 1148 3310 sponte
1166 3259 1257 3291 nos
1275 3242 1440 3307 priva·

425 3347 550 3379 mus.
583 3332 756 3394 Neque
791 3328 970 3392 tuipse
999 3325 1269 3380 dubitabis,
1315 3323 1439 3378 hoc,

429 3422 483 3459 nt
520 3420 594 3458 tot
626 3410 743 3466 slis,
776 3406 1114 3456 Abderitarum
1153 3419 1288 3451 more
1325 3402 1439 3450 hnic

428 3507 530 3538 esse
550 3491 655 3538 viro
680 3486 915 3535 affictum.
942 3486 1005 3532 G.
1024 3484 1257 3531 ——Tollit
1281 3484 1439 3530 Brem.

429 3583 750 3633 quaereremus
769 3600 784 3623 ,
811 3574 869 3613 nt
892 3564 1275 3612 additamentum
1297 3561 1442 3609 libra-

431 3649 488 3695 rii
523 3647 786 3712 ellipticam
815 3642 1112 3692 locutionem
1150 3640 1438 3706 supplentis.

432 3727 584 3790 Quod
611 3728 751 3775 unice
777 3738 1109 3787 sequeremur,
1149 3721 1241 3767 nisi
1275 3717 1442 3766 similis

431 3815 683 3854 structurae
721 3804 882 3852 locum
933 3803 1262 3865 ignoraremus
1286 3832 1302 3858 ‚
1361 3813 1446 3861 pn-

433 3900 630 3947 remque
653 3883 846 3948 ellipsin
876 3878 1074 3944 reperiri
1101 3893 1245 3943 posse
1270 3877 1442 3940 despe-

434 3979 661 4012 raremus.
682 3964 743 4011 G.
759 3963 813 4010 in
841 3958 1091 4010 Additum.

503 4058 556 4101 7.
589 4044 651 4089 Ut
682 4052 805 4088 esset
842 4039 969 4087 bono
1011 4036 1195 4084 animo.
1240 4036 1448 4083 Goerenz

436 4132 614 4184 tran-sp.
648 4120 773 4167 bono
814 4129 865 4165 m
908 4128 1027 4165 esset
1061 4115 1219 4164 anim.
1268 4116 1411 4161 Hunc
1435 4151 1449 4173 ‚

1517 1670 1676 1717 multo
1716 1679 2055 1732 prostantem,
2091 1668 2222 1716 binis
2242 1668 2339 1717 illis
2361 1670 2542 1719 nostris

1523 1747 1775 1796 debemus.
1801 1750 1861 1795 In
1885 1748 2010 1795 bono
2037 1748 2166 1796 enim
2186 1749 2438 1798 sententiat
2467 1751 2542 1796 vis

1520 1827 1679 1873 omnis
1704 1828 1849 1875 inest.

1593 1906 1642 1953 8.
1662 1906 1730 1953 Id
1751 1905 1881 1954 enlm
1900 1905 2000 1954 ille.
2032 1906 2165 1952 Goer.
2189 1905 2361 1956 scribit
2391 1927 2401 1953 ε
2432 1908 2541 1954 ideo

1523 1987 1656 2033 enim
1682 1985 1783 2034 ille.
1819 1988 1922 2043 ltu,
1963 1986 2121 2050 inquit
2140 2020 2155 2044 ‚
2185 1986 2333 2035 iidem
2364 1990 2541 2047 nostri,

1524 2081 1677 2128 quum
1699 2065 1847 2128 vulgo
1864 2064 1921 2112 id
1934 2066 2061 2113 enim
2079 2100 2094 2124 ‚
2114 2067 2176 2115 sd
2193 2067 2296 2114 baec
2315 2080 2541 2118 contexta

1520 2145 1710 2208 inepte,
1742 2144 1997 2194 scribatur.
2024 2145 2161 2192 Vidit
2181 2145 2279 2193 boc
2305 2150 2469 2197 Davis.
2495 2161 2545 2196 et

1523 2222 1699 2270 etenim
1744 2222 1980 2283 conjecit,
2020 2224 2260 2288 probante
2300 2228 2539 2276 Ernestio.

1522 2305 1684 2361 Bene,
1709 2317 1796 2364 per
1817 2317 1869 2349 se
1890 2301 2088 2364 quidem
2110 2319 2124 2362 ;
2164 2304 2251 2351 sed
2277 2305 2448 2353 melior
2473 2317 2543 2354 est

1522 2380 1629 2428 haec
1658 2377 1927 2444 proborum
1950 2379 2175 2429 codicum
2195 2383 2360 2432 lectio.
2386 2385 2542 2434 Facile

1522 2475 1642 2507 vero
1705 2459 2082 2532 particula-haee
2123 2462 2297 2509 curtari
2338 2464 2503 2526 potuit
2529 2498 2545 2520 ,

1523 2553 1675 2601 quum
1699 2538 1907 2586 librariis
1930 2538 1978 2584 io
2006 2538 2261 2587 scribatur.

1596 2633 1647 2679 9.
1688 2614 1917 2683 Εὖθυμίαν
1933 2652 1949 2679 ,
1984 2629 2033 2663 et
2053 2634 2183 2682 scepe
2202 2616 2437 2687 ἀθαμὲίαν
2453 2639 2545 2687 αρ-

1519 2696 1709 2761 pellat,
1733 2695 1789 2743 id
1818 2707 1922 2754 ese,
1967 2696 2185 2745 animum
2224 2710 2402 2748 terrore
2433 2700 2547 2748 Iibe-

1526 2791 1649 2823 rum.
1671 2774 1790 2822 Non
1808 2773 1933 2823 nihil
1967 2775 2190 2825 dubitare
2208 2777 2347 2826 liceat
2364 2813 2379 2836 ,
2421 2796 2547 2827 anne

1528 2854 1673 2903 verba
1696 2854 1832 2914 haec,
1860 2877 1885 2896 ιι
1906 2866 1955 2903 et
1979 2871 2109 2920 saepe
2149 2890 2162 2903 .
2184 2890 2196 2901 .
2220 2889 2234 2902 .
2270 2857 2548 2920 liberum»,

1528 2951 1556 2981 a
1578 2935 1704 2980 Viro
1727 2933 1895 2996 aliquo
1914 2936 2077 2980 Docto
2105 2932 2224 2980 olim
2251 2937 2443 3000 appicts
2466 2939 2547 2998 ju·

1530 3011 1768 3060 dicentur.
1787 3012 1903 3058 Non
1922 3010 2050 3058 binis
2071 3011 2198 3058 enim
2218 3014 2368 3061 modo
2390 3017 2550 3064 verbis

1529 3088 1606 3135 his
1632 3089 1945 3136 Democritus
1966 3104 2205 3137 summum
2236 3092 2341 3152 ejus
2363 3092 2549 3143 bonnm

1527 3168 1764 3232 expressit
1782 3203 1797 3226 ‚
1812 3168 1897 3216 sed
1910 3167 2038 3216 idem
2062 3169 2203 3217 etism
2227 3168 2398 3221 εὐεστὼ
2418 3172 2548 3238 (qus

1526 3262 1649 3293 voce
1664 3246 1846 3295 librum
1857 3247 2016 3311 ipsum
2032 3248 2296 3314 inscripsit,
2310 3251 2375 3298 cs.
2390 3254 2547 3302 Laert.

1525 3328 1607 3384 x,
1652 3326 1717 3380 46
1743 3323 1764 3390 )
1789 3361 1804 3385 ‚
1860 3321 2148 3393 ἀταραξίαν,
2199 3326 2549 3395 ἀθαυμαστίαν,

1530 3401 1756 3472 ἁρμονίαν
1780 3440 1795 3464 ,
1829 3404 2116 3473 συμμετρίαν
2149 3407 2426 3473 appellavit.
2454 3411 2548 3459 Sed

1526 3484 1567 3530 si
1592 3484 1857 3547 fragments
1874 3485 2145 3533 Democriti
2159 3522 2174 3544 ,
2200 3503 2309 3551 qnae
2330 3482 2552 3539 'Stobaeus

1526 3564 1704 3626 passim
1733 3563 1971 3619 servavit,
2005 3565 2335 3627 consulueris,
2360 3566 2449 3616 has
2478 3586 2552 3618 re·

1526 3642 1685 3705 liquas
1710 3657 1857 3690 voces
1875 3642 2029 3689 rarius
2050 3678 2065 3701 ,
2107 3643 2214 3691 illas
2240 3660 2368 3710 saepe
2389 3663 2554 3697 recur-

1533 3729 1693 3767 rentes
1722 3719 1918 3769 videris.
1952 3721 2126 3785 Neque
2151 3739 2262 3771 cum
2286 3727 2341 3775 P.
2360 3728 2552 3778 Manat.

1531 3811 1580 3847 et
1591 3800 1756 3848 stis.
1782 3798 1976 3847 velhaec
1999 3823 2025 3842 κ
2038 3799 2094 3848 id
2111 3813 2209 3862 est,
2229 3805 2439 3854 animum
2458 3817 2554 3853 ter-

1534 3894 1644 3927 rore
1685 3877 1894 3927 liberum
1930 3901 1955 3921 a·
1991 3880 2265 3944 glossemati
2310 3884 2551 3949 adscripta

1536 3956 1676 4005 velis.
1696 3958 1766 4005 Ut
1786 3958 1916 4006 enim
1942 3957 2152 4027 εὐθυμίαν
2186 3971 2355 4009 unctor
2381 3963 2553 4011 bamam

1538 4036 1758 4085 anirmem
1800 4037 2142 4104 interpretatus
2181 4050 2254 4087 est
2282 4037 2304 4105 (
2323 4055 2467 4106 supra
2494 4044 2524 4090 8
2545 4078 2557 4098 ‚

1541 4119 1605 4165 23
1628 4155 1643 4179 ‚
1698 4118 1981 4167 interiorem
2024 4119 2164 4181 graeci
2209 4119 2341 4167 verbi
2399 4119 2562 4170 notio-
