3217 4784
750 438 873 506 DE
924 440 1095 509 FIN.
1143 441 1355 511 BON.
1407 445 1522 510 ET
1570 445 1786 514 MAL.
1835 448 1972 530 ΙΙΙ,
2031 444 2135 515 ι6.

2377 444 2518 541 393

394 572 802 662 προηγμένον,
845 584 1245 666 contraque
1299 571 1499 667 quod
1543 577 2043 674 ἀποπροηγμένον
2087 580 2520 659 nominavit,

388 704 616 775 quum
634 681 1044 754 utereturin
1058 678 1301 775 lingua
1313 683 1602 778 copiosa
1616 681 1819 757 factis
1835 699 2076 757 tamen
2106 686 2523 757 nominibus

393 813 473 859 ac
504 793 748 880 novis;
793 788 991 887 quod
1033 787 1244 857 nobis
1279 789 1354 857 in
1399 789 1533 861 hac
1567 793 1772 889 inopi
1817 795 2056 894 lingua
2084 820 2234 866 non
2271 822 2523 869 conce-

391 897 624 971 ditur:
686 922 1125 997 quamquam
1170 913 1252 967 tu
1290 898 1475 970 hanc
1509 904 1987 999 copiosiorem
2033 908 2245 977 etiam
2289 905 2523 979 dicere

394 1011 579 1081 soles
597 1009 682 1080 ²4.
725 1009 856 1080 Sed
905 1032 1051 1077 non
1098 1007 1410 1079 alienum
1456 1026 1599 1100 est,
1652 1037 1802 1108 quo
1843 1013 2118 1087 facilius
2165 1020 2267 1087 vis
2321 1017 2524 1088 verbi

394 1118 853 1215 intelligatur,
878 1118 1229 1188 rationem
1282 1118 1500 1214 hujus
1537 1119 1842 1194 faciendi
1868 1114 1934 1167 ²⁵
1975 1125 2176 1196 verbi
2216 1130 2525 1198 Zenonis

398 1250 780 1324 exponere.

493 1343 675 1408 XVI.
714 1342 810 1408 Ut
848 1338 1077 1427 enim,
1115 1341 1389 1436 inquit,
1423 1365 1641 1413 nemo
1681 1341 1890 1430 dicit,
1933 1345 2007 1414 in
2047 1348 2239 1443 regia
2270 1373 2515 1445 regem
2559 1360 2622 1412 52

396 1452 629 1546 ipsum
667 1452 871 1547 quasi
906 1449 1342 1548 productum
1379 1475 1533 1522 esse
1561 1452 1652 1522 ad
1694 1453 2116 1549 dignitatem
2167 1458 2194 1552 (
2223 1455 2296 1526 id
2326 1462 2519 1528 enim
2571 1468 2578 1475 '

394 1566 538 1627 est¹
575 1561 1025 1655 προηγμένον),
1075 1553 1200 1627 sed
1250 1581 1412 1642 e05‚
1455 1559 1583 1652 qui
1626 1561 1699 1627 in
1740 1559 1986 1655 aliquo
2021 1559 2300 1632 honore
2341 1564 2522 1648 sint,

393 1692 705 1763 quorum
734 1668 917 1739 ordo
948 1666 1274 1763 proxime
1312 1665 1619 1753 accedit,
1655 1682 1738 1738 ut
1771 1668 2133 1740 secundus
2171 1670 2260 1740 sit
2292 1668 2380 1739 ad
2414 1695 2524 1741 re-

392 1781 591 1874 gium
626 1779 1154 1875 principatum²
1188 1776 1436 1846 :sicin
1463 1779 1606 1848 vita
1644 1803 1796 1849 non
1834 1803 1949 1866 ea,
1990 1804 2151 1876 quae
2179 1782 2521 1878 primario

389 1939 671 2004 simpliciter
691 1953 763 1988 ese
779 1950 985 1988 mutant.
1018 1941 1130 1988 Bas.
1171 1950 1222 1988 et
1256 1940 1405 1988 Mars.

387 2035 489 2066 esse
511 2018 636 2067 illud
656 2029 996 2082 transponunt.
1020 2019 1086 2066 Id
1099 2036 1161 2066 ex
1178 2035 1410 2082 compen·

388 2097 473 2144 dio
519 2108 684 2144 natum
714 2108 786 2145 est
827 2110 843 2145 ε
884 2114 947 2144 ex
986 2098 1183 2162 reliquis
1220 2098 1407 2145 variett.

390 2187 491 2224 tum
515 2187 563 2223 te
589 2175 729 2223 facile
745 2175 1049 2240 expedieris,
1078 2177 1231 2224 siesse
1248 2175 1409 2224 delen·

387 2255 501 2303 dum
531 2254 737 2318 putabis.
758 2254 925 2303 Divin.
956 2257 981 2301 1
1001 2290 1017 2314 ‚
1038 2270 1101 2316 27
1118 2287 1133 2314 ,
1156 2249 1219 2316 57
1239 2269 1252 2302 ε
1277 2276 1298 2296 α
1322 2256 1409 2303 ΑΙ-

388 2346 545 2382 terum
572 2335 637 2380 ita
660 2332 889 2381 traditum
906 2368 923 2396 ,
940 2334 1122 2381 clarum
1141 2333 1405 2381 admodum

385 2412 624 2460 somnium
657 2447 672 2471 ,
716 2422 810 2459 etc.
856 2432 878 2454 ι
929 2412 1211 2472 Abiecimns
1260 2413 1407 2476 igitur

384 2508 485 2539 esse
501 2526 518 2551 ‚
538 2491 673 2555 quod
691 2491 933 2539 contextis
951 2492 1050 2551 iam
1070 2508 1157 2553 per
1175 2506 1229 2538 se
1246 2491 1405 2538 minus

385 2571 513 2618 favet
534 2585 549 2621 ε
569 2570 765 2618 deberet
784 2571 912 2617 enim
934 2571 997 2617 ad
1019 2570 1269 2634 obliquam
1283 2582 1405 2618 strn-

385 2659 569 2697 cturam
597 2666 706 2696 usus
734 2660 853 2697 esset
879 2649 1036 2712 sequi.

454 2737 538 2785 24.
551 2728 867 2791 copiosiorem
896 2727 1044 2776 etiam
1069 2727 1231 2776 dicere
1260 2730 1400 2776 soles.

383 2809 519 2856 Goer.
545 2818 728 2870 trsnsp.
754 2806 879 2854 soles
913 2806 1093 2855 dicere.
1124 2807 1404 2866 Paruimus,

383 2886 570 2951 inquit,
609 2886 735 2948 Spir.
776 2885 879 2932 Erl.
919 2886 1227 2949 auctorisque
1251 2886 1402 2943 mori,

382 2967 424 3014 si
463 2966 622 3014 dicere
655 2981 746 3028 pro
787 2975 1000 3011 statuere
1042 2967 1254 3027 accipit;
1299 2978 1401 3014 tum

383 3045 512 3093 enim
541 3044 740 3092 verbum
766 3043 860 3090 hoc
896 3042 1011 3103 loco
1041 3059 1100 3090 eo
1136 3044 1307 3107 ponit,
1350 3047 1399 3092 in

383 3140 484 3187 quo
520 3140 630 3172 cum
673 3122 721 3169 vi
744 3123 993 3169 sententiae
1020 3121 1181 3185 aliqua
1200 3124 1401 3186 reperia-

382 3213 479 3251 tur.
504 3201 697 3251 Aeadd.
725 3204 748 3249 1
767 3235 780 3258 ,
820 3202 853 3247 6
872 3236 887 3260 ,
925 3214 1025 3249 aa:
1056 3223 1081 3241 e«
1105 3206 1267 3264 Atque
1296 3202 1399 3250 haee

380 3282 461 3329 illa
481 3291 598 3329 sunt
619 3281 709 3329 tria
733 3295 931 3343 genera,
959 3294 1069 3342 quae
1102 3288 1277 3343 putant
1297 3279 1401 3344 ple-

380 3363 525 3426 rique
561 3361 901 3424 Peripateticos
922 3358 1083 3406 dicere
1102 3380 1147 3406 ιο.
1178 3358 1289 3406 Alia
1324 3375 1398 3407 res

301 3466 305 3471 ·
381 3454 454 3491 est
475 3444 611 3490 Brut.
633 3442 694 3500 87
713 3441 838 3498 ‚208
873 3454 930 3486 :a
960 3440 1061 3486 Nec
1088 3439 1142 3484 in
1170 3437 1266 3484 hoe
1297 3438 1398 3485 iro·

380 3523 512 3570 niam
533 3519 716 3568 dixeris
734 3534 835 3566 esse
850 3552 865 3577 ,
884 3518 1019 3580 quod
1037 3533 1141 3565 eam
1160 3518 1397 3565 rationem

383 3600 501 3648 mihi
541 3600 813 3661 magistram
858 3613 960 3644 esse
995 3596 1201 3644 dixerim
1220 3618 1261 3644 ι».
1302 3596 1397 3645 Ubi

381 3695 524 3742 prave
544 3678 616 3725 vel
645 3674 756 3723 ideo
781 3691 939 3739 nuper
958 3690 1021 3721 ex
1044 3675 1170 3721 Ven.
1195 3674 1396 3722 duxeris

383 3767 628 3822 receptum
657 3765 755 3811 est,
794 3753 931 3817 quod
948 3753 1024 3800 his
1042 3753 1163 3817 ipsis
1195 3753 1258 3800 ad
1296 3755 1362 3802 86
1383 3789 1397 3811 ,

384 3840 483 3899 296
503 3871 517 3896 ‚
537 3859 563 3877 ιι
586 3835 692 3882 haec
712 3849 934 3897 germana
952 3832 1107 3881 ironia
1124 3844 1199 3880 est
1213 3868 1228 3892 ,
1255 3845 1348 3881 ete.
1372 3856 1396 3875 η

386 3916 649 3979 respicitur.
694 3915 917 3964 Ceterum
971 3928 1033 3959 ex
1079 3910 1260 3959 nostris
1305 3912 1398 3960 soli

385 3994 507 4057 Spir.
525 4005 575 4040 et
601 3993 700 4040 Erl.
722 3992 870 4039 etiam
897 4001 1117 4039 servant:
1137 3991 1272 4054 quod
1296 4003 1394 4039 non

386 4071 627 4120 miraberis
644 4107 659 4128 ‚
708 4071 837 4136 syll.-
862 4088 935 4120 em
980 4070 1283 4134 praecedente
1298 4105 1312 4129 ,
1350 4083 1399 4119 et

386 4151 474 4199 boc
493 4150 546 4198 in
564 4152 727 4214 positu
748 4151 917 4198 scribis
936 4149 1400 4213 maiolum-Copio-

1495 1940 1731 1991 se'orem...
1760 1941 1922 1990 dicere
1950 1941 2092 1991 soles.
2128 1944 2205 1993 Cf.
2243 1943 2388 1990 Nost.
2415 1960 2523 2007 sup.

1495 2021 1551 2083 1,
1585 2022 1654 2082 3,
1685 2020 1715 2086 S
1752 2036 1842 2084 to,
1880 2033 1930 2069 et
1974 2037 2084 2086 quae
2130 2021 2200 2068 ibi
2247 2024 2523 2071 notavimus

1493 2098 1626 2163 (pag.
1651 2108 1676 2155 4
1693 2116 1736 2159 1,
1765 2110 1871 2149 not.
1901 2099 2008 2163 ao).

1568 2181 1651 2226 25.
1679 2179 1930 2227 Rationem
1963 2178 2105 2243 hujus
2128 2177 2359 2238 faciendi
2382 2179 2524 2227 verbi

1493 2254 1728 2305 Zenonis.
1760 2259 1900 2305 Goer.
1939 2269 2123 2322 transp.
2153 2280 2177 2299 «-
2197 2260 2407 2306 Zenonis
2442 2276 2519 2307 ra-

1492 2334 1615 2381 tion.
1643 2333 1693 2382 h.
1715 2350 1761 2382 v.
1781 2334 1855 2380 f..
1879 2335 1960 2381 Sic
1977 2370 1991 2393 ,
2010 2335 2198 2398 inquit,
2226 2353 2290 2384 ex
2310 2337 2523 2385 auctoris

1492 2427 1645 2460 more.
1677 2412 1753 2460 Cf.
1775 2414 1928 2459 Tnsc.
1960 2415 2058 2472 lv,
2089 2428 2147 2472 17
2169 2447 2184 2471 ,
2220 2424 2321 2474 4ο,
2352 2431 2522 2479 «aegre

1488 2490 1657 2539 tulisse
1682 2491 1739 2541 P.
1780 2493 2036 2555 Rupilium
2073 2493 2233 2541 fratris
2277 2495 2518 2560 repulsam

1488 2572 1770 2620 consulatus
1797 2592 1840 2620 ι.
1873 2571 2004 2620 null.
2031 2574 2083 2630 1,
2127 2587 2179 2631 1,
2202 2574 2231 2621 3
2254 2588 2268 2619 ε
2300 2594 2323 2616 ι
2351 2584 2406 2621 tu
2427 2590 2520 2638 po-

1488 2650 1594 2713 puli
1629 2667 1753 2699 rom.
1772 2649 1986 2698 subsidia
1999 2650 2114 2698 belli
2131 2685 2146 2710 ,
2170 2662 2221 2699 tu
2234 2664 2516 2700 ornamenta

1486 2730 1623 2793 pacis
1657 2729 1832 2793 eripias
1849 2731 1871 2775 P
1891 2752 1917 2771 ιο
1939 2740 2088 2794 atque
2111 2730 2177 2778 ita
2204 2732 2421 2778 centenis
2442 2731 2517 2778 lo-

1486 2808 1574 2857 cis.
1594 2809 1687 2856 Vel
1713 2819 1842 2857 certe
1863 2808 1995 2856 bunc
2019 2808 2241 2857 ordinem
2263 2810 2481 2874 requiras
2500 2845 2514 2868 ,

1498 2909 1521 2931 ι
1534 2888 1771 2936 rationem
1789 2889 2001 2935 Zenonis
2018 2887 2166 2948 hujus
2186 2905 2235 2936 v.
2256 2888 2291 2934 f.
2312 2908 2339 2928 a
2369 2888 2514 2936 Divv.

1487 2966 1511 3012 Ι
1525 3000 1540 3026 ,
1558 2983 1638 3030 ep.
1670 2983 1686 3013 ι
1705 2980 1718 3013 :
1739 2988 1763 3007 κ
1782 2966 1908 3027 Quae
1930 2982 2004 3013 res
2017 2975 2158 3027 auget
2190 2962 2513 3028 suspicionem

1483 3044 1706 3108 Pompeii
1737 3041 2002 3090 voluntatis
2018 3077 2033 3098 ,
2052 3053 2147 3090 etc.
2167 3064 2189 3083 ι
2215 3049 2284 3090 At
2300 3042 2513 3090 Zenonis

1483 3138 1665 3170 nomen
1699 3121 1921 3186 proxime
1964 3130 2074 3166 ante
2099 3136 2252 3182 quum
2298 3122 2512 3183 positum

1483 3212 1641 3259 esset,
1679 3200 1728 3247 b.
1764 3199 1798 3246 l.
1835 3197 1966 3245 idem
2003 3196 2156 3243 modo
2184 3197 2515 3262 ambiguitatis

1483 3277 1712 3325 cavendae
1731 3292 1875 3324 causa
1899 3275 2003 3323 sine
2028 3277 2163 3323 omni
2189 3276 2237 3323 vi
2267 3276 2512 3336 adjicitur.

1552 3358 1694 3405 xvl.
1717 3371 1761 3404 ι.
1778 3355 1841 3402 Id
1850 3354 1979 3402 enim
1993 3365 2080 3403 est.
2093 3355 2242 3403 Multi
2255 3355 2444 3419 scripti,
2465 3367 2512 3405 et

1483 3451 1562 3482 vv.
1590 3434 1705 3483 edd.
1732 3435 1974 3499 pleraeque
2002 3434 2132 3483 idem
2157 3433 2301 3483 enim.
2326 3436 2388 3484 G.

1555 3529 1608 3563 a.
1623 3513 1867 3560 Secundus
1880 3547 1893 3560 .
1905 3549 1919 3562 .
1933 3513 2030 3560 ‚ad
2054 3513 2238 3578 regium
2253 3514 2513 3579 principa-

1483 3606 1600 3642 ceem.
1626 3593 1789 3640 Davis.
1818 3594 2093 3653 conjecerat
2114 3610 2148 3640 a
2177 3593 2310 3657 regio
2331 3595 2510 3657 prinei·

1474 3685 1599 3737 patu
1636 3690 1655 3721 .-
1689 3673 1775 3720 sed
1815 3674 1928 3719 Ern.
1969 3684 2017 3720 et
2060 3673 2219 3720 Brem.
2259 3673 2511 3737 vulgatum

1482 3764 1609 3801 stare
1648 3768 1793 3816 posse
1823 3762 2020 3815 putant.
2050 3752 2155 3798 Nos
2194 3751 2246 3797 in
2278 3753 2511 3798 rationem

1487 3832 1813 3897 inquirentes,
1850 3831 1954 3878 sine
1987 3847 2083 3894 qua
2117 3829 2236 3877 nibil
2264 3840 2388 3879 stare
2421 3848 2510 3877 nec

1482 3921 1674 3975 potest,
1699 3926 1789 3957 nec
1813 3910 1988 3969 debet,
2014 3909 2141 3956 hanc
2167 3920 2267 3956 tum
2288 3910 2510 3957 idoneam

1485 3990 1773 4054 reperimus,
1819 3991 1860 4037 si
1894 3990 1968 4036 ad
1997 4005 2090 4054 pro
2120 3990 2293 4052 quoad
2327 3989 2511 4037 dictum

1488 4070 1748 4134 acceperis.
1781 4069 1862 4117 Sic
1884 4086 2027 4133 supra
2056 4071 2133 4126 11,
2157 4084 2241 4126 ao,
2266 4069 2332 4116 63
2361 4088 2371 4113 :
2395 4090 2417 4108 α
2441 4070 2511 4114 lta

1490 4166 1592 4196 non
1621 4149 1818 4197 timidus
1845 4148 1906 4196 ad
1950 4159 2186 4203 mortem,
2231 4157 2282 4193 ut
2323 4148 2372 4193 in
2408 4146 2511 4193 acie
