3217 4784
610 357 753 443 446
1288 360 1383 426 Μ.
1436 360 1510 425 T.
1568 358 2055 429 CICERONIS

540 518 571 544 υ
611 483 873 551 relicta.
897 483 1293 576 Quumque
1311 477 1473 548 duae
1505 482 1650 547 sint
1670 492 1891 563 arteS‚
1912 477 2179 574 quibus
2217 475 2532 583 perfecte
2559 480 2756 548 ratio

609 606 682 662 et
718 594 951 661 oratio
1001 590 1489 687 compleatur,
1540 612 1688 659 una
1729 587 2185 674 inveniendi,
2243 587 2466 659 altera
2527 588 2756 659 disse-

610 701 815 772 rendi
837 755 855 775 .
923 700 1111 771 hanc
1166 700 1642 798 posteriorem
1697 714 1770 770 et
1826 703 2073 783 stoici,
2129 712 2201 771 et
2261 699 2702 796 peripatetici
2728 754 2751 779 ,

610 814 923 909 priorem
969 824 1213 881 autem
1247 810 1348 880 illi
1387 810 1672 908 egregie
1713 808 2204 896 tradiderunt3
2245 807 2410 877 hi¹0
2445 808 2752 878 omnino

612 947 706 992 ne
745 922 1140 1016 attigerunt
1176 920 1495 1017 quidem.
1535 923 1717 991 Nam
1762 945 1803 990 e
1846 918 2115 1018 quibus
2159 918 2337 989 locis
2364 926 2419 961 ¹¹
2448 971 2469 1004 ‚
2539 920 2751 1014 quasi

607 1030 987 1117 thesauri5‚
1009 1045 1436 1128 argumenta
1470 1031 2098 1129 depromerentur,
2131 1028 2348 1100 vestri
2383 1053 2478 1099 ne
2513 1030 2747 1120 suspi-

608 1142 745 1212 cati
782 1140 1079 1238 quidem
1125 1155 1330 1228 sunt;
1371 1140 1781 1240 superiores
1822 1154 2065 1212 autem
2102 1138 2483 1210 artificio¹²
2516 1153 2591 1209 et
2633 1140 2748 1209 via

608 1251 1082 1323 tradiderunt.
1123 1254 1300 1342 Quae
1337 1251 1633 1348 quidem
1667 1273 1782 1321 res
1809 1247 2029 1322 efficit
2049 1303 2068 1339 ‚
2103 1274 2198 1320 ne
2225 1270 2519 1320 necesse
2540 1242 2600 1293 ¹3
2629 1250 2745 1333 sit,

609 1360 861 1432 iisdem
898 1360 987 1432 de
1027 1361 1246 1432 rebus
1283 1384 1569 1460 semper
1612 1361 1816 1457 quasi
1858 1358 2122 1431 dictata
2162 1354 2580 1446 decantare,
2614 1384 2745 1431 ne·

607 1497 755 1569 que
795 1496 836 1543 a
872 1471 1481 1543 commentariolis
1519 1472 1667 1542 suis
1710 1468 2097 1542 discedere.
2137 1473 2317 1541 Nam
2360 1470 2486 1565 qui
2532 1469 2744 1555 sciet,

606 1582 737 1654 ubi
768 1581 1095 1681 quidque
1130 1582 1449 1681 positum
1484 1583 1613 1669 sit,
1657 1600 1949 1679 quaque
1978 1604 2069 1651 eo
2095 1581 2334 1651 veniat
2357 1634 2376 1668 ‚
2408 1582 2504 1666 is,
2532 1583 2746 1649 etiam

608 1696 668 1763 si
695 1693 871 1791 quid
904 1693 1250 1765 obrutum
1282 1696 1418 1764 erit
1439 1748 1458 1778 ‚
1496 1694 1766 1790 poterit
1801 1716 2087 1779 eruere,
2120 1714 2552 1788 semperque
2589 1714 2745 1761 esse

608 1806 682 1874 in
712 1802 1156 1901 disputando
1193 1827 1387 1878 suus,
1418 1803 1636 1895 Quod
1666 1804 1799 1875 etsi
1823 1802 1886 1859 ¹⁴
1921 1802 2226 1899 ingeniis
2262 1803 2539 1898 magnis
2568 1825 2744 1898 prae·

608 1913 738 1985 diti
757 1914 1050 2012 quidam
1070 1911 1357 1984 dicendi
1376 1915 1662 2011 copiam
1687 1914 1841 1984 sine
1861 1914 2139 1983 ratione
2169 1927 2746 2009 consequuntur,

606 2112 695 2163 sed
711 2125 844 2162 certe
855 2114 919 2161 sd
937 2114 1267 2179 Chrysippum
1285 2115 1550 2179 pertinere.
1568 2117 1630 2164 G.

685 2209 769 2244 10.
801 2193 869 2240 Ee
890 2194 1042 2241 Stoici
1060 2228 1075 2253 ‚
1117 2206 1169 2242 et
1190 2194 1505 2259 Peripatetici
1537 2229 1550 2242 .
1574 2231 1587 2243 .
1609 2231 1624 2245 .

608 2273 687 2322 me·
719 2307 731 2320 .
755 2308 768 2320 .
789 2307 803 2319 .
849 2272 918 2321 lu‘.
954 2275 1106 2322 Recte
1132 2274 1365 2322 viderunt
1389 2275 1557 2324 Daris.
1583 2286 1636 2324 et

607 2355 728 2403 Ern.
754 2351 833 2401 illi
848 2350 913 2401 sd
939 2354 1191 2418 proximos
1211 2390 1225 2413 ‚
1252 2354 1604 2419 Peripateticos
1620 2390 1635 2414 ,

608 2432 664 2480 Iu‘
684 2432 748 2481 ad
775 2428 997 2492 Stoicos,
1036 2434 1296 2497 pertinere.
1330 2433 1427 2482 sod
1466 2434 1563 2481 hoc
1590 2434 1634 2481 si

608 2526 669 2560 ex
711 2510 898 2571 abusu,
932 2512 1011 2559 vel
1045 2512 1339 2576 negligentia
1374 2514 1485 2559 VV.
1520 2515 1633 2561 DD.

608 2589 885 2654 explicent,
911 2590 1103 2654 egregie
1124 2589 1359 2640 falluntur
1380 2606 1394 2641 ε
1412 2590 1490 2640 illi
1504 2592 1635 2640 enim

608 2670 672 2719 ad
712 2680 930 2733 tempore
971 2669 1258 2717 remotiores
1293 2671 1636 2719 accommoda-

612 2761 716 2797 tum
737 2758 845 2797 est:
869 2758 928 2796 ut
951 2747 1005 2795 1ιί
1026 2746 1089 2795 sd
1113 2757 1333 2813 tempore
1359 2751 1633 2814 propiores.

608 2824 738 2877 Vide
769 2828 935 2875 locum
954 2862 967 2885 ‚
998 2827 1086 2892 qui
1112 2828 1205 2875 hnc
1241 2828 1293 2876 in
1330 2844 1381 2876 re
1405 2828 1635 2877 classicus

609 2908 710 2956 dici
734 2918 976 2969 meretur,
1014 2924 1109 2974 pro
1133 2907 1317 2957 Caecin.
1340 2909 1365 2955 1
1379 2941 1394 2969 ,
1422 2922 1445 2957 r
1467 2923 1639 2957 :anon

608 2990 770 3036 minus
795 3001 929 3036 nnnc
952 2987 1007 3035 iu
1045 3002 1187 3035 censs
1219 2987 1414 3036 eederet
1439 2989 1503 3035 A.
1526 2987 1637 3035 Ce-

609 3069 717 3116 cins
765 3070 816 3117 S.
861 3066 1055 3115 Albutii
1099 3066 1448 3131 impudentioe,
1490 3081 1637 3130 qnam

609 3156 713 3195 tum
760 3149 814 3196 in
858 3148 906 3195 vi
945 3146 1168 3195 facienda
1210 3147 1356 3194 cessit
1398 3145 1634 3202 audaciae.

607 3229 793 3276 Verum
831 3239 882 3276 et
923 3227 1050 3276 illud
1088 3225 1385 3275 considerati
1422 3226 1638 3274 hominis

608 3323 712 3355 esse
736 3306 959 3371 putavit,
993 3322 1089 3370 qua
1110 3305 1173 3354 de
1193 3322 1245 3353 re
1264 3307 1374 3368 iure
1400 3304 1638 3355 decertari

609 3395 887 3449 oporteret,
906 3385 1055 3431 armis
1078 3385 1375 3433 contendere
1396 3399 1412 3434 τ
1439 3397 1489 3435 et
1509 3386 1606 3435 hoc
1621 3421 1636 3447 ‚

609 3462 907 3520 constantis,
945 3463 1143 3525 quicum
1183 3464 1233 3509 vi
1267 3475 1318 3511 et
1343 3465 1491 3512 armis
1527 3480 1636 3513 cer·

610 3553 712 3590 tare
743 3539 1015 3599 noluisset,
1055 3556 1167 3588 eum
1203 3541 1313 3601 jure
1347 3542 1636 3608 judicioque

609 3634 900 3683 superare».
947 3618 1091 3666 Adde
1124 3619 1249 3667 infra
1280 3622 1377 3681 lv,
1410 3623 1506 3681 16,
1541 3624 1636 3683 43,

609 3698 795 3762 ubique
821 3714 958 3762 eque
986 3698 1162 3747 Stoicis
1186 3700 1353 3748 Aristo
1381 3715 1635 3765 compars-

610 3789 703 3826 πυτ.
732 3779 960 3826 Ceterum
978 3794 1171 3826 cansam
1197 3779 1316 3828 artis
1339 3781 1541 3844 Topicae
1557 3816 1571 3841 ‚
1605 3797 1634 3829 a

605 3858 786 3908 Stoicis
814 3856 1025 3916 renem,
1063 3857 1192 3906 hane
1228 3858 1462 3921 put-bis,
1496 3860 1634 3923 quod

605 3955 710 3987 eam
730 3936 1020 3986 Aristoteles
1038 3937 1102 3985 ad
1123 3937 1385 3986 oratoriam
1403 3973 1418 3997 ,
1447 3953 1553 3986 non
1569 3939 1633 3987 ad

605 4016 875 4067 disserendi
896 4027 1049 4065 artem
1067 4016 1493 4067 accommodasset.
1511 4019 1576 4067 G.

682 4114 699 4146 ι
715 4115 735 4145 r
750 4135 762 4147 .
791 4097 925 4145 Nam
948 4112 976 4143 e
996 4095 1168 4160 quibus
1196 4095 1313 4143 Iocis
1338 4132 1349 4143 .
1372 4128 1385 4144 .
1407 4133 1418 4143 .
1455 4096 1633 4159 depro-

1721 2125 1988 2165 merentur.
2019 2115 2096 2163 De
2124 2114 2217 2162 hae
2249 2130 2302 2163 re
2327 2114 2507 2164 librum
2531 2118 2744 2164 conscri-

1720 2196 1820 2261 psit
1853 2195 2027 2244 Cicero
2075 2194 2254 2259 Topica
2299 2195 2590 2259 inscriptum
2605 2231 2619 2253 ‚
2657 2195 2744 2242 ubi

1721 2274 1997 2324 Aristotelis
2036 2274 2309 2323 doen-inam
2341 2272 2403 2322 de
2435 2272 2562 2322 locis
2592 2290 2744 2339 expo-

1721 2356 1844 2411 suit,
1889 2370 2036 2418 quem
2061 2354 2194 2403 vide.

1801 2449 1885 2484 ια.
1920 2431 2139 2502 Amflcio
2185 2443 2233 2481 et
2267 2433 2378 2482 via.
2413 2432 2551 2481 Idem
2577 2433 2706 2481 velet
2727 2468 2742 2492 ,

1725 2512 1862 2577 quod
1887 2520 2061 2561 auctor
2077 2512 2222 2571 alies,
2249 2513 2441 2560 ratione
2458 2523 2507 2559 ee
2524 2512 2630 2561 via.

1803 2593 1885 2639 13.
1912 2594 2037 2655 Quoe
2050 2590 2246 2654 quidem
2268 2607 2348 2639 res
2371 2590 2543 2659 ficit,
2573 2607 2635 2638 ne
2651 2606 2743 2637 ne·

1728 2685 1861 2720 cesse
1882 2668 1963 2717 sie.
1986 2672 2123 2719 Goer.
2144 2670 2293 2719 scrib.
2315 2670 2492 2736 effecit.
2509 2672 2618 2718 Hoc
2633 2704 2651 2730 ,
2669 2670 2744 2716 in-

1722 2751 1837 2817 quit
1850 2785 1865 2811 ‚
1879 2766 1907 2799 e
1928 2751 2110 2798 nostris
2123 2751 2353 2800 omnibus
2367 2788 2382 2811 ,
2399 2751 2527 2800 binis
2546 2753 2745 2799 Oxonn.

1720 2833 1875 2880 Mars.
1896 2831 2025 2880 Cret.
2046 2830 2153 2880 aliis
2176 2831 2403 2880 dedimus
2425 2845 2440 2881 ε
2464 2831 2594 2880 idem
2615 2831 2746 2879 enim

1723 2909 1829 2957 haeo
1843 2910 2093 2969 vulcanae
2114 2913 2156 2959 si
2181 2912 2418 2976 seriptum
2440 2923 2592 2971 esset,
2614 2926 2744 2974 uque

1725 2987 1985 3052 quidemr-e
2002 2992 2232 3040 effectum
2242 3002 2345 3053 est,
2366 3002 2423 3040 ut
2434 2994 2534 3054 jem
2556 3004 2750 3038 necesse

1725 3081 1827 3114 non
1857 3070 1922 3115 sit
1937 3090 1987 3116 ιο.

1801 3155 1881 3204 14.
1911 3149 2061 3213 Quod
2082 3147 2183 3198 etsi.
2209 3151 2318 3198 Bas.
2346 3148 2481 3214 quod
2509 3148 2574 3206 si,
2593 3146 2748 3211 idque

1723 3241 1814 3289 per
1839 3243 1893 3274 se
1916 3226 2130 3291 probum
2164 3239 2238 3276 est
2259 3243 2274 3277 ε
2301 3244 2428 3292 soepe
2453 3227 2583 3274 enim
2614 3227 2751 3291 quod

1724 3304 1772 3353 si
1783 3340 1798 3365 ,
1820 3316 1985 3355 tamen
2007 3319 2266 3371 sequente,
2306 3306 2442 3373 quod
2472 3306 2568 3354 etsi
2591 3305 2748 3363 valet3

1723 3385 1938 3452 Philipp.
1962 3389 2039 3445 X,
2072 3403 2166 3446 ro,
2194 3402 2290 3449 ὀς
2330 3387 2466 3435 Orat.
2498 3385 2592 3443 43,
2623 3382 2743 3439 148.

1726 3464 1920 3529 vulgata
1933 3466 2257 3515 sollicitanda
2275 3482 2377 3514 non
2398 3476 2468 3513 est
2489 3499 2505 3524 ‚
2531 3473 2589 3511 ut
2609 3461 2743 3511 vide-

1723 3554 1838 3591 runt
1859 3545 2032 3593 Deris.
2062 3557 2111 3594 et
2135 3547 2253 3593 Em.
2288 3561 2400 3593 nam
2431 3544 2569 3608 quod
2607 3553 2746 3590 notat

1723 3640 1750 3664 α
1773 3623 1911 3687 qnod
1934 3625 2108 3673 ettiuet
2149 3625 2213 3673 sd
2239 3624 2322 3679 id,
2362 3622 2499 3687 qnod
2539 3642 2588 3669 ο.
2628 3623 2747 3669 Non

1723 3713 1840 3749 sunt
1857 3702 2008 3767 igitur
2028 3705 2079 3750 in
2094 3704 2331 3768 proximis
2353 3701 2495 3749 verba
2514 3737 2529 3760 ‚
2549 3699 2747 3750 debendi

1721 3780 1914 3845 copiam
1931 3817 1947 3839 ,
1977 3794 2087 3831 cum
2117 3787 2176 3832 Ρ.
2209 3782 2399 3830 Manat.
2427 3780 2480 3829 in
2509 3782 2749 3846 suspectis

1716 3860 2000 3921 indicenda.
2033 3862 2194 3910 Possis
2221 3871 2378 3908 umen
2407 3872 2520 3908 cum
2546 3863 2744 3910 Monac.

1721 3940 1932 4003 simplici
1968 3939 2165 3989 dicendi
2204 3955 2363 3986 carere
2395 3954 2409 3988 :
2447 3956 2578 4005 saepe
2618 3941 2745 3987 enim

1722 4030 1894 4068 auctor
1930 4018 2123 4083 copiam
2164 4018 2226 4066 de
2265 4020 2503 4068 orationis
2529 4019 2747 4069 ubere-te

1723 4098 1853 4146 node
1881 4098 2022 4147 dicit.
2039 4099 2104 4145 G.
