3217 4784
853 460 976 527 DE
1025 457 1199 526 Fm.
1256 457 1461 526 BoN.
1512 456 1629 525 ET
1678 456 1894 524 MAL.
1945 458 2056 541 11,
2101 480 2164 549 7.

2453 478 2575 549 171

457 578 869 679 parricidaS,
915 581 972 650 si
1018 602 1155 649 nec
1202 574 1449 675 cupidi
1491 580 1673 663 sint,
1726 584 1949 647 nec¹7
2006 575 2180 646 deos
2220 588 2589 658 metuant,

454 716 588 762 nec
640 705 990 775 mortem,
1040 712 1179 761 nec
1234 685 1583 758 dolorem.
1640 689 1729 755 Et
1779 700 2050 772 tamen,
2108 683 2285 782 quid
2336 687 2591 755 attinet

456 801 837 872 luxuriosis
862 799 1084 871 ullam
1121 799 1623 893 exceptionem
1662 787 1944 882 dare¹⁸‚
1982 810 2107 867 aut
2153 793 2426 891 fingere
2472 793 2592 864 ali-

454 936 682 1008 quos,
726 911 897 1006 qui,
940 932 1175 1005 quum
1210 906 1576 977 luxuriose
1615 907 1979 992 viverent,
2023 931 2065 977 a
2104 929 2392 976 summo
2435 903 2591 1001 phi·

455 1021 765 1119 losopho
804 1042 957 1088 non
994 1015 1727 1116 reprehenderentur,
1761 1039 1851 1086 eo
1888 1016 2185 1087 nomine
2222 1013 2596 1085 dumtaxat

452 1145 692 1202 cetera
731 1128 1203 1200 caverent¹9?
1256 1125 1394 1198 Sed
1434 1140 1678 1196 tamen
1721 1150 1969 1197 nonne
1996 1123 2596 1223 reprehenderer„
2633 1153 2695 1184 υ

452 1358 617 1404 ter-ita
651 1372 762 1404 eum
800 1366 850 1402 ee
883 1356 1129 1416 junxisse,
1168 1363 1222 1400 ut
1246 1367 1357 1400 eum
1383 1367 1477 1408 ac,

451 1448 631 1500 aeque,
659 1446 715 1482 ue
737 1434 1011 1499 putandum
1035 1442 1137 1491 est,
1178 1431 1314 1496 quod
1335 1431 1482 1478 inter·

451 1516 571 1565 dum
626 1516 881 1580 suspicor,
935 1524 1112 1580 utpote
1157 1528 1307 1576 quum
1351 1525 1480 1573 saepe

451 1595 868 1644 animadverterim
896 1609 1038 1658 oeque
1070 1604 1122 1640 et
1159 1591 1397 1656 scriptum
1430 1588 1484 1634 in

450 1674 813 1739 antiquislibris
826 1708 841 1731 ,
861 1673 948 1721 ubi
972 1684 1046 1720 est
1058 1671 1112 1718 in
1132 1667 1485 1718 recentioribus

450 1770 591 1818 oeque
608 1765 677 1802 ut.
704 1754 1153 1801 P.Manur1us.—
1171 1751 1291 1795 Haec
1313 1746 1483 1794 ultima

450 1829 634 1898 interp.
649 1832 843 1881 Bremio
856 1865 873 1891 ‚
884 1840 933 1877 et
952 1827 1213 1876 Goerenxio
1232 1825 1484 1891 probatur.

527 1928 607 1973 17.
642 1911 695 1959 Si
733 1926 823 1958 neo
871 1907 1041 1972 cupidi
1075 1907 1200 1965 sine,
1251 1922 1342 1955 nee
1368 1907 1484 1954 deos

456 2001 709 2047 metuant,
738 2005 829 2037 nee
862 1997 1095 2045 mortem,
1132 2003 1225 2034 nee
1250 1987 1481 2034 dolorem.

451 2070 607 2116 Totus
643 2068 724 2115 hic
771 2068 911 2116 loeus
960 2078 1259 2131 praepostero
1302 2064 1477 2114 verbo-

453 2163 560 2194 rum
609 2146 782 2194 ordine
824 2148 892 2193 ita
932 2146 1239 2209 perturbatus
1283 2156 1387 2203 est,
1424 2156 1482 2193 ut

454 2226 629 2273 elicere
647 2226 933 2273 sententiam
971 2224 1111 2273 nullo
1129 2223 1280 2271 modo
1304 2224 1447 2272 liceat
1467 2240 1481 2282 ;

452 2314 500 2352 et
531 2320 594 2351 ne
634 2303 868 2351 lectorem
907 2302 1074 2351 multis
1107 2318 1298 2362 morer,
1333 2301 1481 2350 verba

453 2382 701 2443 recitabo,
731 2398 836 2430 non
880 2392 936 2430 ut
963 2383 1194 2446 leguntur
1230 2381 1285 2428 in
1319 2381 1481 2428 omni·

451 2462 543 2510 bus
577 2462 747 2523 libris,
788 2460 895 2509 sede
920 2472 976 2509 ut
1012 2461 1209 2509 videtur
1245 2461 1481 2508 sententia

449 2541 704 2606 postulare
723 2573 737 2597 ,
783 2563 809 2582 οι
862 2541 913 2588 Si
948 2540 1015 2588 ita
1046 2540 1165 2588 dicit
1184 2573 1200 2599 ,
1240 2554 1340 2586 non
1378 2555 1481 2587 esse

450 2618 880 2685 reprehendendos
937 2620 1214 2668 luxuriosos
1233 2654 1245 2677 ,
1294 2621 1334 2666 si
1388 2635 1479 2665 nec

452 2700 622 2763 cupidi
640 2700 765 2758 sint,
789 2715 878 2747 nee
918 2699 1037 2747 deos
1075 2709 1298 2747 metuant
1321 2733 1337 2759 ,
1388 2716 1479 2747 nee

452 2789 656 2826 mortem
674 2814 689 2837 ‚
706 2794 795 2824 nec
815 2777 1037 2826 dolorem
1058 2793 1073 2838 ;
1098 2778 1217 2826 dicit
1239 2778 1479 2836 absurde3

452 2858 675 2905 similiter
685 2868 735 2904 et
743 2858 783 2903 si
799 2856 930 2904 dicat
942 2873 1045 2905 non
1055 2857 1480 2920 reprehendendos

450 2936 742 3002 parricidas,
779 2937 820 2983 si
861 2937 1100 2999 sapientes
1138 2937 1251 2982 sint.
1287 2937 1478 2983 Etenim

449 3016 571 3081 quid
590 3017 765 3063 attinet
782 3014 1045 3062 luxuriosis
1067 3013 1213 3060 ullam
1231 3017 1478 3079 exceptio·

450 3111 560 3142 nem
599 3094 715 3142 dare
732 3096 754 3140 Ρ
790 3103 873 3141 aut
890 3090 1073 3155 fingere
1097 3091 1288 3154 aliquos
1307 3127 1320 3149 ,
1357 3095 1442 3157 qui
1465 3130 1480 3155 ,

450 3190 604 3238 quum
639 3173 889 3220 luxuriose
930 3172 1179 3227 viverent,
1209 3181 1365 3218 cetera
1395 3186 1477 3218 ea-

451 3263 650 3315 vetent,
680 3267 707 3299 a
735 3267 924 3299 summo
959 3249 1259 3315 philosopho
1278 3265 1381 3296 non
1399 3267 1477 3297 re-

452 3332 867 3398 prehenderentur
893 3345 954 3378 eo
979 3331 1177 3377 nomine
1198 3327 1478 3377 dumtaxat?

452 3412 551 3460 Sed
569 3422 731 3459 tamen
760 3425 952 3467 nonne,
972 3419 1067 3456 ete.
1090 3430 1115 3449 a
1133 3410 1264 3470 Lego
1287 3417 1448 3455 autem
1463 3445 1479 3471 ‚

451 3508 542 3541 nee
558 3489 837 3539 dubitanter
854 3490 973 3553 quin
990 3498 1119 3535 recte
1134 3521 1148 3545 ,
1165 3485 1337 3534 etenim
1361 3486 1481 3551 'quid

451 3570 655 3629 attinet,
693 3568 776 3616 ubi
799 3578 872 3615 est
904 3569 959 3614 in
995 3566 1223 3614 omnibus
1260 3564 1399 3614 libris
1431 3578 1481 3615 ee

452 3664 613 3700 tamen
642 3648 769 3714 qm'd
790 3648 984 3695 attinet.
1002 3648 1265 3696 Davtsws.

529 3732 611 3778 18.
656 3731 810 3777 Dare.
853 3730 990 3776 Goer.
1031 3727 1178 3776 scrib.
1217 3743 1328 3775 eum
1364 3727 1477 3775 edd.

450 3819 630 3859 vett.et
649 3808 843 3857 Bremia
856 3806 993 3865 dari,
1011 3808 1081 3854 sic
1103 3807 1289 3871 passiva
1308 3809 1479 3856 activis

445 3889 585 3951 §ungi
604 3887 970 3936 domme-coll.
991 3886 1053 3934 de
1074 3888 1218 3944 Fato,
1258 3903 1355 3943 ao,
1383 3889 1476 3945 463

452 3966 504 4012 in
520 3967 620 4014 Pio.
641 3968 705 4027 37
725 4002 740 4027 ,
777 3981 868 4027 9⁰3
900 3965 1117 4029 Philipp.
1137 3969 1201 4023 V,
1230 3974 1287 4021 11.
1311 4002 1325 4024 ‚
1353 3968 1439 4029 39.

528 4060 605 4107 ¹9·
650 4047 725 4092 Eo
770 4043 969 4093 ιιοηυῖησ
1005 4045 1274 4092 deameaxae
1316 4055 1476 4093 cetera

452 4135 691 4173 caverem.
724 4124 894 4173 Lamb.
926 4136 1036 4189 post
1062 4126 1358 4184 dumtaxat,
1393 4126 1475 4174 ad-

454 4201 669 4250 dendum
685 4201 948 4252 dummodo
969 4190 1184 4266 conjicit,
1200 4221 1352 4270 quum
1368 4222 1475 4271 par-

1569 1349 1719 1397 tIeula
1734 1351 1826 1397 ista
1844 1365 2034 1413 semper
2050 1348 2268 1396 adverbii
2284 1348 2449 1401 locum
2465 1349 2595 1396 obti-

1570 1440 1699 1478 neat.
1745 1430 2004 1493 vulgatam
2051 1430 2213 1477 Brem.
2269 1427 2488 1477 defendit
2534 1444 2592 1475 ex

1572 1509 1795 1557 Suetonii
1811 1512 1943 1571 Aug.
1966 1509 2034 1554 66
2054 1541 2070 1566 ‚
2115 1528 2137 1550 ιι
2161 1522 2262 1554 non
2283 1518 2472 1555 tantum
2493 1510 2594 1555 vir-

1572 1597 1723 1644 tutes,
1762 1602 1817 1634 ac
1853 1587 2020 1634 merita
2055 1586 2291 1649 cuiusque
2319 1587 2465 1650 digne
2483 1601 2594 1650 per·

1570 1676 1808 1729 sequutus
1826 1676 1898 1714 est
1916 1699 1930 1724 ‚
1960 1665 2076 1712 vitia
2094 1680 2298 1729 qnoque
2320 1675 2370 1712 et
2387 1665 2561 1715 delicta
2574 1701 2591 1723 ,

1574 1745 1832 1794 dumtaxat
1867 1744 2060 1793 modica
2082 1779 2096 1804 ,
2131 1759 2431 1808 perpessus·-
2458 1758 2471 1791 ε
2509 1744 2596 1791 ubi

1569 1825 1856 1885 dumtaxat,
1875 1824 2139 1873 dummodo
2157 1824 2332 1871 valeat.
2351 1822 2448 1870 Sed
2468 1833 2596 1870 uter-

1569 1922 1666 1970 que
1683 1923 1746 1955 ex
1783 1906 1990 1971 vulgatae
2023 1903 2433 1968 interpunctionis
2471 1904 2595 1952 vitio

1568 1996 1731 2044 errat,
1762 2002 1863 2050 quo
1888 1983 2105 2049 virgula,
2138 1991 2518 2047 quamanimae,
2558 1984 2590 2030 i.

1568 2083 1612 2113 e.
1633 2081 1724 2113 suo
1741 2065 1854 2113 loco
1868 2101 1883 2125 ,
1909 2066 2212 2130 reposuimus
2234 2097 2248 2122 ,
2267 2073 2380 2126 post
2398 2061 2595 2111 nomine

1566 2145 1824 2209 reperitur.
1843 2147 2024 2193 Sensus
2052 2154 2121 2192 eat
2138 2178 2153 2205 ‚
2192 2163 2215 2186 ι
2237 2141 2389 2190 modo
2405 2177 2418 2198 ‚
2441 2156 2593 2204 quum

1568 2226 1640 2272 sic
1658 2224 1979 2288 appellentur,
2003 2235 2100 2272 eet.
2121 2232 2350 2270 caverent
2370 2241 2417 2270 ι.
2433 2222 2594 2269 Bremi

1567 2315 1729 2352 autem
1749 2306 1927 2354 vitium
1946 2306 2069 2353 vitio
2087 2315 2284 2352 tuetur:
2303 2317 2418 2349 nam
2437 2302 2490 2349 in
2507 2300 2594 2349 illo

1568 2384 1790 2432 Suetonii
1825 2382 1967 2441 loeo‘,
1987 2385 2029 2431 si
2056 2393 2286 2431 contexta
2322 2382 2593 2429 accuratius

1565 2462 1854 2527 ponderatis
1870 2497 1884 2520 ‚
1936 2477 2038 2510 non
2092 2461 2252 2509 solum
2285 2460 2431 2507 nniee
2465 2471 2594 2508 reete

1566 2544 1685 2590 Bru.
1707 2541 1762 2590 h.
1788 2560 1838 2589 v.
1858 2542 2024 2590 salum
2045 2575 2060 2599 ,
2096 2551 2225 2588 certe
2252 2541 2498 2603 explicare
2519 2539 2592 2586 vi·

1567 2621 1734 2681 debis,
1769 2620 1853 2667 aed
1875 2620 1997 2668 nibil
2015 2620 2156 2668 etiam
2177 2618 2422 2667 dubitabis
2440 2619 2593 2666 corri-

1567 2701 1781 2764 gendum
1801 2717 1902 2748 esse
1917 2736 1930 2760 ,
1950 2721 1975 2741 κ
1999 2700 2114 2748 vitia
2134 2715 2334 2763 quoque
2350 2710 2398 2746 et
2416 2698 2591 2745 delicta

1568 2778 1821 2827 dumtaxat
1838 2778 2032 2826 modice
2066 2793 2324 2842 perpessus
2339 2798 2386 2823 a.
2408 2777 2488 2823 Sic
2504 2809 2520 2831 ,
2537 2787 2593 2822 ut

1567 2858 1774 2918 debent,
1793 2859 1969 2921 *digne
1989 2867 2365 2920 prosequutus-‚
2380 2865 2429 2901 et
2443 2874 2465 2896 ι
2487 2867 2592 2899 mo·

1566 2938 1675 2986 dice
1696 2953 1987 3002 perpessus-
2009 2970 2024 2996 ,
2063 2936 2156 2982 sibi
2192 2931 2559 2995 respondebunt
2577 2965 2591 2988 ‚

1566 3030 1616 3066 et
1626 3034 1884 3082 perpessus
1903 3051 1918 3075 ‚
1944 3015 2007 3061 ad
2033 3014 2176 3076 graeei
2211 3006 2450 3064 πεπονθώς
2469 3008 2591 3064 vim,

1561 3096 1760 3159 percum
1783 3094 1991 3142 notabit.
2013 3092 2118 3139 Nee
2144 3091 2284 3137 aliter
2312 3088 2490 3134 Seneca
2513 3102 2593 3134 ae·

1567 3174 1825 3239 cipiendus
1863 3172 1924 3218 de
1968 3169 2157 3217 Beneff.
2188 3170 2250 3221 V,
2295 3182 2326 3212 a
2345 3198 2359 3221 ,
2402 3177 2458 3213 ut
2497 3182 2589 3212 nu-

1565 3270 1655 3317 per
1689 3253 1761 3299 ibi
1801 3261 1931 3297 reete
1973 3247 2098 3295 vidit
2131 3245 2386 3308 Ruhkops.
2425 3245 2486 3291 Et
2520 3244 2592 3292 sic

1563 3332 1671 3379 loca
1696 3330 1879 3392 reliqua
1893 3364 1907 3385 ,
1926 3343 2036 3392 quae
2060 3325 2274 3390 ineptius
2291 3325 2435 3373 etiam
2457 3359 2472 3383 ,
2506 3325 2590 3387 qui

1564 3409 1843 3473 nuperrime
1884 3409 1944 3456 de
1965 3406 2222 3455 Particulis
2257 3405 2557 3469 scripserunt
2577 3439 2593 3461 ,

1568 3490 1620 3536 in
1645 3504 1742 3536 rem
1772 3504 1909 3537 suam
1932 3486 2128 3552 rapiunt
2152 3501 2166 3535 ε
2195 3500 2485 3549 quamquam
2516 3484 2592 3531 vel

1566 3569 1665 3616 hoo
1699 3569 1822 3616 istos
1870 3566 2110 3616 cautiores
2167 3566 2324 3612 faeere
2359 3563 2591 3621 debebat,

1567 3647 1707 3711 quod
1734 3647 2006 3695 dumtaxat
2048 3644 2270 3709 probatis
2313 3642 2592 3690 auctoribus

1567 3744 1831 3791 nusquam,
1878 3725 2098 3773 omnium
2135 3725 2328 3771 minime
2368 3722 2590 3771 Ciceroni

1566 3806 1629 3855 ab
1657 3794 1892 3854 enuntiati
1914 3804 2056 3852 initio
2075 3804 2298 3868 ponitur.
2321 3802 2465 3849 Solus
2487 3802 2591 3848 Pli-

1567 3888 1680 3933 nius
1697 3885 1950 3935 Secnndus
1976 3885 2029 3930 in
2053 3883 2149 3930 isto
2174 3884 2340 3947 positu
2371 3881 2465 3928 sibi
2484 3881 2590 3945 pla·

1566 3977 1642 4013 oet
1659 3982 1673 4022 3
1692 3967 1755 4013 cf.
1780 3964 1932 4011 Mich.
1955 3965 2107 4010 Heus.
2136 3963 2200 4010 ad
2224 3965 2261 4018 Ι,
2278 3979 2357 4024 ep.
2385 3978 2433 4008 2.
2450 3962 2587 4008 G.—-

1566 4044 1724 4092 Nobis
1756 4054 1917 4091 autem
1957 4042 2149 4089 videtur
2175 4041 2242 4087 ibi
2279 4056 2456 4086 nomen
2493 4053 2584 4100 pro

1566 4123 1842 4172 conditione
1867 4123 2083 4185 positum
2108 4136 2226 4169 ease.
2250 4116 2478 4166 Eamdem
2504 4115 2582 4162 in·

1566 4203 1961 4269 terpretationem
1982 4200 2198 4250 admittit
2217 4197 2418 4262 gallicus
2433 4194 2580 4243 inter-
