3217 4784
855 388 979 458 DE
1026 391 1201 460 rm.
1256 390 1466 460 BoN.
1518 394 1635 461 ET
1684 392 1896 461 MAL.
1950 397 2049 479 11,
2104 398 2214 479 24.

2421 395 2556 494 257

446 511 762 606 quesne?
795 534 956 608 quae
982 514 1113 583 ista
1149 514 1453 583 amicitia
1496 514 1656 585 est?
1691 515 2104 589 Retinebis?
2140 519 2266 614 qui
2300 541 2565 591 conve·

444 622 601 691 nit?
643 621 836 712 Q'uid
880 625 1072 693 enim
1118 622 1208 693 de
1251 623 1557 693 amicitia
1590 628 1955 715 statueris,
2000 626 2319 698 utilitatis
2356 652 2568 700 causa

444 730 884 829 expetenda,
920 731 1224 803 vides14.
1269 734 1375 801 Ne
1404 733 1481 802 in
1519 731 1772 805 odium
1796 726 2113 822 veniam,
2152 741 2210 808 si
2259 742 2565 810 amicum

441 839 786 912 destitero
827 843 1013 911 tueri
1039 839 1121 909 ¹⁵.
1160 845 1474 911 Primum
1513 866 1647 913 cur
1681 845 1814 915 ista
1845 858 1957 918 r'es
1985 847 2201 944 digna
2228 848 2400 920 odio
2428 864 2570 938 est,

441 951 580 1020 nisi
620 948 820 1046 quod
863 963 970 1018 est
1007 945 1366 1045 turpis¹⁶?
1408 950 1631 1038 Quod
1672 953 1766 1038 si,
1800 978 1891 1023 ne
1923 979 2073 1051 quo
2104 960 2571 1032 incommodo

439 1058 795 1145 afficiare,
856 1082 1008 1127 non
1061 1058 1429 1155 relinques
1490 1062 1800 1133 amicum
1860 1079 2196 1156 :tamem
2261 1096 2354 1141 ne
2418 1073 2573 1143 sine

440 1170 685 1241 fructu
733 1169 1055 1268 alligatus
1124 1170 1257 1256 εἰς,
1308 1185 1394 1241 ut
1433 1173 1808 1261 moriatur,
1865 1175 2172 1272 optabis.
2231 1180 2448 1268 Quod
2513 1183 2573 1253 si

439 1304 591 1350 non
624 1277 921 1349 modo¹⁷
953 1280 1336 1353 utilitatem
1361 1280 1494 1351 tibi
1525 1282 1793 1353 nullam
1825 1281 2109 1373 afferet,
2137 1286 2263 1383 sed
2279 1291 2573 1384 jacturae

438 1391 546 1460 rei
605 1388 969 1461 familiaris
1032 1406 1247 1462 erunt
1319 1390 1710 1479 faciuudae,
1763 1392 2045 1465 labores
2100 1399 2573 1497 suscipiendi,

438 1501 852 1573 adeundum
887 1503 1048 1573 vitae
1084 1500 1489 1599 periculum
1526 1529 1543 1570 :
1587 1527 1680 1573 ne
1721 1516 1872 1572 tum
1905 1501 2215 1599 quidem,
2242 1520 2311 1576 te
2347 1514 2571 1607 respi-

439 1614 623 1700 cieS,
673 1627 746 1683 et
792 1611 1145 1708 cogitabis
1196 1609 1333 1681 sibi
1372 1634 1740 1707 quemque
1778 1627 2028 1683 natum
2068 1638 2256 1699 esse,
2302 1632 2374 1688 et
2425 1622 2572 1690 suis

437 1721 974 1820 voluptatibus?
1025 1717 1302 1790 Vadem
1361 1733 1432 1789 te
1495 1717 1583 1790 ad
1640 1734 1949 1792 mortem
2001 1736 2310 1819 tyranno
2368 1725 2571 1798 dabis

441 1974 691 2031 videatur-3
732 1976 881 2022 immo
922 1970 1089 2021 eadem
1127 1970 1270 2020 notIo
1308 1971 1461 2024 varia·

438 2056 502 2101 tis
540 2053 698 2102 verbis
740 2063 1002 2116 repetatur.
1040 2052 1102 2099 Et
1140 2067 1253 2098 sane
1290 2063 1459 2100 contra

436 2133 536 2181 loci
589 2134 825 2180 rationem
871 2132 1044 2189 suerit,
1088 2132 1129 2178 si
1174 2131 1225 2178 in
1266 2147 1321 2178 ea
1358 2132 1458 2177 vim

440 2211 689 2277 posueris,
729 2225 881 2274 quum
910 2208 1110 2274 pondus
1135 2210 1383 2256 sententia!
1405 2211 1458 2257 in

431 2291 598 2340 verbis
620 2289 743 2355 quid
758 2300 807 2337 et
826 2288 1058 2352 defecerit
1074 2289 1204 2337 insit.
1232 2289 1456 2354 Elliptica

435 2381 594 2419 sutem
627 2371 676 2418 h.
703 2368 741 2417 l.
767 2380 825 2416 ut
861 2384 988 2432 saepe
1027 2366 1128 2415 Sed
1162 2377 1233 2414 est
1252 2403 1270 2427 ,
1313 2377 1362 2413 et
1387 2366 1457 2414 sic

433 2459 664 2498 contexta
683 2446 971 2512 cogitanda:
997 2464 1022 2487 r«
1046 2445 1143 2494 Sed
1159 2461 1281 2493 aveo
1303 2445 1425 2493 scire
1441 2479 1455 2504 ,

434 2540 596 2576 utrum
623 2540 674 2574 tu
704 2525 930 2585 tandem,
969 2524 1227 2573 utilitatem
1251 2540 1457 2588 sequen-

433 2608 530 2666 do,
561 2617 756 2654 acturus
782 2605 847 2652 sis
874 2600 897 2652 Ρ
933 2605 972 2651 si
1009 2604 1268 2653 amicitiam
1305 2603 1453 2651 relin-

429 2703 552 2751 ques
566 2722 580 2743 ,
606 2702 709 2735 non
728 2685 832 2733 haec
852 2686 1010 2733 solum
1023 2721 1039 2749 ,
1052 2684 1138 2732 sed
1159 2686 1318 2733 omnis
1336 2684 1455 2733 ami-

431 2767 544 2814 citia
574 2765 791 2814 tollitur:
820 2767 862 2813 si
883 2764 1145 2824 retinebis,
1174 2776 1334 2813 tecum
1362 2780 1453 2829 pu-

430 2843 601 2907 gnabis
620 2867 660 2890 a.
690 2843 827 2892 Nihil
850 2855 1009 2891 sutem
1031 2842 1149 2890 dicit
1162 2846 1283 2893 Ern.
1297 2845 1336 2891 si
1359 2859 1452 2908 pro

426 2922 659 2983 desecet-ic
676 2958 692 2983 ,
734 2919 989 2968 disseden‘e
1024 2920 1210 2969 suadet.
1250 2923 1453 2986 Proprie

429 3002 556 3048 enim
579 3001 777 3058 dicitnr,
803 3020 827 3039 a
843 2997 904 3045 ab
918 2998 1122 3058 alicujus
1141 3000 1348 3048 amicitia
1367 3000 1453 3048 de·

428 3078 574 3128 ficere
596 3102 618 3122 ι
634 3094 648 3127 :
665 3078 745 3126 cui
772 3077 971 3125 dicendi
997 3078 1165 3124 sormae
1181 3093 1453 3127 accommo-

430 3159 541 3208 date
574 3170 744 3208 auctor
777 3158 829 3207 h.
868 3157 904 3205 1.
940 3173 1028 3237 per
1063 3154 1450 3227 προσωποποιζαν

427 3238 661 3301 loquutus
686 3247 777 3285 est.
801 3235 866 3286 G.

508 3324 586 3372 14.
611 3316 816 3379 Quid...
846 3313 1100 3371 statueris,
1134 3312 1276 3362 utilit.
1298 3329 1453 3361 eausa

428 3395 699 3460 expetenda
719 3430 736 3452 ‚
794 3393 951 3441 vides.
1017 3394 1169 3441 Recte
1235 3392 1453 3440 defendit

427 3476 647 3523 Bremius
663 3473 804 3522 verba
827 3472 1049 3521 militatis
1063 3506 1077 3520 .
1092 3509 1105 3523 .
1119 3506 1131 3519 .
1144 3472 1421 3536 expetenda
1436 3505 1451 3528 ,

430 3554 651 3603 damnata
674 3570 701 3601 a
723 3556 777 3601 P.
798 3554 932 3600 Man.
952 3550 1121 3600 Lamb.
1143 3561 1193 3598 et
1219 3552 1343 3598 Dav.
1366 3549 1452 3614 qui

425 3633 531 3701 ipsa
556 3634 609 3681 in
641 3634 714 3681 El.
744 3649 772 3679 2
804 3647 906 3679 nou
943 3629 1279 3696 deprehendit.
1322 3628 1450 3678 Oliv.

426 3730 623 3779 quoque
644 3730 697 3762 ea
725 3713 913 3771 omisit3
943 3711 1026 3759 sed
1058 3721 1228 3758 eontra
1256 3720 1454 3758 nostros

425 3794 575 3843 codd.
597 3810 788 3842 omues.
816 3792 989 3854 Neque
1012 3790 1137 3837 bene
1157 3788 1316 3837 omitti
1337 3804 1452 3853 pos-

425 3885 565 3934 sunt,
588 3875 627 3921 si
648 3886 777 3922 reete
791 3873 1003 3920 auctoris
1022 3884 1203 3917 morem
1225 3868 1450 3917 tenueris.

425 3952 775 4017 Respondetur
810 3951 941 3999 enim
968 3949 1046 3998 his
1090 3949 1154 3996 ed
1190 3946 1307 4009 illa,
1341 3963 1452 4011 qnae

426 4031 700 4095 Torqustus
726 4046 872 4095 supra
901 4028 1088 4078 dixerat
1105 4062 1121 4088 ,
1147 4028 1202 4087 1,
1231 4040 1297 4073 ao
1313 4059 1329 4085 ,
1351 4027 1448 4073 66:

430 4129 454 4151 ι
485 4118 539 4155 ut
565 4109 692 4157 enim
714 4110 918 4156 virtutes
936 4144 951 4168 ,
972 4107 1044 4154 sie
1060 4104 1318 4154 amicitiam
1344 4119 1447 4151 uon

616 4196 706 4267 ΙΙ.
760 4212 849 4257 Cle.
872 4205 984 4273 peri*
1004 4210 1143 4256 tertia.

1547 1987 1691 2037 posse
1717 1988 1746 2020 a
1773 1972 2022 2038 voluptate
2054 1974 2233 2038 (quam
2259 1974 2330 2023 ibi
2353 1975 2452 2037 ism
2474 1976 2571 2025 uti-

1547 2053 1732 2100 litatem
1777 2052 1958 2119 voest)
2005 2053 2251 2103 discedere
2278 2076 2324 2105 υ.
2361 2055 2571 2107 Videtur

1546 2143 1705 2181 sutem
1731 2133 2078 2197 interpretibus
2117 2134 2375 2183 verborum
2411 2136 2571 2185 eollo-

1546 2211 1678 2259 estio
1695 2227 1750 2258 ea
1768 2225 1992 2276 suspects
2013 2213 2196 2261 fecisse.
2217 2214 2314 2262 Sed
2337 2215 2442 2263 haec
2463 2218 2570 2282 ipsa

1546 2289 1690 2352 plane
1716 2305 1779 2337 ex
1801 2305 1933 2337 more
1955 2292 2203 2340 Ciceronis
2223 2304 2316 2342 est.
2338 2294 2417 2343 Sie
2438 2298 2568 2344 euim

1546 2368 1708 2433 posita
1737 2367 1881 2416 verbs
1912 2378 2113 2429 notent,
2140 2372 2342 2434 «quoad
2362 2409 2379 2424 .
2401 2409 2414 2421 .
2438 2401 2450 2421 .
2487 2391 2568 2422 ex-

1543 2445 1754 2511 petenda
1774 2446 1892 2494 sit».
1912 2446 1974 2494 G.

1622 2527 1702 2574 15.
1729 2526 1807 2573 Ne
1942 2526 2081 2575 tueri.
2118 2531 2236 2577 Haec
2261 2530 2438 2590 verbs,
2456 2548 2566 2596 quae

1545 2605 1873 2653 diverbiorum
1910 2606 2059 2670 signis
2091 2606 2426 2673 distinguenda
2457 2612 2563 2659 sue-

1544 2695 1688 2744 runt,
1714 2687 1784 2732 sic
1821 2700 1929 2733 eum
1957 2688 2231 2777 proegresfls
2273 2689 2562 2739 coherent:

1547 2784 1570 2806 ι
1591 2764 1722 2812 Num
1741 2763 1867 2812 forte
1884 2763 1997 2811 ideo
2011 2780 2113 2812 eam
2133 2766 2380 2827 retinebis,
2395 2785 2456 2816 ne
2475 2768 2566 2816 de-

1541 2842 1715 2891 stituto
1734 2843 1891 2890 amico
1916 2844 1967 2891 in
1991 2844 2158 2892 odium
2184 2846 2401 2893 incurras
2428 2868 2468 2896 ι.
2494 2850 2560 2895 G.

1620 2936 1642 2970 1
1651 2919 1700 2970 6.
1713 2920 1825 2969 Nisi
1838 2921 2056 2985 quodest
2072 2924 2222 2987 turpis
2235 2928 2263 2971 ,³
2277 2926 2394 2971 Haee
2416 2924 2562 2973 lectio

1542 3000 1635 3047 soli
1661 2999 1760 3048 Pal.
1789 3016 1810 3046 1
1854 2999 2087 3058 debetur,
2125 3000 2204 3046 eui
2234 3016 2261 3049 e
2289 3001 2562 3049 Davisisnis

1542 3078 1722 3129 Elieus.
1764 3094 1792 3124 2
1826 3078 2088 3124 consentit.
2126 3080 2199 3124 Ita
2243 3092 2442 3140 quoque
2463 3095 2559 3126 no-

1540 3157 1630 3205 stri
1657 3155 1785 3219 Spir.
1829 3155 1932 3203 Erl.
1981 3165 2032 3202 et
2083 3154 2213 3201 Gud.
2267 3170 2311 3202 1.
2362 3157 2561 3221 Reliqui

1542 3235 1711 3297 scripti
1730 3248 1839 3281 cum
1856 3234 1993 3296 prius
2011 3232 2202 3297 vulgata
2217 3267 2232 3291 ,
2258 3254 2280 3276 ι
2300 3234 2561 3299 Numquid

1542 3323 1618 3360 est
1639 3321 1806 3374 turpe,
1841 3312 1935 3359 nisi
1962 3309 2097 3375 quod
2126 3321 2200 3360 est
2220 3334 2273 3376 a,
2301 3329 2412 3378 qnae
2437 3315 2557 3364 nihil

1542 3401 1631 3438 est.
1653 3388 1716 3438 G.

1621 3484 1640 3516 1
1653 3485 1701 3531 7.
1729 3468 1932 3532 Quodsi
1946 3485 2045 3518 non
2060 3471 2222 3519 modo.
2236 3473 2371 3521 Goer.
2388 3474 2560 3523 scribit

1545 3548 1680 3613 Quid
1690 3553 1717 3596 Ρ
1739 3548 1783 3596 ei
1807 3565 1904 3596 non
1932 3549 2096 3599 modo.
2134 3554 2316 3610 Recte,
2357 3554 2553 3617 iuquit,

1541 3629 1700 3675 Brem.
1748 3627 1880 3690 Quid
1895 3634 1923 3676 ι’
1970 3646 2032 3676 ex
2073 3630 2274 3679 Oxouu.
2303 3626 2345 3687 ξ.
2390 3632 2526 3681 dedit
2542 3669 2560 3695 ,

1541 3723 1694 3771 quum
1713 3709 1849 3773 prius
1867 3708 2002 3773 quod
2026 3709 2264 3771 legeretur
2285 3724 2298 3758 ε
2319 3720 2466 3772 atque
2493 3712 2558 3760 its

1542 3805 1569 3836 e
1594 3788 1775 3836 nostris
1802 3787 1931 3852 Spir.
1964 3798 2015 3836 et
2038 3786 2137 3837 Erl.
2171 3799 2225 3836 ut
2254 3789 2397 3837 Grut.
2433 3789 2561 3838 hauc

1540 3867 1803 3917 lectionem
1827 3868 1881 3913 in
1902 3867 2003 3916 Pal.
2049 3882 2070 3914 1
2107 3866 2373 3931 neglexisse
2392 3868 2558 3916 videa-

1543 3957 1640 3993 tur.
1661 3951 1840 4012 Aperta
1868 3955 1941 3992 est
1973 3944 2208 4010 gradatio.
2230 3947 2345 3995 Sine
2368 3947 2563 4011 seriptis

1542 4023 1656 4072 ferri
1683 4035 1843 4074 tamen
1877 4024 2071 4089 vulgata
2106 4026 2347 4090 potuerit,
2394 4041 2565 4089 quum-

1544 4119 1688 4167 qusm
1709 4113 1781 4151 est
1799 4102 2089 4167 lauguidIor.

2244 4213 2323 4282 ¹7
