3217 4784
818 465 941 532 DE
990 466 1161 532 FIN.
1220 466 1426 533 BON.
1482 467 1595 533 ET
1645 467 1860 534 MAL.
1915 468 2013 545 ΙΙ,
2056 490 2165 534 20.

2418 462 2554 534 235

416 589 513 658 ita
543 612 693 657 non
726 586 1020 656 timidus
1057 586 1148 657 ad
1179 599 1487 656 mortem
1510 640 1529 668 ‚
1574 602 1657 657 ut
1694 592 1767 657 in
1814 590 1961 659 acie
2000 591 2089 658 sit
2117 587 2214 658 ob
2259 610 2550 682 rempu-

417 697 675 768 blicam
705 693 1146 767 interfectus.
1195 695 1642 791 Cupiditates
1679 721 1830 766 non
1868 699 2165 794 Epicuri
2208 695 2557 767 divisione
2595 723 2664 779 64

419 805 754 893 finiebat,
811 806 938 877 sed
977 828 1108 875 sua
1162 806 1506 875 satietate.
1553 804 1883 876 Habebat
1922 821 2165 878 tamen
2205 808 2556 875 rationem

419 915 840 987 valitudinis
872 942 887 984 z
919 912 1263 985 utebatur
1297 915 1382 985 iis
1419 916 2052 988 exercitationibus
2072 914 2126 1001 6,
2166 931 2248 987 ut
2277 914 2368 987 ad
2411 941 2557 987 coe-

420 1050 584 1096 narn
631 1040 704 1096 et
747 1027 1109 1108 esuriens»,
1146 1038 1217 1095 et
1264 1026 1508 1095 sitiens
1551 1028 1872 1097 veniret7
1894 1053 1914 1113 3
1959 1052 2047 1098 eo
2087 1027 2290 1114 cibo,
2324 1031 2451 1124 qui
2490 1041 2563 1097 et

418 1137 881 1207 suavissimus
930 1150 1153 1223 esset,
1192 1150 1263 1207 et
1316 1135 1505 1207 idem
1544 1136 1922 1209 facillimus
1962 1138 2052 1209 ad
2092 1162 2560 1235 concoquen-

421 1248 636 1332 dum3
680 1249 887 1332 vino,
929 1244 1126 1317 et‘ad
1162 1249 1646 1346 voluptatem,
1701 1264 1773 1321 et
1809 1274 1902 1320 ne
1947 1265 2266 1319 noceret.
2306 1254 2559 1320 Cetera

422 1358 537 1428 illa
554 1355 965 1443 adhibebat,
981 1357 1249 1455 quibus
1279 1356 1592 1457 demptis
1623 1373 1837 1456 negat
1869 1383 1944 1428 se
1973 1360 2326 1454 Epicurus
2355 1359 2561 1429 intel-

422 1465 678 1561 ligere,
717 1465 895 1563 quid
947 1468 1037 1535 sit
1081 1465 1382 1538 bonum.
1444 1468 1709 1539 Aberat
1749 1470 1986 1538 omnis
2025 1467 2237 1538 dolor
2278 1495 2293 1536 z
2330 1470 2456 1564 qui
2502 1470 2560 1540 si

420 1577 725 1660 adesset,
772 1601 908 1647 nec
936 1577 1251 1648 molliter
1284 1576 1538 1664 ferret;
1582 1593 1655 1648 et
1691 1592 1935 1647 tamen
1958 1572 1989 1621 ⁸
2027 1574 2325 1647 medicis
2358 1576 2520 1673 plus
2541 1633 2558 1661 ‚

418 1759 563 1806 altera
604 1759 733 1805 enim
780 1768 829 1803 ee
864 1768 978 1804 ante
1005 1756 1253 1822 sacrificia
1293 1757 1441 1821 vulgo

420 1839 567 1885 abest.
612 1838 692 1886 Sic
741 1837 984 1900 poster10r
1031 1836 1208 1900 copula
1260 1852 1351 1899 pro
1397 1846 1446 1885 ee

420 1917 621 1964 omnino
648 1914 931 1980 accipienda
972 1927 1074 1974 est,
1107 1926 1163 1963 ut
1196 1932 1341 1979 supra
1369 1918 1443 1975 11,

430 2010 490 2041 to
509 2028 525 2052 ,
554 1997 616 2042 31
648 2011 711 2042 :n
740 1999 857 2043 Haec
886 2006 934 2041 et
962 2005 1014 2043 tu
1040 1996 1107 2043 ita
1134 1997 1372 2060 posuisti,
1393 2008 1444 2047 et

424 2073 568 2120 verba
596 2085 753 2121 vestra
775 2084 889 2121 suut
921 2095 964 2122 ι.
1002 2074 1098 2122 Cll.
1138 2076 1190 2133 1,
1238 2090 1330 2135 ια,
1359 2085 1443 2132 41.

425 2153 542 2198 Haec
561 2152 664 2215 ipsa
679 2153 906 2211 junctura
931 2154 981 2198 in
1006 2156 1242 2217 proximis
1268 2155 1444 2217 saepius

424 2230 572 2279 redit.
618 2230 824 2278 Notabis
872 2242 1060 2290 autem,
1093 2233 1162 2279 ire
1198 2245 1443 2280 auctorem

423 2326 511 2375 per
535 2312 776 2373 opposita.
806 2337 876 2346 --
903 2312 981 2356 Ita
1012 2326 1110 2357 non
1146 2311 1446 2373 supersticio·

422 2406 531 2450 sus,
571 2401 684 2438 ut...
722 2400 1067 2438 contemneret.
1116 2392 1292 2437 Sensus
1331 2400 1446 2438 est:

424 2468 520 2515 -in
554 2468 707 2532 patria
743 2470 1073 2533 superstitiosa
1104 2470 1209 2546 ³92⁶·
1246 2471 1446 2517 minime
1478 2504 1489 2521 2

421 2548 836 2613 superstitiosus».

493 2628 542 2674 6.
568 2626 636 2673 Iis
655 2627 1096 2678 exercitationibus.
1133 2631 1272 2678 Goer.
1300 2629 1444 2677 scrib.

424 2705 495 2753 his
529 2707 971 2757 exercitationibus.
998 2712 1069 2755 Ita
1086 2744 1100 2767 ,
1126 2710 1315 2773 inquit,
1344 2726 1448 2757 om-

424 2801 509 2832 ues
557 2788 714 2833 nostri
753 2798 929 2849 praeter
962 2787 1095 2834 Gud.
1126 2804 1153 2833 2
1173 2824 1186 2845 ‚
1224 2790 1446 2851 quicum

422 2864 632 2927 vulgatis
661 2865 721 2911 iis
753 2866 916 2913 refert.
945 2866 1034 2912 His
1064 2866 1181 2913 item
1214 2867 1449 2915 exhibent

425 2959 537 2990 cum
576 2945 743 2990 Marso
789 2955 837 2989 et
887 2945 1020 2992 Crat.
1068 2955 1186 2991 vett.
1230 2947 1449 3009 impressi

425 3021 645 3086 plerique
675 3038 862 3070 omnes.
875 3024 1045 3081 Recte,
1064 3033 1110 3069 et
1128 3024 1271 3086 plane
1290 3041 1348 3072 ex
1362 3042 1446 3071 au-

426 3101 575 3148 ctoris
602 3101 853 3149 usu.—Iis
879 3111 1017 3148 notat
1044 3101 1123 3149 hic
1152 3102 1346 3149 talibus.
1374 3107 1448 3150 De

426 3180 519 3226 hac
552 3182 703 3241 hujus
738 3181 1044 3244 pronominis
1081 3181 1449 3244 quodammodo

426 3258 639 3321 elliptica
696 3261 883 3308 ratione
950 3259 1066 3307 alibi
1121 3261 1322 3321 egimus.
1374 3262 1449 3308 cf.

426 3338 614 3385 Acadd.
634 3342 683 3398 1,
715 3341 742 3386 3
758 3375 771 3397 ‚
804 3355 884 3388 ιι.
908 3339 1090 3387 Eadem
1115 3340 1307 3387 ratione
1331 3354 1452 3402 grat-

428 3416 473 3463 ci
498 3409 650 3472 οὗτος.

501 3512 549 3556 7.
597 3499 659 3543 Ue
694 3496 769 3544 ad
801 3513 989 3544 coenam
1133 3495 1348 3544 veniret.
1394 3496 1453 3543 Id

426 3583 529 3632 est,
567 3574 644 3623 ἶνα.
795 3572 940 3623 ἵκοιτο
979 3590 992 3623 :
1040 3585 1089 3622 et
1139 3576 1208 3621 sic
1251 3576 1456 3635 conjun—

425 3652 555 3701 ctiva
591 3654 798 3719 optativi
840 3654 994 3718 positi
1048 3664 1279 3719 pergunt.
1328 3655 1454 3703 Mire

424 3744 632 3797 peccant
678 3733 892 3797 Spirens.
939 3733 1126 3782 Erlens.
1188 3735 1299 3782 Bas.
1355 3750 1456 3781 sce-

424 3827 541 3860 nam
580 3828 673 3876 pro
696 3828 888 3860 coenam
929 3814 1186 3861 efferentes
1214 3828 1228 3861 :
1260 3813 1345 3861 sed
1385 3815 1454 3861 sic

426 3891 598 3940 scribae
611 3891 674 3939 ab
692 3902 896 3956 utraque
910 3904 1046 3957 parte
1061 3902 1283 3957 peccant.
1302 3893 1454 3955 Quod

425 3979 617 4018 notasse
661 3970 834 4029 liceat,
878 3983 933 4019 ut
976 3972 1141 4019 iocum
1190 3971 1327 4018 illum
1352 4004 1367 4026 ‚
1401 3972 1454 4019 in

429 4045 691 4110 desperatis
718 4049 814 4098 hnc
842 4068 996 4115 usque
1025 4051 1246 4099 relictum
1267 4086 1280 4107 ‚
1310 4053 1451 4115 pejo-

428 4123 657 4189 ribuaque
682 4128 809 4177 adeo
836 4130 1134 4191 coniecturis
1160 4142 1418 4179 mactatum
1436 4166 1450 4189 ‚

426 4204 738 4255 emendemus
784 4209 914 4271 apud
952 4212 1103 4261 Corn.
1140 4212 1271 4275 Nep.
1310 4212 1448 4274 praef.

1532 1756 1562 1822 S
1591 1762 1620 1818 4
1643 1794 1657 1816 ,
1696 1781 1721 1800 «
1743 1775 1854 1823 quae
1892 1776 1998 1807 uon
2033 1759 2097 1808 ad
2125 1774 2317 1807 scenam
2340 1769 2418 1807 eat
2437 1775 2560 1805 mer-

1532 1837 1652 1886 cede
1679 1839 1982 1886 conducta».
2022 1837 2181 1888 Pudet
2204 1854 2294 1885 nos
2326 1839 2558 1885 Virorum

1532 1920 1831 1976 Doctorum,
1859 1919 1945 1980 qui
1974 1918 2093 1965 tales
2123 1917 2409 1981 quisquilias
2437 1916 2561 1965 ferre

1532 1998 1741 2061 possint.
1767 1996 2089 2044 scribendum
2123 2006 2194 2042 est
2215 2029 2230 2055 ,
2264 2019 2289 2038 ιι
2311 2011 2422 2058 quae
2456 2011 2559 2043 non

1532 2077 1596 2123 ad
1624 2091 1791 2123 cenam
1828 2085 1907 2122 eat
1943 2074 2166 2122 mercede
2205 2074 2485 2122 condictam
2511 2098 2553 2123 υ.

1533 2158 1828 2217 Frequenter
1857 2165 2016 2202 autem
2058 2155 2248 2203 Comici
2291 2153 2408 2203 ἱέναι
2443 2153 2560 2223 πρὸς

1536 2227 1723 2282 δεῖπνον
1744 2232 1839 2281 ἀπὸ
1860 2229 2119 2299 cufim-im
2143 2234 2203 2281 cf.
2225 2233 2383 2281 Plaut.
2405 2234 2556 2282 Stich.

1534 2315 1637 2371 111,
1675 2328 1695 2360 ι
1711 2347 1725 2370 ,
1767 2314 1830 2359 28
1847 2346 1862 2369 ‚
1886 2335 1910 2353 «
1933 2312 2188 2359 condicere
2212 2313 2262 2359 in
2289 2312 2558 2376 symbolam

1534 2391 1597 2438 ad
1632 2407 1821 2438 coenam
1843 2410 1886 2436 υ.
1927 2393 2076 2439 Corn.
2105 2407 2235 2437 mere
2263 2392 2409 2439 latine
2438 2395 2558 2439 scri·

1537 2484 1708 2533 pturus
1726 2481 1841 2517 erat.
1856 2471 1952 2517 Hic
1973 2479 2131 2516 autem
2149 2486 2256 2517 mos
2273 2487 2299 2516 a
2315 2472 2560 2518 Romano-

1536 2566 1643 2596 rum
1660 2550 1863 2613 pariter,
1879 2560 2027 2611 atque
2044 2549 2328 2597 Groecorum
2348 2549 2557 2613 reliquo·

1536 2645 1644 2676 rum
1669 2629 1885 2675 moribus
1907 2628 2217 2675 abhorrebat.
2247 2629 2309 2675 G.

1609 2710 1658 2755 8.
1686 2709 1790 2755 Nec
1831 2708 2044 2755 molliter
2062 2707 2254 2772 ferree,-
2300 2719 2349 2755 et
2383 2720 2561 2757 tamen.

1537 2791 1697 2837 Brem.
1724 2788 1774 2834 h.
1800 2788 1835 2836 l.
1862 2787 2059 2845 statuit,
2099 2808 2121 2830 ι
2144 2789 2354 2836 molliter
2375 2788 2562 2852 aliquid

1538 2869 1732 2924 serre»,
1768 2869 1994 2917 Ciceroni
2036 2868 2161 2915 nihil
2189 2868 2326 2914 aliud
2361 2879 2561 2921 notare,

1535 2949 1632 2996 nisi
1661 2971 1686 2991 σι
1715 2964 1858 3011 aequo
1883 2949 2048 2995 animo
2088 2946 2212 2992 serre
2240 2968 2287 2993 a.
2317 2947 2390 2991 Ita
2416 2967 2442 2985 ι
2462 2960 2561 2989 non

1537 3028 1751 3075 molliter
1774 3028 1898 3074 ferre
1920 3048 1946 3067 u
1962 3060 1976 3083 ,
2013 3040 2115 3071 esse
2155 3044 2180 3063 α
2201 3023 2374 3084 iniquo
2399 3023 2564 3067 auimo

1538 3107 1698 3153 ferre·
1721 3120 1734 3152 :
1765 3117 2032 3167 parumque
2053 3101 2189 3146 hunc
2213 3110 2376 3145 tenere
2396 3109 2565 3145 aucto·
2617 3143 2622 3146 ,

1540 3186 1605 3231 ris
1635 3182 1879 3231 scribendi
1907 3180 2143 3227 rationem
2161 3212 2175 3235 ,
2214 3177 2298 3239 qui
2324 3176 2446 3224 illud
2471 3193 2565 3241 pro

1524 3260 1734 3326 fortiter
1767 3260 1904 3322 ferre
1954 3258 2137 3304 dictum
2174 3258 2401 3319 accipiat.
2445 3256 2566 3303 Inde

1540 3340 1622 3386 ille
1648 3340 1951 3400 negationem
1972 3336 2064 3383 sibi
2082 3336 2148 3383 ita
2166 3336 2413 3383 molestam
2433 3335 2565 3391 fecit,

1541 3429 1597 3465 ut
1643 3417 1849 3464 deletam
1885 3416 2020 3464 velit.
2066 3416 2134 3463 At
2167 3431 2276 3463 nou
2309 3416 2529 3463 videmus
2552 3453 2564 3475 ‚

1540 3495 1674 3543 uude
1701 3499 1763 3544 V.
1796 3498 1857 3543 D.
1894 3496 2040 3543 nobis
2078 3494 2284 3559 probet,
2318 3506 2565 3544 auctorem

1540 3575 1637 3621 hoc
1658 3589 1760 3621 uno
1788 3589 1934 3621 sensu
1960 3572 2168 3620 molliter
2195 3573 2320 3620 ferre
2345 3573 2446 3620 dici
2476 3590 2568 3620 vo-

1542 3653 1706 3701 luisse.
1725 3653 1832 3701 ‘Nos
1850 3668 2003 3705 unum
2025 3651 2188 3699 locum
2208 3685 2223 3699 .
2244 3652 2462 3715 ovimus,
2478 3653 2564 3699 ubi

1543 3734 1614 3781 sic
1653 3734 1860 3797 legitur,
1898 3735 2007 3781 Cat.
2055 3733 2178 3791 Maj.
2199 3748 2226 3778 α
2248 3767 2262 3790 ,
2286 3733 2317 3780 5
2346 3746 2360 3780 :
2386 3754 2412 3774 κ
2432 3732 2568 3795 quod

1544 3812 1797 3859 ferendum
1815 3822 1886 3858 est
1905 3810 2116 3859 molliter
2139 3810 2398 3874 sapientia.
2419 3812 2568 3859 Poni-

1545 3901 1624 3939 tur
1644 3890 1839 3954 quidem
1863 3891 2006 3937 etiam
2034 3889 2159 3937 ibid.
2188 3905 2208 3935 ι
2232 3923 2247 3949 ,
2275 3903 2304 3936 2
2328 3924 2341 3947 ‚
2362 3910 2387 3929 v·
2408 3889 2570 3935 mollis

1541 3980 1592 4019 et
1605 3968 1827 4030 jucunda
1847 3979 2070 4016 senectus
2087 3989 2139 4027 a,
2177 3968 2210 4013 i.
2252 3984 2294 4016 e.
2307 3964 2568 4030 facilest-

1541 4050 1700 4097 renda
1714 4067 1737 4107 ;
1760 4058 1808 4096 et
1834 4048 2007 4095 similia
2037 4063 2049 4096 τ
2079 4046 2163 4096 sed
2187 4046 2303 4093 inde
2325 4080 2338 4104 ,
2363 4046 2498 4108 quod
2516 4045 2569 4092 iu

1540 4131 1719 4178 bonam
1749 4138 1935 4193 partem
1973 4126 2161 4176 auctori
2199 4125 2410 4172 molliter
2445 4124 2570 4171 dici-

1539 4220 1646 4267 tur,
1676 4207 1806 4255 nulla
1834 4206 2176 4271 consequentia
2215 4201 2346 4251 effici
2377 4213 2565 4265 potest,
