3217 4784
787 476 911 542 DE
959 472 1133 543 FIN.
1186 473 1393 541 BON.
1436 473 1552 540 ET
1604 474 1821 539 MAL.
1875 473 1978 555 ΙΙ,
2027 467 2141 542 33.

2393 496 2533 567 299

400 596 627 667 sentia
661 594 896 667 solum
943 585 1398 667 sentianturss
1433 619 1450 663 :
1493 595 1620 690 qui
1656 591 1953 691 probari
1990 606 2274 691 potest,
2306 606 2386 663 ut
2429 596 2532 679 is»,

400 708 526 804 qui
570 720 872 806 propter
922 730 1035 776 me
1069 702 1385 800 aliquid,
1418 703 1625 801 plus,
1662 727 1880 799 quam
1934 727 2070 801 ego
2122 704 2315 803 ipse,
2359 728 2529 802 gau-

399 817 566 889 deat
583 819 659 888 9?
678 819 919 890 Animi
945 816 1280 913 voluptas
1317 815 1550 885 oritur
1576 827 1878 911 propter
1905 811 2352 914 voluptatem
2380 840 2534 887 cor-

468 1043 519 1096 8.
531 1048 623 1092 Sen
631 1042 832 1091 tiantur.
848 1041 945 1090 Hic
955 1056 1102 1105 prave
1115 1043 1290 1090 Em.et
1304 1041 1421 1089 Bre-

398 1125 466 1172 mi
498 1122 702 1186 rogandi
736 1123 929 1184 signum
952 1130 1177 1184 ponunt,
1208 1132 1263 1168 ut
1291 1130 1420 1168 recte

401 1202 587 1250 dudum
611 1198 831 1248 Matthiae
853 1200 1156 1263 Rathiusque
1174 1199 1420 1248 viderunt.

472 1297 521 1345 9.
564 1279 664 1345 Qui
693 1280 902 1346 probari
926 1290 1109 1345 potest,
1156 1290 1212 1327 ut
1242 1279 1311 1340 is,
1337 1279 1424 1344 qm'

390 1373 597 1425 propter
619 1377 695 1409 me
731 1360 947 1425 aliquid,
967 1361 1106 1425 plus,
1139 1376 1293 1423 quam
1328 1376 1421 1426 ego

400 1441 501 1505 ipse
523 1475 538 1500 ,
548 1440 808 1506 gaudeat?
824 1443 903 1489 Sic
922 1443 1150 1491 Goerenz.
1167 1439 1262 1489 nisi
1285 1440 1424 1507 qnod

400 1532 517 1586 post
552 1531 756 1585 propter
778 1536 856 1567 me
882 1520 1079 1585 aliquid
1112 1522 1248 1569 addit
1295 1536 1423 1586 gau-

399 1598 500 1647 det.
538 1600 773 1665 Idemque
807 1611 960 1648 totam
995 1611 1276 1664 aequentem
1311 1615 1424 1647 aen·

400 1680 602 1727 tentiam
634 1680 827 1731 «animi
866 1681 1149 1745 voluptas...
1180 1681 1262 1727 cui
1310 1695 1422 1743 gra-

400 1758 581 1806 tuletur
602 1781 625 1801 ι
656 1760 799 1809 delet.
823 1760 901 1806 Ex
920 1759 1051 1823 Spir.
1074 1759 1259 1823 inquit,
1293 1774 1427 1823 gau·

400 1836 487 1886 det
529 1839 828 1888 addidimus.
874 1838 974 1886 Erl.
1023 1839 1077 1886 in
1124 1854 1185 1885 eo
1233 1838 1425 1899 differt,

399 1917 535 1981 quod
573 1917 798 1981 gaudeat
835 1918 1010 1975 variet3
1052 1929 1203 1982 prout
1233 1919 1424 1968 Victor.

401 2000 546 2044 Grut.
571 2008 620 2044 et
646 1998 813 2045 Davis.
840 1996 1121 2045 ediderunt.
1153 1997 1339 2047 Abesse
1370 1999 1425 2047 id

400 2092 491 2141 per
516 2092 567 2122 se
593 2076 792 2139 quidem
811 2076 950 2123 facile
978 2088 1170 2139 posset,
1198 2078 1291 2125 nisi
1310 2078 1424 2127 inde

401 2154 723 2217 multiplicem
762 2155 917 2202 totins
954 2154 1055 2219 loci
1092 2157 1283 2205 turbam
1320 2174 1424 2206 uuo

401 2234 541 2297 quasi
564 2231 821 2280 oculorum
848 2232 1026 2282 obtutu
1060 2237 1336 2300 perspicere
1360 2237 1424 2284 li-

403 2322 550 2359 ceret.
584 2311 716 2358 Hinc
743 2311 870 2358 enim
904 2324 1006 2371 est,
1029 2313 1166 2377 qnod
1189 2315 1424 2374 Palatini,

402 2394 603 2439 Oxonn.
624 2390 876 2454 nostrique
894 2391 1068 2455 rciiqui
1096 2393 1243 2440 codd.
1261 2394 1427 2455 verba,

396 2470 510 2533 plus
547 2484 697 2533 quam
739 2485 830 2532 ego
870 2471 1002 2534 ipse,
1046 2471 1307 2534 ignorant,
1339 2473 1426 2521 ab·

401 2559 594 2597 errante
630 2548 816 2597 scilicet
859 2549 1017 2598 scriba
1061 2566 1091 2597 a
1129 2552 1322 2616 gaudet
1361 2551 1426 2600 ad

397 2630 641 2694 gaudeat,
672 2639 722 2677 et
750 2629 823 2676 sic
840 2630 1131 2694 interposita
1151 2632 1424 2682 omittente.

403 2710 535 2756 Hinc
561 2709 707 2757 etiam
730 2709 784 2757 in
810 2722 926 2758 vett.
949 2711 1092 2761 editis
1115 2711 1320 2775 insignis
1342 2713 1424 2761 illa

404 2787 628 2835 lectionis
650 2789 921 2847 diversitas,
941 2805 1094 2853 quum
1107 2792 1424 2853 aivelibrarii,

402 2868 505 2915 sive
526 2866 755 2926 editores,
774 2869 924 2915 nexui
940 2870 1190 2919 varimoda
1210 2873 1289 2920 via
1308 2889 1427 2921 con-

402 2946 632 2995 sulerent.
659 2946 812 2994 Auxit
831 2945 1036 2995 'turbam
1083 2961 1271 2998 assutus
1300 2969 1424 3016 pan-

405 3042 520 3081 nus,
543 3026 629 3089 qui
652 3025 796 3072 nobis
818 3026 1105 3074 resecandus
1129 3029 1237 3088 suit,
1265 3048 1427 3094 quem·

404 3121 500 3168 que
516 3105 711 3167 vulgata
729 3115 843 3168 post
862 3105 969 3153 haec
984 3104 1061 3152 hia
1079 3106 1240 3155 verbis
1257 3110 1423 3160 addit:

406 3205 431 3226 «e
450 3185 618 3231 Animi
662 3183 890 3248 voluptas
919 3216 1147 3233 .......
1196 3190 1278 3235 cui
1315 3205 1429 3253 gra-

406 3263 591 3311 tuletur
601 3285 644 3312 av.
666 3267 762 3311 Ista
787 3263 986 3327 quidem
1010 3266 1156 3313 verba
1179 3284 1291 3315 cum
1312 3285 1432 3333 prze-

406 3342 579 3404 grcuia
602 3343 670 3390 ita
695 3344 841 3391 refert
870 3345 1091 3405 Marsua,
1122 3366 1144 3390 ι
1168 3356 1223 3393 ut
1246 3348 1318 3407 is,
1343 3350 1427 3411 qni

405 3432 611 3485 propter
643 3439 721 3471 mc
760 3423 948 3487 aliquid
990 3425 1218 3488 gaudeat,
1260 3429 1427 3476 animo

406 3501 642 3563 gaudeat,
675 3502 719 3549 si
756 3503 982 3567 voluptas
1016 3505 1165 3553 animi
1203 3506 1281 3572 (ut
1307 3506 1428 3556 dici·

406 3579 489 3644 tis)
514 3581 695 3639 oritur,
721 3591 816 3631 etc.
835 3602 861 3623 ιο
880 3583 1101 3645 proxima
1121 3597 1281 3633 autem
1300 3620 1315 3644 ,
1335 3609 1358 3630 ι
1379 3598 1429 3635 et

406 3663 561 3722 major
583 3673 681 3710 est.
695 3697 735 3711 ..
749 3667 969 3727 corporis
985 3687 1034 3723 ι,
1055 3666 1262 3729 ignorat.
1283 3668 1430 3717 Paul-

405 3739 457 3788 lo
480 3742 622 3790 aliter
637 3745 848 3806 Heu-vag.
870 3745 1115 3795 Camerar.
1139 3750 1270 3797 Crat.
1290 3749 1431 3797 aliter

407 3822 462 3868 P.
498 3823 691 3871 Manut.
710 3823 850 3871 aliter
870 3825 952 3872 alii
986 3839 1000 3872 ε
1025 3842 1137 3874 nam
1165 3829 1216 3874 in
1242 3829 1321 3877 hia
1351 3828 1434 3877 di·

410 3901 716 3951 versionibus
766 3906 1105 3953 enumerandis
1149 3907 1271 3955 lucri
1310 3909 1432 3957 nihil

410 3978 571 4027 saciet.
614 3983 784 4046 Neque
836 3985 1032 4049 vulgata
1082 4003 1191 4035 cum
1237 3989 1433 4052 scriptis

410 4055 528 4118 ipsit
573 4065 812 4110 consentit
844 4079 858 4113 ε
888 4065 1109 4130 plerique
1145 4068 1276 4115 enim
1316 4068 1428 4115 reli-

411 4150 619 4197 quorum
637 4174 652 4197 ‚
704 4144 957 4207 nostrique
1011 4162 1208 4205 omnes,
1265 4147 1430 4195 animo

1511 1040 1656 1088 etiam
1674 1037 1843 1086 Daviz.
1864 1038 1947 1086 edi
1968 1041 2174 1089 curavit.
2199 1041 2297 1090 Sed
2325 1043 2540 1107 spuriam

1510 1119 1603 1167 ista
1622 1127 1842 1166 naturam
1855 1134 1990 1166 auam
2009 1120 2232 1184 produnt
2248 1122 2537 1172 luculenter-

1510 1201 1639 1249 Nam
1667 1197 1775 1262 quia
1803 1207 1969 1263 putet,
1990 1199 2157 1250 hac⁰iu
2182 1217 2235 1249 re
2253 1202 2540 1253 Ciceronem

1512 1278 1762 1345 scripsisse
1779 1314 1797 1342 ‚
1838 1301 1865 1321 α
1882 1278 2032 1327 animi
2076 1280 2157 1342 (v.
2199 1281 2397 1347 αηὶηιο)
2451 1298 2540 1330 vo·

1512 1359 1677 1425 luptaa
1688 1359 1846 1409 oritur
1856 1369 2060 1424 propter
2072 1361 2294 1425 corporis
2313 1363 2543 1427 volupta-

1516 1449 1614 1487 tem
1634 1460 1687 1499 ι,
1712 1454 1865 1501 quum
1902 1438 1983 1485 hic
2026 1438 2209 1503 ubique
2250 1450 2300 1488 et
2336 1441 2464 1504 hoc,
2490 1453 2538 1490 et

1514 1519 1679 1581 priore
1700 1516 1856 1575 libro,
1881 1536 1903 1560 α
1924 1516 2136 1580 pertinet
2166 1519 2314 1566 animi
2343 1521 2447 1571 vol.
2474 1521 2541 1569 ad

1516 1596 1618 1643 vol.
1659 1610 1799 1659 corp.
1825 1615 1851 1636 a
1879 1595 1955 1643 vel
1981 1617 2008 1637 κ
2031 1595 2363 1659 proficiscitur
2388 1597 2543 1646 animi

1516 1675 1621 1724 voi.
1643 1690 1670 1721 a
1693 1690 1901 1739 corpore
1921 1685 1973 1723 et
1998 1674 2063 1722 ad
2085 1674 2216 1723 idem
2236 1675 2364 1724 redit
2378 1711 2394 1735 ‚
2415 1686 2543 1725 etc.»

1516 1754 1706 1803 Deinde
1731 1755 1980 1803 Ciceronis
2012 1771 2113 1804 non
2135 1765 2207 1803 est
2223 1790 2239 1816 ,
2266 1756 2439 1823 haste,
2466 1757 2546 1805 di-

1517 1850 1654 1895 cere,
1677 1836 1719 1882 si
1744 1852 1808 1884 ex
1832 1835 2031 1884 alterius
2067 1837 2303 1885 sententia
2325 1835 2541 1898 judicat3

1516 1916 1605 1962 aed
1644 1914 1714 1964 ita
1750 1928 2006 1979 sequetur,
2050 1926 2145 1963 etc.
2187 1916 2411 1980 Denique
2456 1917 2547 1979 (nc

1512 1997 1812 2060 gratulator,
1830 2006 1889 2043 nt
1900 2011 2028 2042 nove
2049 1995 2252 2053 dictum,
2271 2011 2547 2060 urgeamus,

1517 2092 1668 2138 quum
1689 2086 1863 2124 auctor
1875 2091 2054 2139 magno
2073 2091 2276 2124 numero
2292 2075 2468 2124 subatt.
2490 2076 2544 2122 iu

1517 2170 1595 2212 or,
1631 2170 1658 2202 a
1698 2154 1862 2201 verbis
1900 2154 2146 2215 derivata,
2189 2171 2348 2220 neque
2390 2171 2545 2220 panca

1517 2232 1716 2281 rarioris
1763 2248 1879 2280 usus
1894 2269 1910 2295 ,
1953 2244 2134 2295 ponat3
2186 2234 2323 2298 quod
2375 2245 2546 2283 eontra

1516 2312 1762 2358 Bremium
1790 2327 2043 2360 monemus
2075 2313 2095 2376 )
2129 2314 2240 2377 quis
2280 2313 2407 2361 hanc
2446 2314 2547 2362 hoc

1517 2406 1652 2437 nexu
1701 2401 1994 2438 structuram
2049 2392 2301 2441 Ciceronis
2356 2395 2476 2442 seret
2531 2407 2544 2441 ε

1519 2490 1546 2510 οι
1565 2469 1734 2516 Animi
1769 2469 1996 2534 voluptas
2038 2471 2221 2518 oritur.
2244 2506 2257 2519 .
2279 2484 2354 2520 .et
2390 2473 2546 2533 major

1517 2558 1615 2596 cat.
1637 2581 1649 2594 .
1673 2549 1763 2597 ‚ita
1787 2546 1866 2612 fit,
1895 2559 1991 2598 etc.
2013 2570 2039 2591 υ
2065 2566 2160 2614 pro
2178 2572 2204 2593 α
2222 2550 2264 2597 εἰ
2288 2552 2461 2602 animi.
2485 2586 2498 2600 .
2520 2590 2532 2602 .

1517 2638 1567 2677 et
1588 2628 1631 2675 ai
1643 2665 1656 2677 .
1672 2663 1685 2678 .
1703 2664 1715 2676 .
1748 2663 1764 2688 ,
1787 2640 2032 2692 sequetur,
2051 2640 2108 2678 ut
2125 2652 2169 2678 ιο.
2189 2641 2284 2680 etc.
2299 2631 2544 2681 Viderunt

1517 2709 1662 2756 etiam
1682 2710 1794 2757 VV.
1823 2710 1933 2758 DD.
1957 2710 2035 2758 his
2058 2709 2324 2759 scribarum
2343 2712 2543 2760 subesse

1517 2804 1732 2837 manum.
1760 2789 1879 2837 Ern.
1902 2789 2035 2836 enim
2059 2790 2206 2838 verba
2221 2827 2236 2852 ,
2261 2812 2285 2832 σι
2307 2792 2374 2839 ita
2397 2790 2532 2839 fit...

1515 2867 1784 2932 gratuletur
1804 2889 1855 2929 u,
1899 2870 2041 2916 uncia
2086 2879 2280 2917 coercet
2327 2884 2342 2918 ε
2383 2872 2541 2918 Brem.

1515 2959 1680 2996 autem
1703 2958 1752 2995 et
1779 2947 1925 2995 Rath.
1950 2957 2107 2996 totum
2126 2949 2291 2996 locum
2305 2982 2319 3005 ,
2341 2959 2396 2994 ut
2413 2949 2477 2997 is.
2492 2982 2503 2995 .
2521 2982 2532 2995 .

1511 3025 1803 3091 gratuletur,
1829 3027 1883 3073 in
1902 3027 2172 3090 suppositis
2185 3025 2425 3086 iudicant.
2447 3026 2542 3073 Sed

1516 3123 1579 3155 ex
1603 3106 1737 3153 illius
1760 3106 1947 3153 ratione
1973 3106 2126 3168 magia
2153 3105 2298 3151 etiam
2326 3104 2545 3168 reliquo-

1518 3202 1627 3233 rum
1635 3186 1866 3245 jejunitas
1879 3185 2111 3232 cernitur.
2132 3186 2200 3231 ui
2215 3186 2543 3243 committunt,

1516 3274 1574 3312 nt
1596 3279 1794 3327 prorsus
1811 3264 2025 3311 incertus
2051 3264 2233 3312 herens
2249 3301 2264 3326 ,
2278 3279 2424 3328 quem
2448 3264 2542 3312 hu-

1512 3343 1593 3404 ju·
1627 3342 2045 3406 interpretamenti
2069 3355 2231 3392 ortum
2269 3342 2423 3392 dicas.
2453 3345 2543 3392 Se-

1514 3430 1740 3494 quendua
1771 3430 1923 3494 igitur
1961 3431 2103 3479 unice
2137 3430 2282 3479 nobis
2321 3431 2544 3480 Matthiae

1513 3510 1636 3568 fuit,
1660 3510 1748 3573 qui
1785 3510 1965 3570 verba,
1993 3522 2047 3558 ut
2077 3511 2457 3576 &...gwdmss
2483 3528 2543 3560 ex

1515 3604 1576 3639 eo
1604 3589 1852 3650 defendit,
1877 3590 2015 3654 quod
2043 3590 2224 3656 insigni
2243 3603 2346 3640 arte
2372 3592 2544 3640 Cicero

1516 3685 1620 3717 rem
1652 3668 2002 3718 confutandam
2032 3685 2144 3718 cum
2177 3671 2282 3735 ipsa
2318 3671 2546 3719 confuta·

1521 3750 1656 3797 tione
1693 3749 1861 3797 eadem
1895 3749 2149 3797 sententiae
2192 3749 2315 3797 serie
2342 3752 2544 3815 jungat3

1518 3829 1705 3893 quippe
1737 3844 1840 3892 quo
1872 3828 2025 3876 modo
2056 3828 2448 3877 inconvenientia
2478 3830 2546 3877 rei

1519 3909 1815 3957 luculentius
1865 3919 2112 3973 appareat.
2161 3908 2244 3957 sic
2291 3911 2420 3956 enim
2466 3909 2547 3956 hic

1519 3990 1730 4036 maxime
1754 3987 1908 4046 solet,
1939 3987 2024 4035 ubi
2060 4004 2162 4035 rem
2192 3988 2255 4036 ad
2279 3988 2547 4036 absurdum

1521 4067 1721 4116 deducit
1742 4084 1755 4116 :
1776 4066 1914 4131 quod
1933 4068 2010 4115 vel
2029 4068 2085 4116 h.
2110 4068 2151 4116 Ι.
2171 4067 2433 4116 dicendum
2453 4078 2542 4114 est.

1522 4149 1573 4195 Si
1604 4165 1718 4196 vero
1746 4147 1892 4196 Rath.
1922 4158 2212 4196 structuram
2232 4183 2246 4206 ,
2268 4167 2291 4188 ι
2313 4146 2397 4210 qui
2427 4161 2519 4209 pro

412 4216 522 4268 vol.
572 4227 622 4267 et
668 4222 951 4283 graculum
994 4228 1235 4290 referunt,
1283 4238 1437 4293 prout
1525 4228 1631 4277 bari
1651 4239 1832 4292 potest,
1857 4239 1911 4278 ut
1930 4251 1971 4288 a,
1985 4228 2339 4278 atrocissimum
2366 4228 2418 4275 in
2445 4227 2549 4275 Pri·
