3217 4784
670 408 809 484 536
1412 417 2168 487 ARGUMENTUM.

737 534 977 610 privatae
1007 554 1107 593 eos
1138 535 1270 593 vitae
1299 535 1608 609 rationem,
1650 537 1752 596 sed
1792 556 1988 595 rerum
2024 556 2260 614 quoque
2300 534 2662 613 publicarum
2711 556 2822 594 re-

738 632 990 698 ctionem
1019 631 1325 709 diligenter
1349 650 1579 703 curasse
1604 657 1619 691 :
1647 652 2010 713 quamquam·
2029 634 2204 697 vitam
2229 633 2288 701 in
2310 632 2818 710 contemplatione

738 729 1185 806 cognitioneque
1216 728 1502 806 positam,
1547 750 1789 809 eamque
1825 732 2115 809 quietam,
2149 730 2513 807 praeferrent,
2540 734 2571 800 S
2602 751 2667 806 9,
2705 750 2816 800 10,

746 848 767 883 1
787 847 833 894 ι.
862 823 1037 900 Quod
1061 836 1254 891 autem
1286 825 1362 884 de
1383 847 1612 898 summo
1636 828 1794 887 bono
1819 828 1931 886 sibi
1960 829 2150 905 minus
2179 838 2447 885 constare
2473 823 2812 899 videantur,

738 921 797 981 id
829 942 903 979 ex
933 921 1154 1000 duplici
1185 921 1470 982 librorum
1498 945 1710 1003 genere
1737 924 2029 995 accidere,
2057 925 2243 982 altero
2274 922 2577 1002 populari,
2613 922 2812 979 altero

736 1016 949 1075 scholae
981 1018 1369 1097 scriptorum:
1411 1020 1472 1078 in
1501 1040 1725 1079 summa
1756 1039 1898 1078 vero
1928 1019 2373 1097 discrepantiam
2404 1016 2561 1096 apud
2592 1037 2807 1075 eorum

735 1112 1024 1191 principes
1064 1134 1188 1173 esse
1222 1115 1456 1174 nullam.
1493 1122 1573 1175 At
1612 1116 1671 1173 in
1708 1116 1784 1175 de
1823 1116 1942 1174 vita
1990 1114 2164 1175 beata
2201 1114 2524 1193 quastione
2557 1114 2811 1172 nimium

740 1207 998 1268 tribuere
1016 1210 1484 1290 Theophrastum
1514 1213 1784 1270 fortunae.
1812 1215 2000 1283 Quam
2029 1209 2108 1269 ob
2139 1231 2264 1269 rem
2292 1211 2450 1269 hunc
2473 1209 2712 1288 quidem
2743 1210 2809 1267 in

735 1306 1028 1384 plerisque
1059 1308 1326 1385 reliquis;
1355 1308 1465 1367 hac
1498 1328 1640 1366 vero
1672 1308 1730 1365 in
1771 1327 1834 1366 re
1875 1328 1995 1366 non
2035 1327 2161 1365 esse
2196 1306 2591 1385 sequendum,
2625 1312 2656 1378 S
2691 1325 2805 1376 12,

741 1406 832 1463 13.
870 1407 1226 1466 Posteriores
1251 1407 1699 1485 Peripateticos,
1726 1412 2056 1467 Stratonem
2074 1448 2093 1479 ‚
2121 1411 2444 1484 Lyconem,
2473 1405 2808 1468 Aristonem

736 1509 919 1563 Ceutn
935 1546 954 1577 ‚
983 1506 1403 1582 Hieronymum
1420 1547 1436 1577 ‚
1459 1505 1810 1577 Critolaum,
1831 1503 2189 1577 Diodorum,
2216 1503 2484 1565 meliores
2509 1503 2640 1560 illos
2666 1503 2811 1579 qui-

731 1598 868 1660 dem
894 1601 1084 1660 videri
1115 1615 1440 1660 ceterarum
1472 1601 1911 1681 disciplinarum
1951 1600 2349 1680 philosophis;
2394 1611 2454 1657 at
2498 1614 2681 1676 quum
2719 1597 2807 1669 ab

731 1699 964 1758 illorum
990 1700 1326 1779 principum
1365 1700 1653 1758 sententia
1689 1700 1770 1758 ita
1801 1698 2129 1769 discedant,
2172 1706 2258 1756 ut·
2283 1699 2380 1755 vix
2431 1696 2805 1774 Peripatetici

734 1797 1062 1869 videantur,
1090 1797 1198 1856 hos
1223 1817 1341 1855 non
1366 1817 1490 1859 esse
1514 1797 1908 1857 admittendos
1925 1841 1942 1870 ,
1976 1796 2077 1857 sed
2106 1797 2166 1854 in
2195 1797 2428 1854 illorum
2453 1794 2807 1853 auctoritate

735 1893 1236 1972 acquiescendum.
1261 1896 1426 1951 Hauc
1457 1894 1621 1971 sequi
1653 1892 2088 1970 diligentissime
2118 1890 2498 1962 Antiochum,
2538 1891 2639 1968 qui
2663 1892 2804 1949 Ari—

732 1990 952 2049 stotelis
1000 1989 1342 2049 sententiam
1405 2008 1539 2047 cum
1589 2008 1659 2047 ea
1707 1988 2029 2047 Polemonis
2078 1986 2340 2046 eamdem
2388 2005 2512 2045 esse
2571 1985 2808 2045 doceat.

731 2094 1032 2148 Summum
1068 2098 1259 2145 autem
1300 2086 1521 2145 bonum
1557 2086 1692 2165 jure
1732 2106 1854 2165 prae
1893 2086 2098 2145 ceteris
2138 2086 2353 2164 quaeri,
2389 2104 2604 2163 quum,
2649 2085 2709 2141 id
2747 2088 2804 2144 si

731 2186 991 2261 ignores,
1019 2196 1235 2251 rectam
1271 2204 1507 2263 quoque
1544 2185 1780 2244 vivendi
1824 2185 2106 2243 rationem
2136 2183 2396 2262 ignorari
2436 2202 2670 2241 necesse
2702 2184 2798 2241 sit.

733 2280 983 2357 Cognito
1009 2300 1150 2339 vero
1190 2281 1303 2341 hoe
1339 2268 1559 2342 certam
1586 2296 1647 2341 et
1670 2282 1801 2340 vitae
1829 2282 1981 2341 viam
2002 2323 2018 2350 ,
2062 2293 2123 2339 et
2153 2281 2480 2339 officiorum
2511 2281 2804 2339 rationem

733 2377 950 2450 teneri,
980 2378 1245 2451 §13-15.
1285 2384 1424 2439 Esse
1461 2392 1656 2438 autem
1688 2380 1750 2437 in
1787 2378 1996 2437 summi
2036 2377 2179 2436 boni
2208 2378 2528 2454 quaestione
2568 2398 2639 2435 ex
2681 2385 2802 2435 An-

735 2473 915 2533 tiochi
944 2487 1134 2535 mente
1168 2475 1527 2534 Carneadem
1569 2475 1945 2546 imitandum,
1985 2493 2175 2551 neque
2218 2472 2395 2532 modo
2437 2473 2751 2532 videndum
2779 2518 2794 2541 ,

728 2582 875 2646 quot
913 2570 1398 2648 philosophorum
1446 2571 1522 2630 de
1565 2591 1793 2630 summo
1838 2570 1997 2633 bono
2048 2570 2348 2628 sententiae
2395 2571 2648 2642 fuerint,
2692 2572 2796 2629 sed

730 2667 900 2725 etiam
932 2679 1079 2744 quot
1115 2687 1239 2727 esse
1268 2669 1506 2746 possint.
1543 2669 1774 2729 Nullam
1807 2667 1963 2725 enim
1994 2679 2176 2725 artem
2216 2688 2290 2725 ex
2329 2686 2393 2726 se
2431 2667 2559 2744 ipsa
2599 2650 2751 2725 nasci
2774 2712 2790 2736 ,

729 2762 829 2822 sed
869 2762 928 2821 id
970 2777 1135 2822 extra
1176 2763 1360 2841 ipsam
1402 2785 1556 2837 esse,
1584 2764 1747 2841 quod
1778 2785 1846 2823 ea
1886 2763 2364 2841 comprehendat.
2396 2764 2492 2823 Sic
2517 2783 2791 2841 compre-

727 2858 905 2918 hendi
936 2859 1235 2919 medicina}
1267 2872 1389 2917 arte
1416 2859 1830 2931 valitudinem,
1860 2871 1985 2917 arte
2018 2859 2258 2918 vivendi
2289 2860 2674 2938 prudentiam.
2722 2862 2790 2917 ld

726 2971 948 3030 autem,
974 2958 1033 3015 in
1066 2977 1186 3035 quo
1227 2956 1540 3035 prudentia
1584 2968 1863 3028 versetur,
1895 2970 2114 3015 naturae
2161 2971 2608 3016 consentaneum
2638 2976 2789 3027 esse,

726 3068 785 3114 et
813 3055 1134 3134 appetitum
1166 3055 1341 3113 animi
1375 3074 1481 3131 per
1511 3074 1572 3112 se
1604 3054 1836 3112 allicere
1864 3053 2098 3113 debere.
2134 3053 2308 3126 Quod
2345 3074 2489 3112 vero
2521 3075 2553 3111 a
2600 3054 2790 3131 primo

725 3166 861 3210 ortu
884 3165 1092 3210 natura
1114 3165 1382 3231 appetat,
1406 3150 1481 3208 de
1505 3150 1622 3209 hoc
1649 3148 1956 3208 dissentire
1984 3153 2044 3208 in
2071 3151 2280 3208 summi
2307 3148 2447 3207 boni
2469 3150 2792 3227 quaestione

725 3250 1100 3308 vehementer
1131 3248 1531 3327 philosophos.
1556 3245 1997 3324 Exquirendum
2027 3246 2202 3324 igitur
2232 3248 2408 3306 totius
2429 3245 2606 3324 hujus
2633 3267 2792 3325 quae-

726 3347 928 3405 stionis
959 3367 1086 3406 esse
1128 3347 1383 3417 fontem,
1410 3345 1468 3403 in
1502 3364 1623 3422 quo
1655 3344 1878 3423 primus
1913 3356 2135 3402 naturae
2160 3345 2457 3423 appetitus
2485 3347 2792 3403 continea-

728 3454 841 3501 tur.
863 3450 1035 3504 Hune
1058 3443 1311 3522 primum
1339 3443 1664 3520 appetitum
1693 3441 1839 3500 alios
1865 3440 1924 3498 in
1953 3442 2279 3519 voluptate,
2311 3441 2457 3500 alios
2484 3442 2546 3499 in
2573 3441 2794 3503 doloris

727 3539 1046 3608 vacuitate,
1077 3549 1139 3595 et
1172 3557 1303 3614 quae
1335 3537 1427 3597 his
1457 3551 1857 3617 opponuntur,
1884 3556 2145 3614 ponere:
2174 3538 2320 3596 alios
2355 3539 2416 3595 in
2457 3537 2658 3615 primis
2696 3558 2790 3596 se-

727 3633 982 3693 cundum
1014 3648 1279 3698 naturam
1299 3677 1318 3706 ‚
1349 3654 1483 3713 quae
1511 3636 1797 3695 vir-tutum
1828 3634 1945 3693 sint
1967 3634 2135 3711 quasi
2163 3634 2419 3694 semina:
2465 3632 2541 3692 ab
2584 3633 2790 3692 horum

729 3730 901 3788 trium
949 3730 1149 3807 aliquo
1188 3729 1401 3791 ducere
1438 3731 1805 3811 prudentiam
1852 3729 2031 3789 totius
2070 3730 2205 3794 vitae
2243 3729 2581 3805 exordium,
2611 3751 2787 3808 quum

726 3826 896 3905 plura
940 3845 1056 3883 non
1099 3825 1331 3901 dentur,
1360 3834 1394 3898 5
1436 3828 1636 3890 16-18.
1673 3828 1822 3895 Hinc
1856 3828 2133 3887 exsistere
2168 3828 2449 3885 rationem
2492 3829 2636 3886 recti
2678 3827 2790 3885 ho-

726 3924 1018 4003 nestique,
1051 3944 1182 4002 quae
1239 3944 1368 3981 cum
1425 3924 1666 3983 istorum
1727 3925 1898 3984 trium
1940 3927 2137 4004 aliquo
2184 3945 2505 4003 congruere
2555 3923 2789 3983 debeat.

729 4022 875 4081 lude
902 4021 1055 4094 fieri,
1085 4032 1149 4077 ut
1180 4038 1299 4078 non
1337 4021 1525 4078 minor
1558 4020 1889 4078 differentia
1925 4023 1984 4079 in
2019 4021 2232 4081 linibus
2269 4020 2562 4081 honorum
2601 4022 2790 4079 malo-

727 4138 970 4198 rumque
1022 4118 1125 4190 sit,
1163 4136 1339 4196 quam
1382 4116 1442 4175 in
1486 4116 1687 4196 primis
1734 4117 2097 4176 naturalibus
2150 4116 2643 4197 deprehendatur.
2695 4118 2790 4178 Ab
