3217 4784
801 474 927 540 DE
974 475 1150 545 FIN.
1204 478 1420 549 BON.
1472 479 1586 551 ET
1635 477 1850 551 MAL
1906 483 1989 564 V,
2031 480 2093 550 3.
2381 478 2505 552 55¹

392 597 602 679 sime,
636 609 716 667 ut
762 593 1077 681 solebat,
1116 599 1266 668 Nos
1298 623 1505 687 vero,
1547 600 1825 696 inquit,
1856 624 2111 671 omnes
2152 604 2397 672 omnia
2430 602 2522 673 ad

393 703 609 798 hujus
636 703 1185 779 adolescentiam
1219 706 1709 792 conferamus,
1753 710 1829 781 in
1863 712 2255 808 primisque
2286 726 2368 783 ut
2403 713 2524 783 ali-

391 812 569 910 quid
609 838 908 886 suorum
954 814 1362 889 studiorum
1408 817 1885 915 philosophiae
1920 845 2216 918 quoque
2257 822 2522 919 imper·

390 926 548 1010 tiat,
572 923 687 996 vel
718 939 798 994 ut
825 939 896 995 te
918 926 1275 1012 imitetur,
1300 951 1518 1023 quem
1539 943 1729 999 amat
1751 955 1772 1016 ;
1795 929 1907 1000 vel
1929 943 2011 1000 ut
2041 932 2220 1003 illud
2249 932 2521 1030 ipsum,

391 1032 589 1131 quod
638 1032 911 1122 studet,
954 1032 1185 1107 facere
1231 1039 1457 1133 possit
1491 1041 1839 1111 ornatius.
1886 1037 2029 1111 Sed
2064 1055 2312 1112 utrum
2352 1041 2521 1113 hor-

397 1143 654 1215 tandus
701 1168 777 1215 es
814 1142 1067 1229 nobis»,
1105 1148 1317 1231 Luci,
1369 1150 1607 1245 inquit
1635 1203 1653 1232 ,
1701 1174 1792 1221 an
1841 1151 2054 1221 etiam
2099 1166 2223 1222 tua
2267 1168 2525 1249 sponte

397 1277 800 1350 propensus
827 1256 946 1326 es?
972 1255 1153 1329 Mihi
1187 1256 1483 1353 quidem
1518 1259 1998 1345 Antiochum,
2035 1285 2255 1357 quem
2289 1262 2526 1349 audiS,

394 1364 560 1435 satis
606 1363 796 1437 belle
842 1363 1107 1437 videris
1154 1365 1634 1439 attendere¹⁸.
1689 1373 1870 1441 Tum
1921 1368 2041 1440 ille
2085 1371 2370 1455 timide,
2414 1373 2524 1443 vel

395 1476 636 1571 potius
677 1474 1125 1561 verecunde,
1161 1481 1408 1563 Facio,
1454 1481 1736 1574 inquit,
1783 1477 2118 1575 equidem
2164 1504 2179 1546 ε
2225 1479 2350 1550 sed
2396 1506 2524 1550 au·

395 1584 654 1656 distine
691 1584 912 1656 modo
946 1584 1037 1655 de
1069 1585 1517 1663 Charmada?
1552 1590 1796 1685 rapior
1827 1589 2018 1659 illuc,
2053 1592 2364 1659 Revocat
2407 1616 2523 1661 au-

396 1710 539 1765 tem
586 1696 987 1765 Antiochus
1020 1723 1033 1763 :
1076 1719 1210 1765 nec
1244 1710 1353 1766 est
1382 1711 1721 1794 praeterea
1744 1754 1764 1786 ,
1805 1722 2026 1795 quem
2062 1696 2456 1771 audiamus.

492 1808 614 1874 111.
662 1809 842 1874 Tum
887 1808 1086 1891 Piso,
1131 1806 1280 1877 Etsi
1318 1805 1499 1896 hoc,
1544 1810 1824 1905 inquit,
1860 1806 2158 1885 fortasse
2193 1834 2345 1885 non
2390 1835 2522 1908 po-

399 1914 563 1984 terit
596 1915 696 1985 sic
734 1912 932 1985 abire
954 1923 1009 2000 ¹,
1046 1941 1277 2013 quum
1312 1916 1429 1989 hic
1473 1918 1658 1990 adsit
1694 1922 1863 2018 (me
1896 1934 2138 1991 autem
2168 1918 2526 2017 dicebat),

396 2038 635 2095 tamen
674 2024 960 2095 audebo
1002 2039 1074 2096 te
1117 2026 1210 2097 ab
1255 2025 1390 2098 hac
1421 2029 1782 2103 academia
1826 2054 2016 2100 nova
2060 2028 2152 2107 ad
2209 2044 2521 2109 veterem

398 2134 587 2207 illam
626 2160 922 2221 vocare;
950 2140 1025 2207 in
1054 2161 1198 2233 qua
1219 2191 1238 2224 ,
1271 2153 1351 2208 ut
1379 2137 1617 2212 dicere
1645 2139 2113 2211 Antiochum²
2144 2138 2488 2211 audiebas
2506 2194 2524 2221 ,

397 2337 425 2368 α
445 2355 460 2379 ,
486 2320 594 2369 Bas.
613 2319 759 2367 Vien.
779 2329 934 2383 grata
961 2317 1176 2369 hortatio
1204 2330 1275 2368 ese
1306 2332 1412 2368 cua.

395 2398 640 2447 Posterior
666 2398 793 2446 ordo
821 2398 926 2458 ejus
957 2400 1150 2461 generis
1181 2398 1338 2458 foret,
1361 2401 1414 2448 in

395 2493 495 2543 quo
514 2478 658 2525 notio
681 2476 904 2542 primaria
926 2476 1188 2542 repetenda
1209 2487 1297 2526 est.
1317 2479 1412 2527 Pro

396 2556 614 2606 Marcell.
642 2557 671 2603 8
695 2589 712 2615 ,
756 2558 821 2605 28
845 2570 858 2604 :
898 2578 924 2598 κ
942 2573 1033 2605 nec
1056 2573 1172 2605 vero
1204 2556 1308 2605 haee
1330 2568 1413 2609 tna

398 2639 495 2688 vita
515 2636 738 2685 ducenda
765 2636 906 2701 (vita)
932 2649 1004 2686 est
1021 2672 1037 2696 ,
1071 2654 1181 2701 quae
1207 2654 1413 2703 corpore

396 2729 445 2767 et
468 2716 645 2781 spiritu
667 2718 945 2766 continetur
961 2740 1003 2766 ιο.
1039 2716 1134 2765 Sed
1156 2718 1209 2767 in
1239 2719 1416 2767 talibus

395 2807 640 2859 corruptae
684 2797 950 2845 scribarum
995 2813 1136 2846 anm
1171 2799 1411 2858 judicant.

398 2877 639 2926 Consulto
672 2889 832 2925 antem
862 2890 949 2926 tua
984 2895 1095 2927 cnm
1135 2879 1183 2927 vi
1226 2880 1415 2927 clausu-

301 2976 308 2985 ·
397 2957 493 3004 lam
520 2956 655 3003 facit.
694 2957 762 3003 G.

475 3036 554 3083 18.
597 3033 725 3080 Sacis
774 3033 896 3081 belle
933 3033 1116 3083 viderie
1148 3037 1415 3085 attendere.

399 3117 505 3164 Bas.
548 3114 680 3163 velle
711 3131 729 3162 .-
773 3113 909 3177 quod
938 3115 1083 3162 etiam
1112 3115 1244 3164 Gud.
1288 3132 1308 3163 1
1362 3117 1415 3163 in

400 3204 537 3242 textu
578 3193 749 3254 huben
784 3191 871 3240 ned
906 3194 1286 3258 superscriptum
1303 3229 1318 3253 ‚
1363 3207 1416 3243 ut

401 3269 563 3331 vulgo.
604 3270 672 3316 At
715 3269 885 3317 scribe
923 3269 976 3317 in
1012 3268 1158 3327 belle,
1182 3269 1320 3332 quod
1355 3284 1417 3316 ex

400 3350 613 3399 auctoris
642 3348 829 3397 deliciis
854 3359 960 3406 est,
995 3348 1175 3411 ubique
1208 3350 1306 3397 fere
1341 3348 1416 3395 of·

402 3429 621 3479 sendum.
648 3431 711 3476 G.

467 3511 558 3557 111.
596 3523 641 3557 1.
665 3510 790 3557 Hoc.
807 3542 819 3555 .
834 3524 955 3555 ,που
974 3508 1159 3571 poterit
1171 3507 1242 3555 sic
1264 3505 1416 3554 abire.

403 3588 611 3639 Miscent
636 3585 808 3635 scribe
847 3586 1157 3650 editoresque
1193 3596 1315 3637 vett.
1346 3596 1421 3634 ut·

400 3677 517 3731 pote
560 3666 611 3717 in
658 3665 852 3713 dicendi
889 3666 1040 3713 forma
1080 3665 1200 3730 ipsis
1228 3665 1425 3728 ignotum

402 3748 465 3794 cf.
485 3748 590 3795 Att.
619 3745 761 3805 xw,
792 3744 934 3809 epist.
955 3760 976 3790 1
1000 3757 1014 3793 τ
1041 3767 1064 3785 u
1080 3743 1142 3792 nd
1166 3760 1425 3799 summam,

404 3843 503 3873 non
531 3842 676 3891 posse
712 3825 881 3875 isthaec
912 3825 984 3872 sic
1021 3825 1153 3872 abire
1173 3848 1213 3874 n.
1248 3824 1326 3871 Sic
1350 3836 1423 3872 est

403 3906 465 3953 ad
504 3904 649 3968 graeei
685 3904 831 3960 οὕτως
857 3919 995 3954 nsum
1013 3937 1028 3962 ‚
1069 3925 1094 3947 ιι
1114 3914 1210 3951 tam
1237 3904 1422 3959 leviter,

407 3995 501 4031 um
530 3983 684 4033 inulte
706 4005 744 4030 ιο.
770 3983 944 4032 Paullo
964 3994 1074 4047 post
1101 3983 1229 4047 Spir.
1248 3994 1298 4032 et
1318 3984 1419 4031 Eri.

403 4063 543 4111 illam
568 4074 786 4111 veterem
801 4080 820 4111 .-
843 4064 980 4127 quod
1005 4063 1198 4121 nescio,
1232 4079 1295 4109 an
1320 4078 1423 4113 non

410 4142 472 4187 sit
516 4141 894 4204 pes-terendum,
941 4159 1092 4207 quum
1135 4152 1308 4191 auctor
1355 4142 1423 4190 rei

411 4236 688 4284 personaeve
734 4237 844 4270 cnm
905 4222 1046 4272 laude
1102 4221 1426 4269 memorandae

1501 2338 1774 2385 pronomen
1798 2323 1896 2370 hoe
1916 2308 2211 2387 pramittere
2234 2323 2404 2370 soleat.
2428 2325 2491 2371 G.

1573 2418 1626 2449 ι.
1672 2404 1735 2448 Ue
1759 2401 1918 2448 ὦσον-ε
1944 2401 2239 2449 Antiochum
2269 2401 2525 2450 audiebas.

1501 2484 1620 2529 Hac
1652 2480 1880 2544 quidem,
1904 2490 1963 2527 ut
2000 2480 2206 2527 omnino
2239 2480 2526 2527 recentioris

1500 2561 1807 2619 Academiae,
1847 2562 1914 2608 ita
1947 2559 2185 2609 Antiochi
2218 2560 2456 2617 maxime,
2479 2571 2528 2607 et

1504 2640 1658 2703 magis
1694 2641 1841 2688 etiam
1874 2656 1938 2687 ex
1977 2654 2078 2703 quo
2114 2638 2194 2685 hio
2228 2638 2292 2686 ad
2320 2648 2525 2686 veterem

1504 2720 1781 2776 transis-et,
1830 2718 2066 2767 sententia
2112 2726 2214 2765 eret
2232 2752 2247 2775 ,
2296 2716 2418 2764 nihil
2464 2717 2525 2765 ab

1501 2798 1702 2861 antiqua
1732 2796 1994 2846 Academia
2020 2796 2219 2844 differre
2246 2796 2528 2859 Peripateti·

1503 2892 1592 2925 cos
1613 2887 1820 2937 veteres,
1848 2892 1975 2941 quoe
1997 2876 2209 2941 pressius
2234 2875 2341 2938 ipse
2360 2890 2529 2937 seque-

1504 2958 1670 3014 batnr3
1703 2972 1793 3004 nec
1820 2956 1994 3010 rebus,
2027 2954 2113 3002 sed
2133 2953 2251 3001 solis
2274 2952 2434 3001 verbis
2454 2953 2529 3001 di·

1504 3037 1679 3098 gnosci
1730 3035 1898 3097 (conf.
1941 3032 2135 3083 Acadd.
2173 3035 2226 3089 1,
2279 3042 2345 3092 4,
2398 3033 2530 3093 17);

1505 3130 1772 3177 eommqne
1828 3112 2138 3177 disciplinam
2180 3110 2379 3158 duobus
2429 3126 2531 3157 esse

1506 3193 1787 3239 nominibus
1807 3207 1981 3249 σηοως
2012 3190 2137 3240 ibid.
2171 3189 2203 3255 S
2237 3190 2326 3248 18,
2361 3190 2445 3237 cll.
2471 3192 2532 3249 6,

1507 3286 1593 3317 ιη.
1629 3273 1692 3318 Et
1723 3285 1870 3330 sane,
1906 3271 1948 3317 sl
1975 3268 2177 3317 ultimos
2203 3268 2381 3316 veteris
2404 3270 2532 3315 Aca·

1507 3349 1677 3396 demin
1701 3359 1891 3412 spectas
1909 3383 1924 3409 ,
1959 3347 2280 3412 inprimisque
2307 3347 2533 3395 Polemo-

1508 3444 1618 3476 nem
1638 3463 1652 3486 ,
1700 3431 1765 3475 ita
1808 3427 1881 3475 illi
1931 3443 2035 3475 sese
2051 3462 2065 3485 ‚
2113 3444 2215 3492 prae
2262 3428 2434 3475 ceteris
2481 3427 2532 3473 in

1508 3507 1684 3555 ethicis
1701 3543 1716 3569 ,
1737 3506 1801 3554 ad
1820 3507 1912 3554 hoo
1933 3508 2262 3565 accinxerant,
2286 3518 2345 3555 nt
2363 3514 2533 3571 parum

1513 3586 1591 3634 vel
1636 3586 1760 3634 nihil
1803 3584 2070 3634 admodum
2105 3584 2376 3634 differrent.
2413 3585 2536 3633 Inde

1514 3666 1721 3714 maxime
1765 3666 1946 3712 factum
2001 3675 2102 3723 est,
2148 3675 2207 3713 nt
2258 3665 2535 3713 Antiochus

1516 3755 1766 3807 utrosque,
1776 3743 2022 3792 communi
2041 3742 2318 3792 Academiae
2335 3744 2537 3792 nomine

1517 3824 1952 3887 complecteretnr3
1971 3822 2199 3885 idemque
2218 3823 2396 3872 faceret
2415 3838 2538 3870 non·

1512 3918 1779 3966 numquam
1806 3902 1950 3950 etiam
1988 3902 2179 3949 Cicero.
2205 3901 2334 3948 Vide
2360 3915 2451 3949 nos
2475 3900 2536 3948 ad

1512 3980 1704 4030 Acadd.
1727 3983 1802 4041 11,
1824 3990 1888 4039 44
1910 4016 1926 4040 ,
1962 3978 2082 4042 135,
2111 3981 2193 4029 cll.
2222 3982 2367 4046 Legg.
2391 3984 2430 4038 1,
2453 3997 2537 4037 πο,

1514 4063 1609 4110 53:
1651 4083 1677 4103 υ
1693 4061 1864 4109 vellem
1886 4077 1962 4109 me
1987 4061 2222 4107 arbitrum
2251 4060 2380 4107 inter
2404 4069 2538 4107 vete·

1515 4157 1614 4188 rem
1636 4141 1945 4189 Academiam
1967 4150 2017 4188 et
2038 4138 2281 4187 Zenonem
2302 4138 2467 4187 datum
2487 4153 2536 4185 u:

1517 4220 1599 4269 ubi
1629 4236 1705 4270 res
1742 4221 1945 4269 arbitrio
1969 4217 2237 4267 dirimenda
2266 4217 2541 4267 Academiae
