3217 4784
877 399 1004 468 DE
1051 400 1222 470 FIN.
1277 402 1483 471 BON.

1536 404 1652 471 ET
1697 404 1917 471 MAL.
1968 407 2026 489 1,
2066 426 2177 472 20.

2437 402 2565 475 115

454 520 857 615 pervenias,
884 517 1254 619 profectus
1290 545 1331 589 a
1359 521 1659 593 Theseo.
1697 528 1782 594 At
1820 547 1996 594 vero
2024 524 2381 621 Epicurus
2421 551 2568 596 una

447 632 522 698 iu
555 624 808 717 domo,
835 646 910 703 et
933 655 1017 702 ea
1041 628 1337 729 quidem
1358 646 1660 729 angusta
1684 687 1703 721 ,
1732 656 1950 730 quam
1977 657 2281 731 magnos
2301 687 2321 721 ,
2350 658 2570 732 quan·

447 751 660 834 taque
699 744 966 812 amoris
1002 742 1537 838 conspiratione
1567 743 2102 812 consentientes
2131 748 2363 814 tenuit
2390 746 2569 814 ami-

440 871 699 919 corum
721 848 1016 949 greges?
1044 849 1257 942 Quod
1288 848 1372 920 fit
1405 853 1618 921 etiam
1660 868 1859 921 nunc
1886 849 1976 921 ab
2013 852 2405 949 Epicureis.
2436 853 2570 925 Sed

444 955 534 1027 ad
550 982 701 1030 rem
720 960 1125 1031 redeamus.
1157 963 1267 1029 De
1286 957 1751 1031 hominibus⁵
1783 959 1924 1030 dici
1946 984 2093 1029 non
2121 985 2412 1032 necesse
2441 977 2568 1033 est.

452 1118 461 1124 -
562 1069 819 1142 Tribus
861 1071 1077 1168 igitur
1116 1069 1348 1142 modis
1380 1067 1598 1140 video
1635 1074 1786 1140 esse
1820 1093 1860 1139 a
1896 1067 2214 1140 nostris⁶
2250 1068 2341 1141 de
2385 1075 2567 1141 ami·
2607 1085 2674 1130 66

450 1185 617 1253 cit-ia
649 1181 1114 1278 disputatum.
1160 1180 1297 1251 Alii
1319 1235 1351 1267 ‚.
1379 1202 1609 1276 quum
1650 1202 1769 1251 eas
1808 1178 2256 1277 voluptate5‚
2298 1205 2459 1278 quae
2483 1180 2576 1252 ad

444 1292 715 1363 amicos
752 1290 1236 1388 pertinerent,
1284 1304 1632 1386 negarent
1674 1313 1828 1361 esse
1876 1312 2007 1386 per
2065 1312 2139 1359 se
2188 1290 2380 1387 ipsas
2430 1306 2576 1362 tam

445 1400 919 1499 expetendas,
956 1424 1176 1496 quam
1208 1415 1487 1471 nostras
1526 1404 2023 1496 expeteremus
2050 1398 2245 1497 (quo
2280 1400 2447 1472 loco
2481 1402 2576 1471 vi·

443 1508 658 1580 detur
695 1507 1134 1606 quibusdam
1181 1508 1523 1580 stabilitas
1558 1508 1883 1578 amicitiae
1921 1508 2342 1603 vacillare):>
2374 1525 2581 1583 tuen-

443 1632 563 1689 tur
607 1632 848 1691 tamen
879 1608 1048 1688 eum
1093 1617 1369 1704 locum,
1397 1641 1617 1713 seque
1661 1613 1897 1703 facile,
1941 1631 2023 1686 ut
2060 1615 2236 1686 mihi
2272 1617 2578 1708 videtur,

442 1726 865 1826 expediunt.
894 1729 996 1795 Ut
1030 1727 1227 1797 enim
1268 1727 1569 1795 virtutes
1587 1735 1641 1811 ⁷,
1671 1723 1761 1794 de
1801 1723 2070 1821 quibus
2108 1738 2275 1796 ante
2306 1723 2580 1799 dictum

512 1913 565 1961 5.
604 1915 679 1960 De
712 1910 1000 1961 hominibus.
1019 1913 1093 1959 Itu
1120 1926 1230 1959 cum
1261 1912 1410 1959 Palat.
1439 1925 1459 1956 ι

441 2000 492 2038 et
519 1991 701 2042 Gifauii
720 1987 893 2039 codice
934 1991 1034 2039 Erl.
1078 2001 1126 2039 et
1163 1990 1290 2055 Spir.
1318 1990 1467 2053 idque

434 2083 537 2133 -pro
556 2068 672 2116 olim
693 2068 889 2131 vulgato
906 2104 922 2131 ,
944 2070 1008 2116 de
1025 2068 1262 2128 omnibus,
1290 2086 1318 2117 a
1341 2071 1466 2117 Gru·

444 2156 550 2194 tero
597 2145 711 2199 inde
770 2146 879 2194 inu.
924 2158 1052 2196 mete
1092 2148 1289 2212 sequuti
1330 2159 1463 2196 sunt.

442 2226 569 2274 Nam
587 2240 757 2271 sensus
769 2233 876 2272 est.
862 2238 876 2251 ·
900 2245 923 2267 ι
946 2225 1043 2273 Sed
1057 2224 1119 2274 de
1136 2226 1346 2273 amicitia
1364 2226 1468 2289 ipsa

441 2302 669 2365 agimus,
704 2316 855 2364 quum
883 2300 989 2350 de
974 2304 1061 2359 nis,
1106 2304 1193 2365 qni
1222 2302 1274 2348 iu
1304 2317 1360 2349 ea
1385 2317 1469 2349 co-

443 2379 587 2429 lenda
614 2380 828 2442 insignes
852 2390 970 2427 sunt
1001 2389 1051 2428 et
1079 2380 1308 2437 fuerunt,
1332 2393 1470 2442 egere

417 2446 420 2450 Δ
446 2458 569 2509 nihil
595 2472 723 2522 opus
740 2456 846 2505 sit·
852 2457 982 2506 ,Est
1003 2468 1164 2506 autem
1188 2459 1279 2506 ina
1314 2464 1469 2505 trans-

442 2538 533 2584 itio
573 2535 857 2595 modestiae,
899 2552 1052 2601 quum
1088 2538 1365 2600 Torquatus
1401 2552 1470 2584 se-

441 2624 534 2662 cte
564 2630 662 2662 ωε
693 2613 920 2661 homines
949 2613 1011 2661 ab
1042 2614 1135 2661 hac
1152 2623 1290 2677 parte
1311 2612 1469 2662 laudis

444 2693 547 2755 ipse
571 2691 816 2740 celebrare
838 2690 1008 2740 nollet.
1027 2695 1092 2741 G.

512 2772 562 2818 6.
589 2770 751 2819 nibus
774 2770 926 2834 igitur
939 2769 1095 2817 modis
1117 2805 1129 2817 .
1151 2804 1163 2816 .
1186 2805 1198 2817 .
1218 2788 1252 2818 a
1270 2770 1464 2818 nosm‘s.

442 2847 598 2897 Addit
632 2858 805 2896 auctor
826 2864 860 2895 a
890 2848 1086 2906 nostris,
1127 2849 1264 2911 quod
1289 2863 1351 2897 ex
1388 2849 1466 2896 his

444 2927 598 2974 tribus
623 2928 835 2990 prirnum
862 2937 1051 2974 tantum
1078 2926 1279 2990 Epicuri
1303 2939 1431 2976 esset
1451 2941 1463 2974 :

432 3006 624 3069 reliqua
651 3007 980 3069 posteriorum
1004 3005 1349 3069 Epicureorum
1367 3024 1381 3064 ;
1400 3006 1468 3056 cs.

444 3084 564 3132 infra
580 3087 627 3132 11
647 3119 663 3140 ‚
692 3086 757 3133 26
773 3118 789 3144 ‚
813 3085 897 3132 82‘.
916 3085 1138 3133 Ceterum
1158 3099 1250 3147 pro
1275 3082 1465 3145 Tribus,

445 3178 610 3212 errore
635 3164 802 3211 nescio
829 3179 930 3227 quo
945 3198 959 3219 ,
1001 3163 1148 3211 refert
1169 3162 1286 3210 Vin.
1312 3162 1465 3209 Pluri-

444 3242 822 3291 ribus.1'eccsnt
845 3241 989 3289 etiam
1023 3251 1118 3289 tres
1137 3241 1292 3289 nostri
1311 3230 1463 3305 ergo,-

1079 3336 1097 3367 ι
1204 3335 1234 3365 o

442 3390 529 3439 sed
552 3390 680 3439 facili
700 3390 1041 3455 lapsu,quu1n
1057 3405 1096 3454 3
1115 3399 1164 3438 et
1188 3405 1250 3454 3,
1287 3387 1465 3453 quibus

376 3518 385 3525 ,
442 3470 574 3518 notis
592 3470 669 3518 hae
687 3480 833 3534 partt.
863 3469 1258 3533 distinguuntur,
1283 3467 1465 3531 ubique

444 3547 822 3598 confundantur.
871 3548 1029 3614 Igitur
1066 3559 1225 3596 sutem
1266 3547 1465 3611 proprie

441 3639 515 3675 est
563 3637 899 3691 argumentum
954 3625 1276 3690 ingredientis
1302 3642 1319 3684 ς
1362 3641 1463 3687 quo

441 3722 559 3771 ergo
584 3705 710 3753 nihil
730 3706 958 3770 pertinet.
977 3705 1043 3753 G.

514 3810 560 3853 7.
604 3792 734 3852 Alii,
768 3810 914 3857 quum
942 3807 1025 3840 eas
1054 3791 1333 3854 voluptates
1369 3824 1381 3836 .
1405 3822 1419 3837 .
1439 3825 1453 3837 .

440 3870 729 3934 expediunt.
763 3873 826 3918 Ue
854 3870 979 3917 enim
1008 3869 1233 3918 virtutes.
1259 3869 1464 3916 Rathius

441 3948 507 3995 its
526 3949 736 4011 graviter
756 3949 811 3997 iu
832 3948 964 3996 hunc
981 3948 1146 3995 locum
1164 3947 1390 4011 impegit,
1408 3957 1464 3994 ut

356 4066 377 4081 .,
442 4035 600 4073 totum
646 4029 863 4092 spurium
902 4026 1120 4089 judicet,
1163 4025 1459 4090 reliquisque

441 4100 610 4151 deletis
630 4139 646 4165 ,
689 4105 788 4154 hoc
838 4105 991 4155 modo
1036 4115 1166 4154 texta
1210 4116 1456 4153 consuet:

1547 1929 1573 1950 ι-
1603 1907 1706 1956 Alii
1743 1907 1901 1968 enim,
1945 1919 2001 1956 nt
2040 1909 2278 1967 virtutes,
2319 1918 2414 1958 etc.
2446 1929 2469 1952 ι
2516 1912 2580 1959 Et

1545 1987 1672 2034 vidit
1695 1986 1779 2035 ille
1813 2003 1929 2035 saue
1953 1987 2163 2051 aliquid,
2203 1987 2258 2034 in
2285 2003 2387 2051 quo
2415 1988 2567 2037 inter·

1545 2077 1740 2129 pretum
1786 2075 1899 2113 ante
1934 2066 2093 2130 ipsum
2139 2082 2283 2114 nemo
2333 2066 2535 2115 hoeserat
2560 2085 2577 2130 ς

1547 2159 1836 2207 quamquam
1853 2143 2033 2192 fluctus
2047 2144 2099 2191 in
2115 2144 2358 2209 simpuvio
2377 2181 2393 2205 ,
2416 2158 2472 2195 ut
2500 2146 2550 2194 di
2563 2175 2578 2184 ·

1547 2221 1701 2279 citur,
1727 2221 1977 2271 excitavit.
1999 2225 2158 2270 Locus
2189 2223 2316 2271 enim
2344 2241 2457 2273 vere
2476 2241 2578 2275 nou

1549 2300 1653 2347 coit
1691 2313 1706 2347 ε
1738 2299 1824 2347 sed
1870 2300 1937 2347 ob
1961 2300 2067 2348 leve
2102 2301 2435 2351 anacoluthon
2461 2336 2477 2363 ‚
2515 2320 2578 2354 ex

1549 2376 1943 2441 semipatenthesi
1965 2378 1985 2440 (
2005 2379 2143 2425 venia
2161 2382 2224 2427 sit
2244 2381 2353 2428 voci
2373 2384 2577 2448 proprio

1548 2457 1710 2504 Marte
1725 2453 1855 2503 flctae
1871 2456 1892 2518 )
1907 2488 1923 2515 ‚
1944 2466 2134 2515 ortum,
2160 2473 2310 2520 quum
2331 2492 2346 2517 ,
2369 2474 2424 2507 ea
2444 2461 2577 2509 dem-

1548 2545 1659 2598 pta,
1679 2534 1823 2581 verba
1842 2534 1913 2581 sic
1929 2549 2126 2597 pergere
2146 2534 2417 2586 deberent:
2436 2560 2462 2581 ιι
2476 2540 2575 2588 Alii

1547 2628 1701 2676 quum
1729 2626 1809 2659 eas
1827 2610 2202 2676 voluptates...
2242 2627 2532 2679 negarent..

1548 2686 1880 2756 ex'petendas,
1947 2706 2092 2755 quam
2134 2705 2326 2743 nostras
2373 2709 2570 2761 expete-

1547 2786 1733 2839 remus,
1778 2782 1826 2818 et
1868 2787 1929 2819 eo
1968 2771 2081 2819 loco
2118 2772 2219 2835 (eo
2242 2778 2572 2838 argumento)

1538 2808 1791 2898 videretur
1833 2849 2124 2914 quibusdam
2170 2886 2186 2900 .
2208 2885 2222 2899 .
2241 2883 2259 2900 .
2308 2852 2570 2901 vacillare:

1549 2938 1750 2978 tuentur
1772 2940 1933 2977 tamen
1969 2929 2043 2976 illi
2067 2944 2176 2976 eum
2202 2929 2237 2977 l.
2260 2941 2396 2979 etc.··
2421 2931 2570 2979 Plena

1543 3008 1840 3070 parenthesis
1861 3019 1964 3056 tum
1993 3008 2151 3065 foret,
2193 3006 2232 3053 si
2271 3017 2443 3055 auctor
2477 3025 2571 3073 pro

1541 3085 1704 3132 verbis
1724 3119 1739 3143 ,
1760 3101 1868 3132 eum
1896 3086 2055 3132 locum
2071 3118 2086 3142 ,
2115 3083 2293 3146 quibus
2317 3085 2421 3134 hoec
2447 3104 2571 3135 con-

1545 3162 1823 3221 tinuantur,
1870 3162 1924 3208 id
1947 3161 2106 3226 ipsum
2127 3194 2143 3219 ,
2177 3164 2253 3209 vel
2285 3162 2380 3212 tale
2414 3166 2537 3230 quid
2556 3202 2570 3225 ,

1543 3236 1800 3302 posuisset.
1828 3239 2001 3302 Neque
2019 3241 2070 3286 in
2100 3251 2375 3305 temporum
2400 3258 2570 3294 couse-

1544 3318 1743 3365 cutioue
1780 3317 1969 3365 offendi
2005 3316 2152 3366 debet
2176 3335 2190 3369 :
2218 3332 2276 3369 ut
2308 3323 2439 3370 enim
2480 3326 2569 3372 im-

1542 3394 1755 3459 perfecta
1772 3430 1786 3456 ‚
1825 3393 2127 3460 pertinerent
2177 3429 2192 3444 .
2211 3430 2224 3444 .
2247 3432 2260 3445 .
2297 3411 2535 3465 negarem
2551 3439 2566 3461 ,

1543 3475 1961 3535 narrantis·suut,
1991 3478 2076 3543 ,⁵²¹
2100 3471 2252 3540 proe‘ss
2273 3513 2284 3524 .
2312 3499 2338 3519 α
2375 3479 2567 3530 videtur

1676 3561 1871 3600 tuentur
2026 3554 2566 3619 expediam-‚demo

1545 3640 1661 3678 sunt
1704 3631 1945 3680 addentis.
1984 3632 2117 3695 Quid
2141 3669 2156 3695 ‚
2203 3634 2343 3697 quod
2373 3651 2432 3684 ne
2447 3660 2452 3665 ·
2468 3638 2564 3686 hoc

1543 3710 1740 3774 quidem
1781 3726 1910 3775 opus
1969 3722 2040 3760 est
2063 3745 2078 3770 ‚
2132 3726 2287 3776 quum
2329 3730 2478 3780 saepe-
2496 3716 2566 3764 sic

1542 3798 1743 3849 auctor,
1771 3804 1822 3835 ν.
1870 3805 1918 3837 c.
1962 3811 1988 3830 ιι
2013 3790 2126 3837 licet
2163 3790 2252 3838 ista
2279 3792 2563 3853 moliretur,

1542 3868 1679 3918 veuit
1704 3878 1864 3916 umen
1892 3868 1954 3916 ad
1981 3869 2255 3927 hominem,
2280 3885 2442 3921 narrat
2472 3907 2485 3921 .
2507 3908 2521 3921 .
2543 3908 2554 3919 .

1543 3957 1741 3996 excusa
1756 3982 1771 4006 ,
1798 3958 1896 3996 etc.
1917 3969 1943 3990 ι
1968 3948 2136 3996 Rebus
2151 3948 2299 4011 igitur
2315 3950 2380 3997 ad
2405 3966 2566 4015 gram·

1547 4026 1771 4074 maticam
1796 4026 2152 4089 pertinentibus
2169 4028 2285 4075 satis
2304 4028 2562 4092 expeditis,

1548 4104 1834 4154 sementiam
1847 4103 1944 4151 loci
1963 4106 2116 4169 ipsam
2130 4106 2403 4166 videamus,
2422 4120 2563 4168 quam

2249 4194 2315 4262 8.
