3217 4784
385 430 1287 453 mmmmmmmmwssss
1296 427 1859 451 mmmmufflwh
1870 430 2240 451 mmmm
2250 434 2328 451 Ἀ,
2337 431 2515 453 ἏΛΜ

714 663 889 787 Μ.
962 659 1105 785 Τ.
1170 661 2193 790 CICERONIS

388 916 533 992 DE
586 912 1049 992 FINIBUS
1105 912 1669 991 BONORUM
1720 914 1863 991 ET
1915 913 2514 1015 MALORUM,

918 1105 1009 1208 A
1044 1104 1137 1205 D
1237 1102 1553 1208 ΒΜ]
1588 1101 1993 1232 TUM,

1014 1318 1315 1389 LIBER
1365 1320 1880 1409 QUARTUS.

383 1684 437 1751 1.
484 1634 723 1788 Qum
773 1703 1003 1777 quum
1046 1677 1374 1761 dixisset,
1421 1676 1641 1748 finem
1687 1676 1825 1749 ille.
1873 1682 2022 1778 Ego
2063 1690 2348 1771 autem,
2396 1686 2516 1757 Nae
2560 1723 2582 1758 ι

382 1805 499 1877 tu,
533 1793 828 1887 inquam
851 1844 871 1875 ,
900 1795 1116 1874 Cat0,
1152 1792 1286 1860 ista
1330 1787 1762 1885 exposuisti¹
1805 1805 1949 1861 tam
1983 1792 2209 1863 multa
2237 1818 2519 1867 memo-

379 1901 557 1971 riter
580 1955 601 1986 ,
663 1915 808 1970 tam
872 1899 1176 1971 obscura
1236 1898 1570 1969 dilucide.
1620 1904 1874 1997 Itaque
1920 1906 2045 1973 alit
2101 1905 2520 1978 omittamus

384 2023 640 2078 contra
682 2013 1027 2079 omuino²
1069 2009 1250 2080 velle
1289 2004 1601 2105 aliquid,
1644 2025 1770 2081 aut
1805 2014 2118 2109 spatium
2150 2037 2520 2088 sumamus

382 2118 472 2188 ad
500 2118 1005 2214 cogitandum:
1040 2135 1182 2189 tam
1215 2120 1407 2190 enirn
1436 2117 1818 2213 diligenter
1836 2176 1854 2207 ,
1874 2123 2005 2193 etsi
2026 2119 2054 2164 3
2083 2124 2324 2194 minus
2351 2149 2519 2197 vere

380 2228 593 2323 (nam
640 2228 968 2299 nondum
1000 2228 1074 2299 id
1117 2226 1416 2325 quidem
1452 2226 1689 2298 audeo
1723 2228 2043 2324 dicere),
2080 2230 2249 2303 sed4
2278 2248 2521 2305 tamen

382 2352 709 2410 accurate
728 2363 881 2408 non
901 2338 1122 2409 modo
1144 2335 1541 2423 fundatam,
1562 2361 1817 2408 verum
1843 2340 2057 2409 etiam
2084 2355 2518 2414 exstructam

450 2548 491 2593 Ι.
526 2561 571 2592 t.
613 2546 915 2611 Exposuisti.
944 2546 1171 2596 Vidim'us
1196 2549 1282 2610 qui
1310 2548 1406 2594 hoc

328 2646 329 2649 ¹
380 2624 582 2673 verbum
623 2627 675 2673 in
706 2627 990 2690 glossemate
1019 2637 1275 2692 ponerent.
1307 2624 1405 2674 Sed

380 2702 433 2752 hi
456 2721 557 2752 non
590 2707 903 2755 attenderunt
930 2707 981 2755 h.
1008 2709 1041 2755 l.
1069 2709 1292 2773 proxima
1318 2722 1404 2753 va-

378 2784 481 2832 lere
500 2819 515 2843 ,
539 2806 563 2825 u
586 2785 701 2833 licet
736 2796 836 2832 tam
860 2787 1012 2834 multa
1040 2824 1054 2838 .
1078 2823 1090 2835 .
1114 2822 1126 2834 .
1154 2787 1271 2835 licet
1308 2795 1404 2833 tam

381 2862 585 2909 obscura
607 2873 768 2910 essent
784 2884 811 2906 υ
832 2877 844 2910 :
865 2866 933 2911 sic
953 2865 1045 2912 hac
1074 2866 1127 2912 in
1146 2866 1402 2914 verborum

380 2941 502 2989 serie
525 2941 647 2989 nihil
668 2942 777 3002 jure
795 2943 1033 2992 offendes.
1053 2947 1119 2992 G.

452 3036 507 3068 α.
536 3020 722 3068 Contra
749 3020 968 3069 omuino.
992 3024 1108 3070 Hac
1136 3023 1261 3070 forte
1281 3023 1405 3070 male

383 3101 675 3163 transposita
701 3101 926 3164 putabis,
952 3117 1100 3164 quum
1121 3101 1318 3150 οηυιίηο
1344 3103 1405 3149 ad

379 3177 674 3236 omittamus,
694 3190 865 3227 contra
882 3179 946 3227 ad
962 3180 1092 3228 velle
1103 3180 1404 3228 referendum

382 3256 642 3304 videatur:
684 3269 813 3306 certe
851 3275 915 3307 ne
955 3270 1137 3308 statuas
1183 3259 1404 3319 cavebis,

380 3332 583 3400 vulgato
610 3339 778 3400 positu
797 3337 924 3387 idem
949 3338 1139 3397 notari,
1170 3339 1264 3386 nisi
1292 3356 1403 3386 ver-

379 3415 554 3464 borum
601 3415 940 3466 collocationis
987 3418 1183 3482 ignarus
1234 3417 1403 3466 haberi

382 3496 517 3544 velis.
544 3496 709 3560 Atque
730 3496 955 3544 facillime
973 3497 1077 3544 haec
1094 3497 1163 3544 sic
1186 3498 1404 3557 trajicere

283 3595 286 3599 ’
376 3575 551 3635 liceat,
579 3576 621 3622 si
646 3576 816 3640 scripti
843 3577 920 3625 vel
945 3576 1220 3642 paullulum
1251 3579 1402 3626 vacil-

376 3655 548 3703 larent.
592 3654 903 3717 Relinquitur
955 3667 1114 3703 tamen
1160 3655 1258 3704 hoc
1278 3693 1293 3715 ,
1346 3669 1404 3705 nt

378 3734 578 3782 omnino
596 3734 659 3782 ad
687 3736 821 3783 velle
841 3735 1043 3784 relatum
1071 3745 1285 3798 putetur,
1310 3734 1403 3783 hac

380 3814 428 3859 vi
458 3826 472 3859 z
516 3834 538 3853 ιι
558 3814 848 3862 Omittamus
900 3814 1154 3862 consilium
1176 3849 1189 3873 ‚
1232 3826 1401 3863 contra

381 3892 477 3951 (tot
494 3928 509 3952 ,
532 3903 725 3957 tamque
750 3895 976 3958 obscura)
1001 3893 1184 3958 aliquid
1210 3898 1261 3941 in
1290 3894 1402 3942 uni-

381 3984 573 4017 versum
607 3982 839 4032 statuere,
870 3974 1059 4037 singula
1102 3988 1308 4036 quaeque
1334 3973 1399 4019 ri·

380 4059 621 4098 mantes».
653 4053 717 4100 G.

454 4126 502 4172 3.
528 4126 645 4174 Etsi.
670 4129 799 4177 Male
839 4131 941 4178 Erl.
985 4128 1191 4179 etiamsi.
1233 4132 1293 4180 G.
1335 4159 1405 4169 -

529 4214 612 4280 ῙῙ.
673 4227 767 4275 Cic.
795 4244 913 4293 pars
939 4229 1089 4278 tertia.

1496 2547 1720 2596 Olivctns
1771 2546 1939 2595 scribit
1981 2559 2065 2609 et,
2115 2549 2160 2596 si
2196 2550 2356 2599 mitius
2400 2569 2520 2599 ‘vene

1492 2623 1662 2689 (nam,
1688 2627 1804 2693 etc.)

1570 2714 1619 2761 4.
1644 2705 1742 2752 Sed
1764 2716 1945 2753 tamen.
1984 2707 2153 2755 Davis.
2186 2717 2286 2754 tam
2319 2707 2519 2765 suadet,

1496 2795 1550 2831 ut
1589 2784 1686 2848 ipsi
1727 2800 1922 2848 quoque
1962 2796 2129 2833 nostra
2181 2797 2357 2848 sponte
2400 2786 2516 2834 olim

1495 2863 1876 2923 conjeceramus.
1917 2861 2012 2910 Sed
2057 2863 2357 2926 parenthesis
2398 2880 2519 2928 prae·

1495 2941 1674 2990 cedens
1703 2943 1766 2989 ad
1791 2942 1951 2989 mimas
1977 2943 2100 3005 (quo
2125 2943 2356 2990 sententia
2384 2944 2516 2990 miti·-

1496 3022 1655 3084 gatur)
1670 3056 1686 3079 ,
1720 3019 1962 3083 pertinet:
1985 3029 2104 3081 post
2134 3018 2259 3064 hanc
2282 3012 2400 3066 v'ero
2427 3037 2515 3067 au-

1495 3109 1604 3146 ctor
1621 3133 1636 3157 ,
1688 3097 1780 3145 sed
1822 3109 1918 3143 tam
1972 3095 2258 3159 diligenter,
2316 3113 2516 3161 pergere

1496 3176 1704 3224 debebat
1735 3189 1750 3233 ;
1805 3174 2056 3239 applicans
2104 3182 2262 3221 autem
2313 3174 2378 3221 ad
2428 3177 2519 3225 etsi

1495 3255 1798 3314 orationem,
1841 3266 1994 3315 parvo
2038 3252 2367 3311 anacolutho,
2412 3271 2514 3317 quo

1492 3342 1607 3396 post
1632 3331 1941 3396 parentheses
1964 3328 2174 3389 assolet,
2199 3340 2361 3380 tamen
2401 3350 2516 3382 cum

1492 3410 1877 3469 asseveratione,
1927 3412 2020 3474 pro
2070 3425 2223 3468 sane,
2283 3412 2478 3473 subiicit
2497 3450 2512 3469 ,

1492 3498 1769 3552 mutataque
1795 3504 1917 3536 voce
1936 3524 1951 3550 ,
1978 3499 2212 3536 accurato
2225 3489 2380 3541 addit.
2412 3496 2515 3542 Re·

1490 3569 1741 3618 ferendum
1758 3584 1936 3634 nempe
1962 3569 2052 3616 sed
2075 3581 2237 3617 tamen
2272 3571 2334 3619 ad
2353 3573 2514 3622 minus

1494 3666 1616 3698 vere
1636 3660 1710 3697 est
1727 3682 1742 3706 ,
1785 3649 1876 3696 hac
1899 3649 1983 3694 vi:
2032 3670 2058 3690 ιι
2080 3650 2181 3697 Etsi
2208 3651 2368 3700 minus
2402 3670 2516 3702 vere

1490 3737 1594 3785 haec
1639 3735 1939 3800 exposuisti,
1975 3745 2134 3783 tamen
2171 3736 2373 3788 difficile
2415 3754 2515 3805 est,

1490 3815 1796 3879 disciplinam
1836 3823 1931 3861 tam
1973 3814 2096 3863 bene
2138 3815 2388 3866 fundatam
2426 3838 2513 3869 ex·

1490 3906 1837 3957 structamque,
1855 3903 1948 3940 tam
1961 3906 2183 3943 accurate
2197 3911 2512 3958 cognoscere,

1492 3985 1549 4021 ut
1578 3973 1638 4021 de
1667 3989 1719 4020 ea
1742 3972 1981 4033 judicium
2003 3973 2127 4021 serre
2150 3976 2310 4037 possis
2324 3978 2510 4026 „mihil

1490 4053 1641 4114 igitur
1665 4061 1833 4100 contra
1862 4052 2154 4114 scriptorum
2174 4050 2511 4117 editorumque

1493 4131 1709 4179 omnium
1734 4144 2017 4177 consensum
2047 4139 2230 4175 tentare
2259 4130 2384 4181 lieet.
2412 4137 2474 4182 G.

2180 4216 2269 4291 28
