<?xml version="1.0" encoding="UTF-8"?>
<!DOCTYPE html PUBLIC "-//W3C//DTD XHTML 1.0 Transitional//EN"
    "http://www.w3.org/TR/xhtml1/DTD/xhtml1-transitional.dtd">
<html xmlns="http://www.w3.org/1999/xhtml" xml:lang="en" lang="en">
 <head>
  <title>
</title>
<meta http-equiv="Content-Type" content="text/html;charset=utf-8" />
  <meta name='ocr-system' content='tesseract 3.04.00' />
  <meta name='ocr-capabilities' content='ocr_page ocr_carea ocr_par ocr_line ocrx_word'/>
</head>
<body>
  <div class='ocr_page' id='page_1' title='image "./mtciceronisquae00clergoog/mtciceronisquae00clergoog_0068.png"; bbox 0 0 3217 4784; ppageno 0'>
   <div class='ocr_carea' id='block_1_1' title="bbox 589 1133 653 1188">
    <p class='ocr_par' dir='ltr' id='par_1_1' title="bbox 589 1133 653 1188">
     <span class='ocr_line' id='line_1_1' title="bbox 589 1133 653 1188; baseline 0 0"><span class='ocrx_word' id='word_1_1' title='bbox 589 1133 653 1188; x_wconf 77' lang='grc' dir='ltr'>ι7</span> 
     </span>
    </p>
   </div>
   <div class='ocr_carea' id='block_1_2' title="bbox 688 320 2114 412">
    <p class='ocr_par' dir='ltr' id='par_1_2' title="bbox 688 320 2114 412">
     <span class='ocr_line' id='line_1_2' title="bbox 688 320 2114 412; baseline -0.001 -16"><span class='ocrx_word' id='word_1_2' title='bbox 688 326 780 412; x_wconf 75' lang='lat'>48</span> <span class='ocrx_word' id='word_1_3' title='bbox 848 320 854 331; x_wconf 85' lang='lat'><em>&#39;</em></span> <span class='ocrx_word' id='word_1_4' title='bbox 1351 327 1448 392; x_wconf 86' lang='lat' dir='ltr'>M.</span> <span class='ocrx_word' id='word_1_5' title='bbox 1500 326 1576 392; x_wconf 91' lang='lat' dir='ltr'>T.</span> <span class='ocrx_word' id='word_1_6' title='bbox 1631 324 2114 394; x_wconf 82' lang='lat' dir='ltr'>CICERONIS</span> 
     </span>
    </p>
   </div>
   <div class='ocr_carea' id='block_1_3' title="bbox 634 446 2804 984">
    <p class='ocr_par' dir='ltr' id='par_1_3' title="bbox 634 446 2804 984">
     <span class='ocr_line' id='line_1_3' title="bbox 687 446 2799 542; baseline 0.002 -23"><span class='ocrx_word' id='word_1_7' title='bbox 687 461 878 519; x_wconf 85' lang='lat' dir='ltr'>sunt,</span> <span class='ocrx_word' id='word_1_8' title='bbox 917 449 1149 542; x_wconf 87' lang='lat' dir='ltr'>Atque</span> <span class='ocrx_word' id='word_1_9' title='bbox 1183 467 1337 531; x_wconf 88' lang='lat' dir='ltr'>eos,</span> <span class='ocrx_word' id='word_1_10' title='bbox 1377 466 1561 541; x_wconf 83' lang='lat' dir='ltr'>quos</span> <span class='ocrx_word' id='word_1_11' title='bbox 1612 446 2007 533; x_wconf 78' lang='lat' dir='ltr'>nominavi,</span> <span class='ocrx_word' id='word_1_12' title='bbox 2044 470 2209 516; x_wconf 89' lang='lat' dir='ltr'>cum</span> <span class='ocrx_word' id='word_1_13' title='bbox 2260 450 2494 520; x_wconf 89' lang='lat' dir='ltr'>Attico</span> <span class='ocrx_word' id='word_1_14' title='bbox 2548 464 2799 523; x_wconf 85' lang='lat' dir='ltr'>nostro</span> 
     </span>
     <span class='ocr_line' id='line_1_4' title="bbox 687 552 2804 654; baseline 0 -26"><span class='ocrx_word' id='word_1_15' title='bbox 687 556 1106 654; x_wconf 84' lang='lat' dir='ltr'>frequenter</span> <span class='ocrx_word' id='word_1_16' title='bbox 1119 552 1390 637; x_wconf 77' lang='lat' dir='ltr'>audivi3</span> <span class='ocrx_word' id='word_1_17' title='bbox 1410 577 1639 649; x_wconf 89' lang='lat' dir='ltr'>quum</span> <span class='ocrx_word' id='word_1_18' title='bbox 1664 555 2041 625; x_wconf 84' lang='lat' dir='ltr'>miraretur</span> <span class='ocrx_word' id='word_1_19' title='bbox 2061 554 2179 625; x_wconf 91' lang='lat' dir='ltr'>ille</span> <span class='ocrx_word' id='word_1_20' title='bbox 2204 554 2498 652; x_wconf 87' lang='lat' dir='ltr'>quidem</span> <span class='ocrx_word' id='word_1_21' title='bbox 2532 573 2804 629; x_wconf 84' lang='lat' dir='ltr'>utrum·</span> 
     </span>
     <span class='ocr_line' id='line_1_5' title="bbox 634 662 2801 764; baseline 0.001 -27"><span class='ocrx_word' id='word_1_22' title='bbox 634 714 639 718; x_wconf 81' lang='lat'>-</span> <span class='ocrx_word' id='word_1_23' title='bbox 688 691 869 762; x_wconf 84' lang='lat' dir='ltr'>que,</span> <span class='ocrx_word' id='word_1_24' title='bbox 911 662 1286 736; x_wconf 88' lang='lat' dir='ltr'>Phaedrum</span> <span class='ocrx_word' id='word_1_25' title='bbox 1323 675 1561 732; x_wconf 84' lang='lat' dir='ltr'>autem</span> <span class='ocrx_word' id='word_1_26' title='bbox 1596 665 1808 732; x_wconf 87' lang='lat' dir='ltr'>etiam</span> <span class='ocrx_word' id='word_1_27' title='bbox 1844 669 2113 735; x_wconf 76' lang='lat' dir='ltr'>amaret</span> <span class='ocrx_word' id='word_1_28' title='bbox 2145 689 2159 732; x_wconf 92' lang='lat'>:</span> <span class='ocrx_word' id='word_1_29' title='bbox 2202 665 2672 764; x_wconf 80' lang='lat' dir='ltr'>quotidieque</span> <span class='ocrx_word' id='word_1_30' title='bbox 2704 669 2801 739; x_wconf 91' lang='lat' dir='ltr'>in·</span> 
     </span>
     <span class='ocr_line' id='line_1_6' title="bbox 690 770 2799 874; baseline 0.001 -27"><span class='ocrx_word' id='word_1_31' title='bbox 690 790 798 847; x_wconf 86' lang='lat' dir='ltr'>ter</span> <span class='ocrx_word' id='word_1_32' title='bbox 852 799 989 846; x_wconf 88' lang='lat' dir='ltr'>nos</span> <span class='ocrx_word' id='word_1_33' title='bbox 1042 798 1156 861; x_wconf 85' lang='lat' dir='ltr'>ea,</span> <span class='ocrx_word' id='word_1_34' title='bbox 1192 797 1353 869; x_wconf 84' lang='lat' dir='ltr'>quae</span> <span class='ocrx_word' id='word_1_35' title='bbox 1397 770 1901 860; x_wconf 85' lang='lat' dir='ltr'><strong>audiebamus,</strong></span> <span class='ocrx_word' id='word_1_36' title='bbox 1939 771 2519 862; x_wconf 73' lang='lat' dir='ltr'>conferebamu53</span> <span class='ocrx_word' id='word_1_37' title='bbox 2560 802 2799 874; x_wconf 88' lang='lat' dir='ltr'>neque</span> 
     </span>
     <span class='ocr_line' id='line_1_7' title="bbox 689 883 2798 984; baseline 0.002 -28"><span class='ocrx_word' id='word_1_38' title='bbox 689 900 840 958; x_wconf 86' lang='lat' dir='ltr'>erat</span> <span class='ocrx_word' id='word_1_39' title='bbox 868 907 1212 979; x_wconf 85' lang='lat' dir='ltr'>umquam</span> <span class='ocrx_word' id='word_1_40' title='bbox 1248 884 1759 969; x_wconf 85' lang='lat' dir='ltr'>controversia,</span> <span class='ocrx_word' id='word_1_41' title='bbox 1786 883 1960 980; x_wconf 88' lang='lat' dir='ltr'>quid</span> <span class='ocrx_word' id='word_1_42' title='bbox 1985 907 2119 980; x_wconf 87' lang='lat' dir='ltr'>ego</span> <span class='ocrx_word' id='word_1_43' title='bbox 2149 885 2645 984; x_wconf 85' lang='lat' dir='ltr'>intelligerem,</span> <span class='ocrx_word' id='word_1_44' title='bbox 2671 887 2798 960; x_wconf 90' lang='lat' dir='ltr'>sed</span> 
     </span>
    </p>
   </div>
   <div class='ocr_carea' id='block_1_4' title="bbox 687 992 1296 1094">
    <p class='ocr_par' dir='ltr' id='par_1_4' title="bbox 687 992 1296 1094">
     <span class='ocr_line' id='line_1_8' title="bbox 687 992 1296 1094; baseline -0.007 -28"><span class='ocrx_word' id='word_1_45' title='bbox 687 994 865 1094; x_wconf 88' lang='lat' dir='ltr'>quid</span> <span class='ocrx_word' id='word_1_46' title='bbox 895 992 1296 1093; x_wconf 85' lang='lat' dir='ltr'>probarem.</span> 
     </span>
    </p>
   </div>
   <div class='ocr_carea' id='block_1_5' title="bbox 684 1099 2801 1530">
    <p class='ocr_par' dir='ltr' id='par_1_5' title="bbox 684 1099 2801 1530">
     <span class='ocr_line' id='line_1_9' title="bbox 783 1099 2798 1207; baseline 0.002 -33"><span class='ocrx_word' id='word_1_47' title='bbox 783 1107 903 1174; x_wconf 87' lang='lat' dir='ltr'>VI.</span> <span class='ocrx_word' id='word_1_48' title='bbox 951 1100 1144 1192; x_wconf 83' lang='lat' dir='ltr'><strong>Quid</strong></span> <span class='ocrx_word' id='word_1_49' title='bbox 1190 1103 1409 1199; x_wconf 85' lang='lat' dir='ltr'>igitur</span> <span class='ocrx_word' id='word_1_50' title='bbox 1445 1099 1654 1173; x_wconf 79' lang='lat' dir='ltr'>est1?</span> <span class='ocrx_word' id='word_1_51' title='bbox 1692 1103 1929 1197; x_wconf 88' lang='lat' dir='ltr'>inquit</span> <span class='ocrx_word' id='word_1_52' title='bbox 1962 1129 1977 1172; x_wconf 76' lang='grc' dir='ltr'><strong>ε</strong></span> <span class='ocrx_word' id='word_1_53' title='bbox 2016 1103 2265 1174; x_wconf 84' lang='lat' dir='ltr'>audire</span> <span class='ocrx_word' id='word_1_54' title='bbox 2310 1108 2502 1176; x_wconf 88' lang='lat' dir='ltr'>enim</span> <span class='ocrx_word' id='word_1_55' title='bbox 2540 1108 2798 1207; x_wconf 86' lang='lat' dir='ltr'>cupi0,</span> 
     </span>
     <span class='ocr_line' id='line_1_10' title="bbox 687 1210 2797 1316; baseline 0.002 -32"><span class='ocrx_word' id='word_1_56' title='bbox 687 1213 865 1314; x_wconf 91' lang='lat' dir='ltr'>quid</span> <span class='ocrx_word' id='word_1_57' title='bbox 927 1238 1075 1284; x_wconf 88' lang='lat' dir='ltr'>non</span> <span class='ocrx_word' id='word_1_58' title='bbox 1122 1210 1404 1311; x_wconf 72' lang='lat' dir='ltr'>probes».</span> <span class='ocrx_word' id='word_1_59' title='bbox 1459 1213 1864 1310; x_wconf 79' lang='lat' dir='ltr'>Principio,</span> <span class='ocrx_word' id='word_1_60' title='bbox 1916 1213 2248 1310; x_wconf 80' lang='lat' dir='ltr'>inquam,</span> <span class='ocrx_word' id='word_1_61' title='bbox 2303 1217 2378 1285; x_wconf 88' lang='lat' dir='ltr'>in</span> <span class='ocrx_word' id='word_1_62' title='bbox 2434 1217 2748 1316; x_wconf 82' lang='lat' dir='ltr'>physicis</span> <span class='ocrx_word' id='word_1_63' title='bbox 2776 1272 2797 1304; x_wconf 89' lang='lat'>‚</span> 
     </span>
     <span class='ocr_line' id='line_1_11' title="bbox 684 1320 2801 1419; baseline 0.003 -26"><span class='ocrx_word' id='word_1_64' title='bbox 684 1320 953 1419; x_wconf 85' lang='lat' dir='ltr'>quibus</span> <span class='ocrx_word' id='word_1_65' title='bbox 997 1323 1303 1391; x_wconf 83' lang='lat' dir='ltr'>maxime</span> <span class='ocrx_word' id='word_1_66' title='bbox 1339 1320 1706 1417; x_wconf 85' lang='lat' dir='ltr'>gloriatur,</span> <span class='ocrx_word' id='word_1_67' title='bbox 1739 1322 2052 1419; x_wconf 84' lang='lat' dir='ltr'>primum</span> <span class='ocrx_word' id='word_1_68' title='bbox 2084 1337 2278 1394; x_wconf 88' lang='lat' dir='ltr'>totus</span> <span class='ocrx_word' id='word_1_69' title='bbox 2306 1339 2409 1395; x_wconf 87' lang='lat' dir='ltr'>est</span> <span class='ocrx_word' id='word_1_70' title='bbox 2440 1327 2713 1399; x_wconf 84' lang='lat' dir='ltr'>alienus</span> <span class='ocrx_word' id='word_1_71' title='bbox 2749 1338 2801 1398; x_wconf 78' lang='lat'>².</span> 
     </span>
     <span class='ocr_line' id='line_1_12' title="bbox 684 1428 2801 1530; baseline 0.002 -27"><span class='ocrx_word' id='word_1_72' title='bbox 684 1434 1102 1504; x_wconf 81' lang='lat' dir='ltr'>Democrito</span> <span class='ocrx_word' id='word_1_73' title='bbox 1130 1428 1408 1527; x_wconf 86' lang='lat' dir='ltr'>adjicit,</span> <span class='ocrx_word' id='word_1_74' title='bbox 1451 1454 1808 1529; x_wconf 85' lang='lat' dir='ltr'>perpauca</span> <span class='ocrx_word' id='word_1_75' title='bbox 1840 1446 2125 1502; x_wconf 82' lang='lat' dir='ltr'>mutans</span> <span class='ocrx_word' id='word_1_76' title='bbox 2154 1430 2211 1519; x_wconf 81' lang='lat'>³,</span> <span class='ocrx_word' id='word_1_77' title='bbox 2250 1434 2372 1530; x_wconf 60' lang='lat' dir='ltr'>sed</span> <span class='ocrx_word' id='word_1_78' title='bbox 2397 1435 2543 1523; x_wconf 83' lang='lat' dir='ltr'>ita,</span> <span class='ocrx_word' id='word_1_79' title='bbox 2572 1451 2655 1507; x_wconf 92' lang='lat' dir='ltr'>ut</span> <span class='ocrx_word' id='word_1_80' title='bbox 2686 1459 2801 1523; x_wconf 84' lang='lat' dir='ltr'>ea,</span> 
     </span>
    </p>
   </div>
   <div class='ocr_carea' id='block_1_6' title="bbox 684 1599 1750 4105">
    <p class='ocr_par' dir='ltr' id='par_1_6' title="bbox 684 1599 1704 1968">
     <span class='ocr_line' id='line_1_13' title="bbox 684 1599 1702 1664; baseline -0.007 -12"><span class='ocrx_word' id='word_1_81' title='bbox 684 1600 897 1653; x_wconf 69' lang='lat' dir='ltr'>studium</span> <span class='ocrx_word' id='word_1_82' title='bbox 927 1610 1066 1649; x_wconf 78' lang='lat' dir='ltr'>notat</span> <span class='ocrx_word' id='word_1_83' title='bbox 1092 1637 1107 1661; x_wconf 82' lang='lat'><strong>,</strong></span> <span class='ocrx_word' id='word_1_84' title='bbox 1147 1615 1247 1664; x_wconf 89' lang='lat' dir='ltr'>quo</span> <span class='ocrx_word' id='word_1_85' title='bbox 1282 1599 1510 1648; x_wconf 70' lang='lat' dir='ltr'>discentia</span> <span class='ocrx_word' id='word_1_86' title='bbox 1554 1614 1702 1662; x_wconf 77' lang='lat' dir='ltr'>opera</span> 
     </span>
     <span class='ocr_line' id='line_1_14' title="bbox 684 1678 1704 1741; baseline -0.003 -12"><span class='ocrx_word' id='word_1_87' title='bbox 684 1680 993 1731; x_wconf 83' lang='lat' dir='ltr'>omnimodo</span> <span class='ocrx_word' id='word_1_88' title='bbox 1027 1680 1300 1741; x_wconf 82' lang='lat' dir='ltr'>adjuvatur.</span> <span class='ocrx_word' id='word_1_89' title='bbox 1346 1681 1420 1727; x_wconf 91' lang='lat' dir='ltr'>De</span> <span class='ocrx_word' id='word_1_90' title='bbox 1454 1678 1545 1727; x_wconf 75' lang='lat' dir='ltr'>hac</span> <span class='ocrx_word' id='word_1_91' title='bbox 1582 1693 1704 1726; x_wconf 80' lang='lat' dir='ltr'>vooe</span> 
     </span>
     <span class='ocr_line' id='line_1_15' title="bbox 684 1757 1702 1825; baseline -0.004 -17"><span class='ocrx_word' id='word_1_92' title='bbox 684 1761 861 1809; x_wconf 77' lang='lat' dir='ltr'>Lexica</span> <span class='ocrx_word' id='word_1_93' title='bbox 907 1776 1077 1825; x_wconf 83' lang='lat' dir='ltr'>pamm</span> <span class='ocrx_word' id='word_1_94' title='bbox 1124 1768 1347 1806; x_wconf 83' lang='lat' dir='ltr'>accurate</span> <span class='ocrx_word' id='word_1_95' title='bbox 1393 1757 1702 1822; x_wconf 72' lang='lat' dir='ltr'>praecipiunt.</span> 
     </span>
     <span class='ocr_line' id='line_1_16' title="bbox 684 1834 1702 1902; baseline -0.003 -15"><span class='ocrx_word' id='word_1_96' title='bbox 684 1839 891 1887; x_wconf 76' lang='lat' dir='ltr'>Meliora</span> <span class='ocrx_word' id='word_1_97' title='bbox 937 1838 1158 1902; x_wconf 76' lang='lat' dir='ltr'>quaedam</span> <span class='ocrx_word' id='word_1_98' title='bbox 1203 1835 1392 1884; x_wconf 83' lang='lat' dir='ltr'>notavit</span> <span class='ocrx_word' id='word_1_99' title='bbox 1442 1834 1702 1884; x_wconf 78' lang='lat' dir='ltr'>Mencken.</span> 
     </span>
     <span class='ocr_line' id='line_1_17' title="bbox 685 1916 1248 1968; baseline -0.012 0"><span class='ocrx_word' id='word_1_100' title='bbox 685 1917 981 1968; x_wconf 79' lang='lat' dir='ltr'>Animadvv.</span> <span class='ocrx_word' id='word_1_101' title='bbox 1017 1918 1068 1964; x_wconf 85' lang='lat' dir='ltr'>h.</span> <span class='ocrx_word' id='word_1_102' title='bbox 1098 1932 1148 1964; x_wconf 75' lang='lat' dir='ltr'>v.</span> <span class='ocrx_word' id='word_1_103' title='bbox 1185 1916 1248 1962; x_wconf 80' lang='lat' dir='ltr'>G.</span> 
     </span>
    </p>

    <p class='ocr_par' dir='ltr' id='par_1_7' title="bbox 684 1990 1708 2217">
     <span class='ocr_line' id='line_1_18' title="bbox 756 1990 1706 2059; baseline -0.007 -14"><span class='ocrx_word' id='word_1_104' title='bbox 756 2000 926 2046; x_wconf 82' lang='lat' dir='ltr'>v1.1.</span> <span class='ocrx_word' id='word_1_105' title='bbox 963 1994 1096 2059; x_wconf 77' lang='lat' dir='ltr'>Quid</span> <span class='ocrx_word' id='word_1_106' title='bbox 1118 1994 1266 2058; x_wconf 76' lang='lat' dir='ltr'>igitur</span> <span class='ocrx_word' id='word_1_107' title='bbox 1306 2003 1381 2039; x_wconf 80' lang='lat' dir='ltr'>ese</span> <span class='ocrx_word' id='word_1_108' title='bbox 1406 1996 1434 2038; x_wconf 65' lang='grc' dir='ltr'><em>Ρ</em></span> <span class='ocrx_word' id='word_1_109' title='bbox 1459 1994 1555 2039; x_wconf 86' lang='lat' dir='ltr'>Int.</span> <span class='ocrx_word' id='word_1_110' title='bbox 1584 1990 1706 2055; x_wconf 86' lang='lat' dir='ltr'>qnid</span> 
     </span>
     <span class='ocr_line' id='line_1_19' title="bbox 684 2069 1707 2141; baseline -0.01 -15"><span class='ocrx_word' id='word_1_111' title='bbox 684 2078 836 2141; x_wconf 81' lang='lat' dir='ltr'>igitur</span> <span class='ocrx_word' id='word_1_112' title='bbox 859 2087 931 2123; x_wconf 78' lang='lat' dir='ltr'>eet</span> <span class='ocrx_word' id='word_1_113' title='bbox 949 2073 1083 2139; x_wconf 87' lang='lat' dir='ltr'>quod</span> <span class='ocrx_word' id='word_1_114' title='bbox 1099 2072 1313 2138; x_wconf 74' lang='lat' dir='ltr'>probeo?</span> <span class='ocrx_word' id='word_1_115' title='bbox 1333 2070 1552 2135; x_wconf 69' lang='lat' dir='ltr'>Respicit</span> <span class='ocrx_word' id='word_1_116' title='bbox 1568 2069 1707 2117; x_wconf 84' lang='lat' dir='ltr'>Tria-</span> 
     </span>
     <span class='ocr_line' id='line_1_20' title="bbox 687 2148 1708 2217; baseline -0.009 -13"><span class='ocrx_word' id='word_1_117' title='bbox 687 2158 786 2204; x_wconf 73' lang='lat' dir='ltr'>rius</span> <span class='ocrx_word' id='word_1_118' title='bbox 822 2153 967 2202; x_wconf 70' lang='lat' dir='ltr'>finem</span> <span class='ocrx_word' id='word_1_119' title='bbox 1005 2169 1115 2217; x_wconf 82' lang='lat' dir='ltr'>cap.</span> <span class='ocrx_word' id='word_1_120' title='bbox 1134 2167 1242 2214; x_wconf 74' lang='lat' dir='ltr'>sup.</span> <span class='ocrx_word' id='word_1_121' title='bbox 1270 2150 1360 2198; x_wconf 63' lang='lat' dir='ltr'>sed</span> <span class='ocrx_word' id='word_1_122' title='bbox 1383 2150 1508 2213; x_wconf 72' lang='lat' dir='ltr'>quid</span> <span class='ocrx_word' id='word_1_123' title='bbox 1521 2148 1708 2213; x_wconf 77' lang='lat' dir='ltr'>proba-</span> 
     </span>
    </p>

    <p class='ocr_par' dir='ltr' id='par_1_8' title="bbox 794 2228 1707 2282">
     <span class='ocr_line' id='line_1_21' title="bbox 794 2228 1707 2282; baseline -0.007 0.362"><span class='ocrx_word' id='word_1_124' title='bbox 794 2231 1003 2282; x_wconf 79' lang='lat' dir='ltr'>.Nobie</span> <span class='ocrx_word' id='word_1_125' title='bbox 1049 2241 1208 2279; x_wconf 85' lang='lat' dir='ltr'>autem</span> <span class='ocrx_word' id='word_1_126' title='bbox 1264 2230 1497 2277; x_wconf 70' lang='lat' dir='ltr'>sententia</span> <span class='ocrx_word' id='word_1_127' title='bbox 1532 2228 1707 2277; x_wconf 89' lang='lat' dir='ltr'>melior</span> 
     </span>
    </p>

    <p class='ocr_par' dir='ltr' id='par_1_9' title="bbox 686 2309 1710 4105">
     <span class='ocr_line' id='line_1_22' title="bbox 686 2309 1707 2373; baseline -0.005 -12"><span class='ocrx_word' id='word_1_128' title='bbox 686 2311 955 2373; x_wconf 80' lang='lat' dir='ltr'>videretur,</span> <span class='ocrx_word' id='word_1_129' title='bbox 974 2310 1016 2358; x_wconf 82' lang='lat' dir='ltr'>ei</span> <span class='ocrx_word' id='word_1_130' title='bbox 1034 2310 1349 2357; x_wconf 72' lang='lat' dir='ltr'>eeribenetur·</span> <span class='ocrx_word' id='word_1_131' title='bbox 1336 2345 1347 2355; x_wconf 94' lang='lat'>.</span> <span class='ocrx_word' id='word_1_132' title='bbox 1367 2332 1393 2352; x_wconf 73' lang='grc' dir='ltr'><strong>α</strong></span> <span class='ocrx_word' id='word_1_133' title='bbox 1406 2309 1537 2371; x_wconf 84' lang='lat' dir='ltr'>Quid</span> <span class='ocrx_word' id='word_1_134' title='bbox 1556 2310 1707 2373; x_wconf 81' lang='lat' dir='ltr'>igitur</span> 
     </span>
     <span class='ocr_line' id='line_1_23' title="bbox 688 2387 1706 2454; baseline -0.004 -15"><span class='ocrx_word' id='word_1_135' title='bbox 688 2391 957 2454; x_wconf 79' lang='lat' dir='ltr'>eet‚inquit</span> <span class='ocrx_word' id='word_1_136' title='bbox 975 2389 1178 2453; x_wconf 85' lang='lat' dir='ltr'>(audire</span> <span class='ocrx_word' id='word_1_137' title='bbox 1198 2388 1326 2437; x_wconf 88' lang='lat' dir='ltr'>enim</span> <span class='ocrx_word' id='word_1_138' title='bbox 1345 2389 1548 2453; x_wconf 82' lang='lat' dir='ltr'>cupio),</span> <span class='ocrx_word' id='word_1_139' title='bbox 1567 2387 1706 2453; x_wconf 89' lang='lat' dir='ltr'>quod</span> 
     </span>
     <span class='ocr_line' id='line_1_24' title="bbox 689 2463 1070 2532; baseline 0.003 -16"><span class='ocrx_word' id='word_1_140' title='bbox 689 2485 790 2516; x_wconf 86' lang='lat' dir='ltr'>non</span> <span class='ocrx_word' id='word_1_141' title='bbox 809 2468 989 2532; x_wconf 78' lang='lat' dir='ltr'>probes</span> <span class='ocrx_word' id='word_1_142' title='bbox 1008 2463 1070 2517; x_wconf 71' lang='lat' dir='ltr'>P»</span> 
     </span>
     <span class='ocr_line' id='line_1_25' title="bbox 696 2544 1750 2611; baseline -0.004 -16"><span class='ocrx_word' id='word_1_143' title='bbox 696 2590 703 2595; x_wconf 87' lang='lat'>.</span> <span class='ocrx_word' id='word_1_144' title='bbox 760 2563 810 2595; x_wconf 67' lang='grc' dir='ltr'>α.</span> <span class='ocrx_word' id='word_1_145' title='bbox 848 2544 1117 2611; x_wconf 78' lang='lat' dir='ltr'>Principio.</span> <span class='ocrx_word' id='word_1_146' title='bbox 1139 2580 1152 2593; x_wconf 92' lang='lat'><strong>.</strong></span> <span class='ocrx_word' id='word_1_147' title='bbox 1175 2580 1188 2593; x_wconf 89' lang='lat'><strong>.</strong></span> <span class='ocrx_word' id='word_1_148' title='bbox 1222 2545 1431 2609; x_wconf 78' lang='lat' dir='ltr'>primum</span> <span class='ocrx_word' id='word_1_149' title='bbox 1476 2556 1605 2592; x_wconf 77' lang='lat' dir='ltr'>totus</span> <span class='ocrx_word' id='word_1_150' title='bbox 1633 2555 1750 2591; x_wconf 78' lang='lat' dir='ltr'>ese</span> 
     </span>
     <span class='ocr_line' id='line_1_26' title="bbox 689 2622 1706 2676; baseline -0.006 -1"><span class='ocrx_word' id='word_1_151' title='bbox 689 2626 892 2676; x_wconf 77' lang='lat' dir='ltr'>alienus.</span> <span class='ocrx_word' id='word_1_152' title='bbox 917 2630 1069 2676; x_wconf 78' lang='lat' dir='ltr'>Recte</span> <span class='ocrx_word' id='word_1_153' title='bbox 1089 2626 1397 2674; x_wconf 77' lang='lat' dir='ltr'>vindicarunt</span> <span class='ocrx_word' id='word_1_154' title='bbox 1422 2622 1526 2672; x_wconf 70' lang='lat' dir='ltr'>haee</span> <span class='ocrx_word' id='word_1_155' title='bbox 1547 2624 1706 2670; x_wconf 79' lang='lat' dir='ltr'>Bromi</span> 
     </span>
     <span class='ocr_line' id='line_1_27' title="bbox 689 2700 1708 2764; baseline -0.006 -10"><span class='ocrx_word' id='word_1_156' title='bbox 689 2716 740 2754; x_wconf 82' lang='lat' dir='ltr'>et</span> <span class='ocrx_word' id='word_1_157' title='bbox 764 2704 985 2754; x_wconf 66' lang='lat' dir='ltr'>Matthia</span> <span class='ocrx_word' id='word_1_158' title='bbox 1006 2715 1174 2751; x_wconf 83' lang='lat' dir='ltr'>contra</span> <span class='ocrx_word' id='word_1_159' title='bbox 1202 2703 1369 2750; x_wconf 78' lang='lat' dir='ltr'>Davie.</span> <span class='ocrx_word' id='word_1_160' title='bbox 1410 2712 1459 2749; x_wconf 84' lang='lat' dir='ltr'>et</span> <span class='ocrx_word' id='word_1_161' title='bbox 1484 2703 1599 2749; x_wconf 84' lang='lat' dir='ltr'>Em.</span> <span class='ocrx_word' id='word_1_162' title='bbox 1620 2700 1708 2764; x_wconf 85' lang='lat' dir='ltr'>qui</span> 
     </span>
     <span class='ocr_line' id='line_1_28' title="bbox 688 2778 1704 2846; baseline -0.006 -16"><span class='ocrx_word' id='word_1_163' title='bbox 688 2782 741 2831; x_wconf 84' lang='lat' dir='ltr'>in</span> <span class='ocrx_word' id='word_1_164' title='bbox 797 2799 849 2833; x_wconf 81' lang='lat' dir='ltr'>v.</span> <span class='ocrx_word' id='word_1_165' title='bbox 907 2782 1114 2846; x_wconf 78' lang='lat' dir='ltr'>primum</span> <span class='ocrx_word' id='word_1_166' title='bbox 1160 2778 1469 2828; x_wconf 82' lang='lat' dir='ltr'>offenderunt</span> <span class='ocrx_word' id='word_1_167' title='bbox 1486 2813 1500 2837; x_wconf 91' lang='lat'>,</span> <span class='ocrx_word' id='word_1_168' title='bbox 1555 2794 1704 2841; x_wconf 84' lang='lat' dir='ltr'>quum</span> 
     </span>
     <span class='ocr_line' id='line_1_29' title="bbox 689 2856 1705 2927; baseline -0.008 -17"><span class='ocrx_word' id='word_1_169' title='bbox 689 2860 931 2927; x_wconf 75' lang='lat' dir='ltr'>Prinet’pt&#39;o</span> <span class='ocrx_word' id='word_1_170' title='bbox 957 2859 1164 2924; x_wconf 72' lang='lat' dir='ltr'>praeiret.</span> <span class='ocrx_word' id='word_1_171' title='bbox 1203 2858 1329 2906; x_wconf 85' lang='lat' dir='ltr'>Nam</span> <span class='ocrx_word' id='word_1_172' title='bbox 1356 2856 1603 2921; x_wconf 63' lang='lat' dir='ltr'>Principio</span> <span class='ocrx_word' id='word_1_173' title='bbox 1629 2872 1705 2903; x_wconf 86' lang='lat' dir='ltr'>re-</span> 
     </span>
     <span class='ocr_line' id='line_1_30' title="bbox 690 2937 1710 3003; baseline -0.007 -14"><span class='ocrx_word' id='word_1_174' title='bbox 690 2941 844 2989; x_wconf 81' lang='lat' dir='ltr'>fertur</span> <span class='ocrx_word' id='word_1_175' title='bbox 882 2940 942 2987; x_wconf 83' lang='lat' dir='ltr'>ad</span> <span class='ocrx_word' id='word_1_176' title='bbox 966 2939 1166 3003; x_wconf 79' lang='lat' dir='ltr'>primam</span> <span class='ocrx_word' id='word_1_177' title='bbox 1188 2939 1427 2986; x_wconf 76' lang='lat' dir='ltr'>universae</span> <span class='ocrx_word' id='word_1_178' title='bbox 1443 2937 1589 2997; x_wconf 73' lang='lat' dir='ltr'>hujus</span> <span class='ocrx_word' id='word_1_179' title='bbox 1607 2950 1710 2983; x_wconf 77' lang='lat' dir='ltr'>ora-</span> 
     </span>
     <span class='ocr_line' id='line_1_31' title="bbox 689 3016 1707 3084; baseline -0.006 -17"><span class='ocrx_word' id='word_1_180' title='bbox 689 3020 839 3068; x_wconf 71' lang='lat' dir='ltr'>tionis</span> <span class='ocrx_word' id='word_1_181' title='bbox 873 3030 1088 3084; x_wconf 68' lang='lat' dir='ltr'>partem,</span> <span class='ocrx_word' id='word_1_182' title='bbox 1125 3034 1218 3081; x_wconf 80' lang='lat' dir='ltr'>qua</span> <span class='ocrx_word' id='word_1_183' title='bbox 1259 3017 1320 3065; x_wconf 89' lang='lat' dir='ltr'>de</span> <span class='ocrx_word' id='word_1_184' title='bbox 1350 3017 1548 3080; x_wconf 82' lang='lat' dir='ltr'>Epicuri</span> <span class='ocrx_word' id='word_1_185' title='bbox 1574 3016 1707 3079; x_wconf 79' lang='lat' dir='ltr'>phy·</span> 
     </span>
     <span class='ocr_line' id='line_1_32' title="bbox 689 3097 1708 3163; baseline -0.007 -16"><span class='ocrx_word' id='word_1_186' title='bbox 689 3099 802 3147; x_wconf 75' lang='lat' dir='ltr'>eicie</span> <span class='ocrx_word' id='word_1_187' title='bbox 817 3100 991 3163; x_wconf 80' lang='lat' dir='ltr'>agitur.</span> <span class='ocrx_word' id='word_1_188' title='bbox 1017 3097 1229 3147; x_wconf 79' lang='lat' dir='ltr'>Pn&#39;meem</span> <span class='ocrx_word' id='word_1_189' title='bbox 1239 3108 1396 3145; x_wconf 83' lang='lat' dir='ltr'>autem</span> <span class='ocrx_word' id='word_1_190' title='bbox 1412 3105 1594 3162; x_wconf 78' lang='lat' dir='ltr'>partem</span> <span class='ocrx_word' id='word_1_191' title='bbox 1605 3110 1708 3157; x_wconf 80' lang='lat' dir='ltr'>par·</span> 
     </span>
     <span class='ocr_line' id='line_1_33' title="bbox 688 3175 1708 3241; baseline -0.004 -15"><span class='ocrx_word' id='word_1_192' title='bbox 688 3180 754 3226; x_wconf 78' lang='lat' dir='ltr'>tie</span> <span class='ocrx_word' id='word_1_193' title='bbox 771 3179 914 3239; x_wconf 81' lang='lat' dir='ltr'>hujus</span> <span class='ocrx_word' id='word_1_194' title='bbox 930 3180 1150 3227; x_wconf 81' lang='lat' dir='ltr'>continet</span> <span class='ocrx_word' id='word_1_195' title='bbox 1169 3212 1184 3237; x_wconf 88' lang='lat'>,</span> <span class='ocrx_word' id='word_1_196' title='bbox 1208 3194 1302 3241; x_wconf 86' lang='lat' dir='ltr'>qua</span> <span class='ocrx_word' id='word_1_197' title='bbox 1324 3178 1376 3225; x_wconf 85' lang='lat' dir='ltr'>in</span> <span class='ocrx_word' id='word_1_198' title='bbox 1392 3177 1470 3224; x_wconf 81' lang='lat' dir='ltr'>hie</span> <span class='ocrx_word' id='word_1_199' title='bbox 1490 3175 1708 3241; x_wconf 70' lang='lat' dir='ltr'>physicis</span> 
     </span>
     <span class='ocr_line' id='line_1_34' title="bbox 690 3254 1704 3321; baseline -0.002 -16"><span class='ocrx_word' id='word_1_200' title='bbox 690 3257 782 3305; x_wconf 71' lang='lat' dir='ltr'>iate</span> <span class='ocrx_word' id='word_1_201' title='bbox 815 3267 948 3305; x_wconf 73' lang='lat' dir='ltr'>totns</span> <span class='ocrx_word' id='word_1_202' title='bbox 991 3257 1052 3304; x_wconf 80' lang='lat' dir='ltr'>ab</span> <span class='ocrx_word' id='word_1_203' title='bbox 1106 3257 1211 3304; x_wconf 74' lang='lat' dir='ltr'>allis</span> <span class='ocrx_word' id='word_1_204' title='bbox 1246 3255 1460 3321; x_wconf 84' lang='lat' dir='ltr'>pendere</span> <span class='ocrx_word' id='word_1_205' title='bbox 1509 3254 1704 3303; x_wconf 85' lang='lat' dir='ltr'>dieitur.</span> 
     </span>
     <span class='ocr_line' id='line_1_35' title="bbox 691 3334 1704 3400; baseline -0.002 -17"><span class='ocrx_word' id='word_1_206' title='bbox 691 3337 821 3400; x_wconf 78' lang='lat' dir='ltr'>Apte</span> <span class='ocrx_word' id='word_1_207' title='bbox 841 3334 1008 3382; x_wconf 77' lang='lat' dir='ltr'>laudat</span> <span class='ocrx_word' id='word_1_208' title='bbox 1030 3335 1188 3383; x_wconf 85' lang='lat' dir='ltr'>Bremi</span> <span class='ocrx_word' id='word_1_209' title='bbox 1214 3337 1350 3384; x_wconf 83' lang='lat' dir='ltr'>Orat.</span> <span class='ocrx_word' id='word_1_210' title='bbox 1371 3337 1424 3394; x_wconf 91' lang='lat'>1,</span> <span class='ocrx_word' id='word_1_211' title='bbox 1449 3335 1507 3382; x_wconf 82' lang='lat'>31</span> <span class='ocrx_word' id='word_1_212' title='bbox 1531 3369 1546 3391; x_wconf 88' lang='lat'>‚</span> <span class='ocrx_word' id='word_1_213' title='bbox 1585 3334 1704 3393; x_wconf 78' lang='lat'>137,</span> 
     </span>
     <span class='ocr_line' id='line_1_36' title="bbox 692 3411 1708 3476; baseline -0.002 -15"><span class='ocrx_word' id='word_1_214' title='bbox 692 3413 778 3461; x_wconf 87' lang='lat' dir='ltr'>ubi</span> <span class='ocrx_word' id='word_1_215' title='bbox 802 3412 973 3461; x_wconf 85' lang='lat' dir='ltr'>eodem</span> <span class='ocrx_word' id='word_1_216' title='bbox 998 3411 1147 3460; x_wconf 88' lang='lat' dir='ltr'>modo</span> <span class='ocrx_word' id='word_1_217' title='bbox 1160 3413 1398 3476; x_wconf 76' lang='lat' dir='ltr'>principio</span> <span class='ocrx_word' id='word_1_218' title='bbox 1426 3424 1474 3461; x_wconf 87' lang='lat' dir='ltr'>et</span> <span class='ocrx_word' id='word_1_219' title='bbox 1492 3414 1708 3476; x_wconf 79' lang='lat' dir='ltr'>primum</span> 
     </span>
     <span class='ocr_line' id='line_1_37' title="bbox 692 3491 1709 3554; baseline -0.001 -14"><span class='ocrx_word' id='word_1_220' title='bbox 692 3508 744 3540; x_wconf 76' lang='lat' dir='ltr'>ee</span> <span class='ocrx_word' id='word_1_221' title='bbox 762 3491 1034 3554; x_wconf 80' lang='lat' dir='ltr'>excipiunt.</span> <span class='ocrx_word' id='word_1_222' title='bbox 1063 3493 1223 3554; x_wconf 80' lang='lat' dir='ltr'>Atque</span> <span class='ocrx_word' id='word_1_223' title='bbox 1259 3492 1373 3540; x_wconf 87' lang='lat' dir='ltr'>iude</span> <span class='ocrx_word' id='word_1_224' title='bbox 1395 3492 1519 3539; x_wconf 79' lang='lat' dir='ltr'>forte</span> <span class='ocrx_word' id='word_1_225' title='bbox 1539 3492 1709 3540; x_wconf 85' lang='lat' dir='ltr'>defen-</span> 
     </span>
     <span class='ocr_line' id='line_1_38' title="bbox 692 3568 1708 3634; baseline 0.001 -16"><span class='ocrx_word' id='word_1_226' title='bbox 692 3570 975 3618; x_wconf 74' lang='lat' dir='ltr'>ditur-etiam</span> <span class='ocrx_word' id='word_1_227' title='bbox 992 3568 1241 3621; x_wconf 65' lang='lat' dir='ltr'>Sosicratis</span> <span class='ocrx_word' id='word_1_228' title='bbox 1254 3570 1391 3618; x_wconf 79' lang='lat' dir='ltr'>locus</span> <span class='ocrx_word' id='word_1_229' title='bbox 1408 3570 1539 3634; x_wconf 82' lang='lat' dir='ltr'>apud</span> <span class='ocrx_word' id='word_1_230' title='bbox 1555 3570 1708 3619; x_wconf 81' lang='lat' dir='ltr'>Rutil.</span> 
     </span>
     <span class='ocr_line' id='line_1_39' title="bbox 692 3644 1707 3705; baseline 0.002 -12"><span class='ocrx_word' id='word_1_231' title='bbox 692 3649 715 3693; x_wconf 92' lang='lat'>1</span> <span class='ocrx_word' id='word_1_232' title='bbox 732 3681 747 3703; x_wconf 83' lang='lat'>‚</span> <span class='ocrx_word' id='word_1_233' title='bbox 788 3649 817 3695; x_wconf 85' lang='lat'><strong>8</strong></span> <span class='ocrx_word' id='word_1_234' title='bbox 839 3681 854 3705; x_wconf 93' lang='lat'>‚</span> <span class='ocrx_word' id='word_1_235' title='bbox 904 3669 929 3688; x_wconf 73' lang='grc' dir='ltr'><strong>α</strong></span> <span class='ocrx_word' id='word_1_236' title='bbox 951 3645 1037 3694; x_wconf 74' lang='lat' dir='ltr'>sed</span> <span class='ocrx_word' id='word_1_237' title='bbox 1064 3646 1206 3693; x_wconf 87' lang='lat' dir='ltr'>initio</span> <span class='ocrx_word' id='word_1_238' title='bbox 1241 3647 1303 3694; x_wconf 81' lang='lat' dir='ltr'>ad</span> <span class='ocrx_word' id='word_1_239' title='bbox 1330 3644 1514 3694; x_wconf 87' lang='lat' dir='ltr'>bellum</span> <span class='ocrx_word' id='word_1_240' title='bbox 1552 3649 1707 3695; x_wconf 80' lang='lat' dir='ltr'>eaeci—</span> 
     </span>
     <span class='ocr_line' id='line_1_40' title="bbox 691 3725 1708 3791; baseline 0.001 -19"><span class='ocrx_word' id='word_1_241' title='bbox 691 3726 926 3789; x_wconf 84' lang='lat' dir='ltr'>pieudum</span> <span class='ocrx_word' id='word_1_242' title='bbox 948 3740 1040 3773; x_wconf 77' lang='lat' dir='ltr'>noe</span> <span class='ocrx_word' id='word_1_243' title='bbox 1062 3725 1268 3788; x_wconf 84' lang='lat' dir='ltr'>primum</span> <span class='ocrx_word' id='word_1_244' title='bbox 1289 3726 1483 3791; x_wconf 82' lang='lat' dir='ltr'>impulit</span> <span class='ocrx_word' id='word_1_245' title='bbox 1520 3726 1708 3790; x_wconf 84' lang='lat' dir='ltr'>Philip-</span> 
     </span>
     <span class='ocr_line' id='line_1_41' title="bbox 691 3803 1706 3869; baseline 0.003 -19"><span class='ocrx_word' id='word_1_246' title='bbox 691 3820 784 3868; x_wconf 73' lang='lat' dir='ltr'>pus</span> <span class='ocrx_word' id='word_1_247' title='bbox 806 3825 849 3853; x_wconf 73' lang='grc' dir='ltr'>ιι.</span> <span class='ocrx_word' id='word_1_248' title='bbox 877 3804 1043 3852; x_wconf 85' lang='lat' dir='ltr'>Nolim</span> <span class='ocrx_word' id='word_1_249' title='bbox 1068 3803 1248 3866; x_wconf 78' lang='lat' dir='ltr'>igitur,</span> <span class='ocrx_word' id='word_1_250' title='bbox 1273 3806 1324 3851; x_wconf 90' lang='lat' dir='ltr'>in</span> <span class='ocrx_word' id='word_1_251' title='bbox 1354 3804 1522 3869; x_wconf 71' lang='lat' dir='ltr'>primis</span> <span class='ocrx_word' id='word_1_252' title='bbox 1540 3805 1592 3853; x_wconf 88' lang='lat' dir='ltr'>in</span> <span class='ocrx_word' id='word_1_253' title='bbox 1611 3817 1706 3853; x_wconf 74' lang='lat' dir='ltr'>tam</span> 
     </span>
     <span class='ocr_line' id='line_1_42' title="bbox 692 3881 1706 3947; baseline 0.002 -17"><span class='ocrx_word' id='word_1_254' title='bbox 692 3881 910 3947; x_wconf 79' lang='lat' dir='ltr'>abruptis</span> <span class='ocrx_word' id='word_1_255' title='bbox 942 3897 969 3929; x_wconf 85' lang='lat' dir='ltr'>a</span> <span class='ocrx_word' id='word_1_256' title='bbox 1008 3882 1197 3946; x_wconf 83' lang='lat' dir='ltr'>reliquo</span> <span class='ocrx_word' id='word_1_257' title='bbox 1233 3895 1466 3931; x_wconf 80' lang='lat' dir='ltr'>contextu</span> <span class='ocrx_word' id='word_1_258' title='bbox 1515 3884 1706 3941; x_wconf 70' lang='lat' dir='ltr'>verbis,</span> 
     </span>
     <span class='ocr_line' id='line_1_43' title="bbox 691 3962 1707 4028; baseline 0.001 -17"><span class='ocrx_word' id='word_1_259' title='bbox 691 3978 803 4011; x_wconf 84' lang='lat' dir='ltr'>cum</span> <span class='ocrx_word' id='word_1_260' title='bbox 852 3962 1047 4010; x_wconf 81' lang='lat' dir='ltr'>Ruhnk.</span> <span class='ocrx_word' id='word_1_261' title='bbox 1083 3965 1302 4027; x_wconf 74' lang='lat' dir='ltr'>quamvis</span> <span class='ocrx_word' id='word_1_262' title='bbox 1329 3964 1603 4028; x_wconf 74' lang='lat' dir='ltr'>ingeniose,</span> <span class='ocrx_word' id='word_1_263' title='bbox 1631 3963 1707 4012; x_wconf 76' lang='grc' dir='ltr'>ἰη-</span> 
     </span>
     <span class='ocr_line' id='line_1_44' title="bbox 693 4042 1107 4105; baseline -0.002 -15"><span class='ocrx_word' id='word_1_264' title='bbox 693 4042 809 4090; x_wconf 68' lang='lat' dir='ltr'>vitos</span> <span class='ocrx_word' id='word_1_265' title='bbox 826 4042 1019 4105; x_wconf 79' lang='lat' dir='ltr'>corrigi.</span> <span class='ocrx_word' id='word_1_266' title='bbox 1047 4044 1107 4089; x_wconf 86' lang='lat' dir='ltr'>G.</span> 
     </span>
    </p>
   </div>
   <div class='ocr_carea' id='block_1_7' title="bbox 1782 1598 2810 3088">
    <p class='ocr_par' dir='ltr' id='par_1_10' title="bbox 1782 1598 2810 3088">
     <span class='ocr_line' id='line_1_45' title="bbox 1863 1598 2810 1667; baseline 0.004 -20"><span class='ocrx_word' id='word_1_267' title='bbox 1863 1600 1913 1648; x_wconf 81' lang='lat'>3.</span> <span class='ocrx_word' id='word_1_268' title='bbox 1935 1598 2203 1648; x_wconf 63' lang='lat' dir='ltr'>Democrito</span> <span class='ocrx_word' id='word_1_269' title='bbox 2229 1599 2675 1667; x_wconf 52' lang='lat' dir='ltr'>afficitfflerpauea</span> <span class='ocrx_word' id='word_1_270' title='bbox 2700 1619 2810 1650; x_wconf 76' lang='lat' dir='ltr'>mu-</span> 
     </span>
     <span class='ocr_line' id='line_1_46' title="bbox 1789 1679 2804 1744; baseline 0.005 -18"><span class='ocrx_word' id='word_1_271' title='bbox 1789 1689 1917 1727; x_wconf 76' lang='lat' dir='ltr'><em>tans.</em></span> <span class='ocrx_word' id='word_1_272' title='bbox 1947 1681 2082 1728; x_wconf 85' lang='lat' dir='ltr'>Goer.</span> <span class='ocrx_word' id='word_1_273' title='bbox 2104 1679 2272 1728; x_wconf 70' lang='lat' dir='ltr'>scribit</span> <span class='ocrx_word' id='word_1_274' title='bbox 2294 1697 2307 1729; x_wconf 74' lang='grc' dir='ltr'><strong><em>ε</em></strong></span> <span class='ocrx_word' id='word_1_275' title='bbox 2341 1702 2364 1723; x_wconf 72' lang='grc' dir='ltr'>ι</span> <span class='ocrx_word' id='word_1_276' title='bbox 2391 1683 2616 1730; x_wconf 83' lang='lat' dir='ltr'>Democr.</span> <span class='ocrx_word' id='word_1_277' title='bbox 2636 1682 2804 1744; x_wconf 73' lang='lat' dir='ltr'>adiicit</span> 
     </span>
     <span class='ocr_line' id='line_1_47' title="bbox 1788 1761 2804 1822; baseline 0.005 -17"><span class='ocrx_word' id='word_1_278' title='bbox 1788 1773 2026 1822; x_wconf 79' lang='lat' dir='ltr'>perpauca</span> <span class='ocrx_word' id='word_1_279' title='bbox 2056 1792 2071 1816; x_wconf 92' lang='lat'>‚</span> <span class='ocrx_word' id='word_1_280' title='bbox 2115 1770 2307 1807; x_wconf 74' lang='lat' dir='ltr'>mutans</span> <span class='ocrx_word' id='word_1_281' title='bbox 2328 1794 2344 1818; x_wconf 93' lang='lat'>‚</span> <span class='ocrx_word' id='word_1_282' title='bbox 2402 1772 2497 1809; x_wconf 86' lang='lat' dir='ltr'>ete.</span> <span class='ocrx_word' id='word_1_283' title='bbox 2515 1781 2537 1803; x_wconf 72' lang='grc' dir='ltr'><strong>ι</strong></span> <span class='ocrx_word' id='word_1_284' title='bbox 2562 1788 2633 1798; x_wconf 89' lang='grc'><strong>-</strong></span> <span class='ocrx_word' id='word_1_285' title='bbox 2651 1761 2804 1811; x_wconf 69' lang='lat' dir='ltr'>Parti·</span> 
     </span>
     <span class='ocr_line' id='line_1_48' title="bbox 1789 1836 2806 1902; baseline 0.006 -20"><span class='ocrx_word' id='word_1_286' title='bbox 1789 1846 1949 1899; x_wconf 69' lang='lat' dir='ltr'>partes</span> <span class='ocrx_word' id='word_1_287' title='bbox 1984 1836 2111 1886; x_wconf 67' lang='lat' dir='ltr'>bina</span> <span class='ocrx_word' id='word_1_288' title='bbox 2147 1848 2297 1898; x_wconf 78' lang='lat' dir='ltr'>eunt,</span> <span class='ocrx_word' id='word_1_289' title='bbox 2340 1839 2540 1902; x_wconf 86' lang='lat' dir='ltr'>inquit:</span> <span class='ocrx_word' id='word_1_290' title='bbox 2584 1836 2638 1887; x_wconf 79' lang='lat'>1⁰</span> <span class='ocrx_word' id='word_1_291' title='bbox 2671 1851 2806 1888; x_wconf 69' lang='lat' dir='ltr'>totus</span> 
     </span>
     <span class='ocr_line' id='line_1_49' title="bbox 1788 1913 2805 1982; baseline 0.007 -22"><span class='ocrx_word' id='word_1_292' title='bbox 1788 1913 1974 1961; x_wconf 69' lang='lat' dir='ltr'>alienus</span> <span class='ocrx_word' id='word_1_293' title='bbox 1991 1925 2062 1962; x_wconf 74' lang='lat' dir='ltr'>eet</span> <span class='ocrx_word' id='word_1_294' title='bbox 2093 1929 2107 1964; x_wconf 89' lang='lat'>:</span> <span class='ocrx_word' id='word_1_295' title='bbox 2140 1917 2206 1964; x_wconf 79' lang='lat' dir='ltr'>ita</span> <span class='ocrx_word' id='word_1_296' title='bbox 2234 1915 2428 1980; x_wconf 86' lang='lat' dir='ltr'>quidem</span> <span class='ocrx_word' id='word_1_297' title='bbox 2443 1951 2461 1977; x_wconf 89' lang='lat'>‚</span> <span class='ocrx_word' id='word_1_298' title='bbox 2494 1929 2552 1967; x_wconf 89' lang='lat' dir='ltr'>ut</span> <span class='ocrx_word' id='word_1_299' title='bbox 2569 1934 2678 1982; x_wconf 69' lang='lat' dir='ltr'>que</span> <span class='ocrx_word' id='word_1_300' title='bbox 2695 1935 2805 1967; x_wconf 84' lang='lat' dir='ltr'>eor-</span> 
     </span>
     <span class='ocr_line' id='line_1_50' title="bbox 1792 1991 2804 2055; baseline 0.007 -16"><span class='ocrx_word' id='word_1_301' title='bbox 1792 1991 1994 2055; x_wconf 83' lang='lat' dir='ltr'>rigendo</span> <span class='ocrx_word' id='word_1_302' title='bbox 2029 1992 2208 2040; x_wconf 88' lang='lat' dir='ltr'>addere</span> <span class='ocrx_word' id='word_1_303' title='bbox 2242 1995 2524 2044; x_wconf 82' lang='lat' dir='ltr'>Democrito</span> <span class='ocrx_word' id='word_1_304' title='bbox 2564 2008 2767 2046; x_wconf 84' lang='lat' dir='ltr'>conetur</span> <span class='ocrx_word' id='word_1_305' title='bbox 2788 2032 2804 2055; x_wconf 80' lang='lat'>‚</span> 
     </span>
     <span class='ocr_line' id='line_1_51' title="bbox 1792 2070 2806 2143; baseline 0.008 -25"><span class='ocrx_word' id='word_1_306' title='bbox 1792 2070 2025 2136; x_wconf 80' lang='lat' dir='ltr'>depravet</span> <span class='ocrx_word' id='word_1_307' title='bbox 2045 2089 2060 2131; x_wconf 72' lang='grc' dir='ltr'><strong>ς</strong></span> <span class='ocrx_word' id='word_1_308' title='bbox 2088 2071 2143 2120; x_wconf 82' lang='lat'>2⁰</span> <span class='ocrx_word' id='word_1_309' title='bbox 2160 2076 2210 2121; x_wconf 91' lang='lat' dir='ltr'>in</span> <span class='ocrx_word' id='word_1_310' title='bbox 2226 2074 2401 2137; x_wconf 79' lang='lat' dir='ltr'>quibus</span> <span class='ocrx_word' id='word_1_311' title='bbox 2424 2078 2555 2125; x_wconf 85' lang='lat' dir='ltr'>hunc</span> <span class='ocrx_word' id='word_1_312' title='bbox 2572 2081 2806 2143; x_wconf 73' lang='lat' dir='ltr'>sequitur,</span> 
     </span>
     <span class='ocr_line' id='line_1_52' title="bbox 1792 2151 2807 2222; baseline 0.009 -24"><span class='ocrx_word' id='word_1_313' title='bbox 1792 2166 1894 2199; x_wconf 86' lang='lat' dir='ltr'>non</span> <span class='ocrx_word' id='word_1_314' title='bbox 1931 2152 2028 2200; x_wconf 80' lang='lat' dir='ltr'>fere</span> <span class='ocrx_word' id='word_1_315' title='bbox 2081 2151 2289 2211; x_wconf 76' lang='lat' dir='ltr'>labitur,</span> <span class='ocrx_word' id='word_1_316' title='bbox 2325 2153 2356 2219; x_wconf 78' lang='lat' dir='ltr'>S</span> <span class='ocrx_word' id='word_1_317' title='bbox 2394 2159 2473 2204; x_wconf 75' lang='lat'>18.</span> <span class='ocrx_word' id='word_1_318' title='bbox 2515 2158 2807 2222; x_wconf 80' lang='lat' dir='ltr'>Intelligitur</span> 
     </span>
     <span class='ocr_line' id='line_1_53' title="bbox 1792 2230 2805 2300; baseline 0.008 -22"><span class='ocrx_word' id='word_1_319' title='bbox 1792 2230 1906 2279; x_wconf 85' lang='lat' dir='ltr'>inde</span> <span class='ocrx_word' id='word_1_320' title='bbox 1926 2231 2023 2280; x_wconf 87' lang='lat' dir='ltr'>hoc</span> <span class='ocrx_word' id='word_1_321' title='bbox 2046 2247 2061 2282; x_wconf 92' lang='lat'><strong>:</strong></span> <span class='ocrx_word' id='word_1_322' title='bbox 2082 2234 2150 2281; x_wconf 74' lang='lat' dir='ltr'>ite</span> <span class='ocrx_word' id='word_1_323' title='bbox 2176 2232 2232 2293; x_wconf 34' lang='lat' dir='ltr'>la..</span> <span class='ocrx_word' id='word_1_324' title='bbox 2259 2233 2293 2282; x_wconf 87' lang='lat'>1.</span> <span class='ocrx_word' id='word_1_325' title='bbox 2314 2236 2528 2297; x_wconf 76' lang='lat' dir='ltr'>primum</span> <span class='ocrx_word' id='word_1_326' title='bbox 2562 2238 2684 2300; x_wconf 84' lang='lat' dir='ltr'>poni</span> <span class='ocrx_word' id='word_1_327' title='bbox 2704 2272 2719 2296; x_wconf 91' lang='lat'>,</span> <span class='ocrx_word' id='word_1_328' title='bbox 2750 2247 2805 2285; x_wconf 90' lang='lat' dir='ltr'>ut</span> 
     </span>
     <span class='ocr_line' id='line_1_54' title="bbox 1792 2310 2805 2378; baseline 0.005 -21"><span class='ocrx_word' id='word_1_329' title='bbox 1792 2325 1883 2374; x_wconf 84' lang='lat' dir='ltr'>pro</span> <span class='ocrx_word' id='word_1_330' title='bbox 1898 2310 2101 2370; x_wconf 78' lang='lat' dir='ltr'>deinde,</span> <span class='ocrx_word' id='word_1_331' title='bbox 2119 2324 2278 2360; x_wconf 80' lang='lat' dir='ltr'>autem</span> <span class='ocrx_word' id='word_1_332' title='bbox 2296 2312 2497 2378; x_wconf 80' lang='lat' dir='ltr'>legatur.</span> <span class='ocrx_word' id='word_1_333' title='bbox 2507 2318 2658 2364; x_wconf 80' lang='lat' dir='ltr'>Recte</span> <span class='ocrx_word' id='word_1_334' title='bbox 2675 2317 2805 2363; x_wconf 85' lang='lat' dir='ltr'>enim</span> 
     </span>
     <span class='ocr_line' id='line_1_55' title="bbox 1791 2391 2808 2456; baseline 0.003 -19"><span class='ocrx_word' id='word_1_335' title='bbox 1791 2391 1902 2440; x_wconf 74' lang='lat' dir='ltr'>W.</span> <span class='ocrx_word' id='word_1_336' title='bbox 1934 2392 2043 2438; x_wconf 91' lang='lat' dir='ltr'>DD.</span> <span class='ocrx_word' id='word_1_337' title='bbox 2076 2393 2251 2454; x_wconf 69' lang='lat' dir='ltr'>passim</span> <span class='ocrx_word' id='word_1_338' title='bbox 2282 2391 2586 2450; x_wconf 77' lang='lat' dir='ltr'>docuerunt,</span> <span class='ocrx_word' id='word_1_339' title='bbox 2632 2394 2808 2456; x_wconf 76' lang='lat' dir='ltr'>eoepina</span> 
     </span>
     <span class='ocr_line' id='line_1_56' title="bbox 1782 2468 2807 2533; baseline 0.004 -19"><span class='ocrx_word' id='word_1_340' title='bbox 1782 2468 1998 2532; x_wconf 79' lang='lat' dir='ltr'>primum</span> <span class='ocrx_word' id='word_1_341' title='bbox 2019 2468 2143 2529; x_wconf 85' lang='lat' dir='ltr'>dici,</span> <span class='ocrx_word' id='word_1_342' title='bbox 2166 2468 2345 2517; x_wconf 76' lang='lat' dir='ltr'>deinde</span> <span class='ocrx_word' id='word_1_343' title='bbox 2361 2484 2461 2516; x_wconf 90' lang='lat' dir='ltr'>non</span> <span class='ocrx_word' id='word_1_344' title='bbox 2479 2481 2736 2533; x_wconf 72' lang='lat' dir='ltr'>sequente3</span> <span class='ocrx_word' id='word_1_345' title='bbox 2763 2473 2807 2518; x_wconf 81' lang='lat' dir='ltr'>ei</span> 
     </span>
     <span class='ocr_line' id='line_1_57' title="bbox 1791 2547 2805 2613; baseline 0.004 -19"><span class='ocrx_word' id='word_1_346' title='bbox 1791 2547 1844 2594; x_wconf 89' lang='lat' dir='ltr'>id</span> <span class='ocrx_word' id='word_1_347' title='bbox 1861 2547 2003 2595; x_wconf 74' lang='lat' dir='ltr'>simul</span> <span class='ocrx_word' id='word_1_348' title='bbox 2033 2558 2224 2605; x_wconf 80' lang='lat' dir='ltr'>teneas,</span> <span class='ocrx_word' id='word_1_349' title='bbox 2248 2548 2532 2613; x_wconf 84' lang='lat' dir='ltr'>particulam</span> <span class='ocrx_word' id='word_1_350' title='bbox 2548 2550 2674 2598; x_wconf 79' lang='lat' dir='ltr'>hanc</span> <span class='ocrx_word' id='word_1_351' title='bbox 2700 2560 2805 2598; x_wconf 86' lang='lat' dir='ltr'>tum</span> 
     </span>
     <span class='ocr_line' id='line_1_58' title="bbox 1792 2626 2808 2691; baseline 0.007 -19"><span class='ocrx_word' id='word_1_352' title='bbox 1792 2626 1890 2673; x_wconf 82' lang='lat' dir='ltr'>fere</span> <span class='ocrx_word' id='word_1_353' title='bbox 1913 2626 2003 2673; x_wconf 84' lang='lat' dir='ltr'>alia</span> <span class='ocrx_word' id='word_1_354' title='bbox 2025 2626 2183 2690; x_wconf 84' lang='lat' dir='ltr'>aliqua</span> <span class='ocrx_word' id='word_1_355' title='bbox 2211 2629 2526 2691; x_wconf 81' lang='lat' dir='ltr'>compensari.</span> <span class='ocrx_word' id='word_1_356' title='bbox 2561 2632 2633 2678; x_wconf 84' lang='lat' dir='ltr'>Ita</span> <span class='ocrx_word' id='word_1_357' title='bbox 2660 2630 2808 2678; x_wconf 75' lang='lat' dir='ltr'>etiam</span> 
     </span>
     <span class='ocr_line' id='line_1_59' title="bbox 1794 2707 2809 2771; baseline 0.003 -18"><span class='ocrx_word' id='word_1_358' title='bbox 1794 2707 1930 2753; x_wconf 86' lang='lat' dir='ltr'>Orat.</span> <span class='ocrx_word' id='word_1_359' title='bbox 1952 2707 2004 2763; x_wconf 92' lang='lat'>1,</span> <span class='ocrx_word' id='word_1_360' title='bbox 2027 2713 2111 2762; x_wconf 74' lang='lat'>104,</span> <span class='ocrx_word' id='word_1_361' title='bbox 2141 2721 2255 2767; x_wconf 82' lang='lat'><strong>197.</strong></span> <span class='ocrx_word' id='word_1_362' title='bbox 2277 2707 2610 2770; x_wconf 71' lang='lat' dir='ltr'>Quide‘Tuec.</span> <span class='ocrx_word' id='word_1_363' title='bbox 2629 2711 2652 2755; x_wconf 84' lang='lat'>1</span> <span class='ocrx_word' id='word_1_364' title='bbox 2669 2742 2683 2767; x_wconf 87' lang='lat'>,</span> <span class='ocrx_word' id='word_1_365' title='bbox 2707 2716 2773 2765; x_wconf 68' lang='lat'>24</span> <span class='ocrx_word' id='word_1_366' title='bbox 2791 2744 2809 2771; x_wconf 81' lang='lat'>,</span> 
     </span>
     <span class='ocr_line' id='line_1_60' title="bbox 1796 2780 2807 2856; baseline 0.002 -22"><span class='ocrx_word' id='word_1_367' title='bbox 1796 2780 1996 2844; x_wconf 81' lang='lat'><strong>57-61</strong></span> <span class='ocrx_word' id='word_1_368' title='bbox 2017 2818 2030 2842; x_wconf 89' lang='lat'><strong>,</strong></span> <span class='ocrx_word' id='word_1_369' title='bbox 2054 2783 2385 2856; x_wconf 69' lang='lat' dir='ltr'>subsequitur,</span> <span class='ocrx_word' id='word_1_370' title='bbox 2406 2798 2498 2835; x_wconf 84' lang='lat' dir='ltr'>etc.</span> <span class='ocrx_word' id='word_1_371' title='bbox 2527 2789 2705 2835; x_wconf 75' lang='lat' dir='ltr'>Autem</span> <span class='ocrx_word' id='word_1_372' title='bbox 2722 2803 2807 2836; x_wconf 88' lang='lat' dir='ltr'>eo·</span> 
     </span>
     <span class='ocr_line' id='line_1_61' title="bbox 1794 2862 2808 2927; baseline 0.007 -18"><span class='ocrx_word' id='word_1_373' title='bbox 1794 2862 1904 2910; x_wconf 83' lang='lat' dir='ltr'>dem</span> <span class='ocrx_word' id='word_1_374' title='bbox 1952 2863 2102 2911; x_wconf 84' lang='lat' dir='ltr'>modo</span> <span class='ocrx_word' id='word_1_375' title='bbox 2147 2864 2363 2913; x_wconf 74' lang='lat' dir='ltr'>succedit</span> <span class='ocrx_word' id='word_1_376' title='bbox 2408 2866 2508 2914; x_wconf 77' lang='lat' dir='ltr'>Off.</span> <span class='ocrx_word' id='word_1_377' title='bbox 2540 2869 2592 2927; x_wconf 85' lang='lat'>1,</span> <span class='ocrx_word' id='word_1_378' title='bbox 2629 2876 2689 2924; x_wconf 62' lang='grc' dir='ltr'>ιι</span> <span class='ocrx_word' id='word_1_379' title='bbox 2706 2901 2720 2926; x_wconf 86' lang='grc'><em>,</em></span> <span class='ocrx_word' id='word_1_380' title='bbox 2759 2882 2808 2927; x_wconf 81' lang='lat'>7.</span> 
     </span>
     <span class='ocr_line' id='line_1_62' title="bbox 1793 2941 2807 3011; baseline 0.003 -21"><span class='ocrx_word' id='word_1_381' title='bbox 1793 2941 2014 2990; x_wconf 87' lang='lat' dir='ltr'>Ceterum</span> <span class='ocrx_word' id='word_1_382' title='bbox 2034 2943 2153 2991; x_wconf 86' lang='lat' dir='ltr'>mire</span> <span class='ocrx_word' id='word_1_383' title='bbox 2171 2944 2220 2990; x_wconf 88' lang='lat' dir='ltr'>in</span> <span class='ocrx_word' id='word_1_384' title='bbox 2244 2944 2392 2992; x_wconf 82' lang='lat' dir='ltr'>verbo</span> <span class='ocrx_word' id='word_1_385' title='bbox 2420 2944 2589 3011; x_wconf 57' lang='lat' dir='ltr'>adjicit</span> <span class='ocrx_word' id='word_1_386' title='bbox 2602 2946 2807 3011; x_wconf 73' lang='lat' dir='ltr'>argutati</span> 
     </span>
     <span class='ocr_line' id='line_1_63' title="bbox 1793 3023 2809 3088; baseline 0.006 -21"><span class='ocrx_word' id='word_1_387' title='bbox 1793 3031 1922 3069; x_wconf 79' lang='lat' dir='ltr'>eunt.</span> <span class='ocrx_word' id='word_1_388' title='bbox 1940 3023 2102 3083; x_wconf 87' lang='lat' dir='ltr'>Quum</span> <span class='ocrx_word' id='word_1_389' title='bbox 2129 3024 2256 3071; x_wconf 87' lang='lat' dir='ltr'>enim</span> <span class='ocrx_word' id='word_1_390' title='bbox 2290 3023 2523 3087; x_wconf 80' lang='lat' dir='ltr'>virgulam</span> <span class='ocrx_word' id='word_1_391' title='bbox 2562 3034 2674 3072; x_wconf 88' lang='lat' dir='ltr'>ante</span> <span class='ocrx_word' id='word_1_392' title='bbox 2698 3040 2809 3088; x_wconf 78' lang='lat' dir='ltr'>per·</span> 
     </span>
    </p>
   </div>
   <div class='ocr_carea' id='block_1_8' title="bbox 1789 3103 2874 3166">
    <p class='ocr_par' dir='ltr' id='par_1_11' title="bbox 1789 3103 2874 3166">
     <span class='ocr_line' id='line_1_64' title="bbox 1789 3103 2874 3166; baseline 0.008 -21"><span class='ocrx_word' id='word_1_393' title='bbox 1789 3115 1954 3163; x_wconf 80' lang='lat' dir='ltr'>pauca</span> <span class='ocrx_word' id='word_1_394' title='bbox 1979 3114 2218 3165; x_wconf 84' lang='lat' dir='ltr'>ponerent</span> <span class='ocrx_word' id='word_1_395' title='bbox 2233 3138 2248 3166; x_wconf 88' lang='lat'>‚</span> <span class='ocrx_word' id='word_1_396' title='bbox 2273 3117 2372 3150; x_wconf 87' lang='lat' dir='ltr'>non</span> <span class='ocrx_word' id='word_1_397' title='bbox 2390 3111 2616 3165; x_wconf 83' lang='lat' dir='ltr'>poterant</span> <span class='ocrx_word' id='word_1_398' title='bbox 2631 3134 2646 3159; x_wconf 87' lang='lat'>‚</span> <span class='ocrx_word' id='word_1_399' title='bbox 2686 3103 2807 3166; x_wconf 80' lang='lat' dir='ltr'>quin</span> <span class='ocrx_word' id='word_1_400' title='bbox 2866 3144 2874 3155; x_wconf 83' lang='grc'>,</span> 
     </span>
    </p>
   </div>
   <div class='ocr_carea' id='block_1_9' title="bbox 1793 3178 2806 3322">
    <p class='ocr_par' dir='ltr' id='par_1_12' title="bbox 1793 3178 2806 3322">
     <span class='ocr_line' id='line_1_65' title="bbox 1793 3178 2806 3245; baseline 0.003 -20"><span class='ocrx_word' id='word_1_401' title='bbox 1793 3178 1884 3226; x_wconf 74' lang='lat' dir='ltr'>sibi</span> <span class='ocrx_word' id='word_1_402' title='bbox 1911 3195 2102 3227; x_wconf 80' lang='lat' dir='ltr'>crucem</span> <span class='ocrx_word' id='word_1_403' title='bbox 2129 3179 2346 3245; x_wconf 82' lang='lat' dir='ltr'>figerent.</span> <span class='ocrx_word' id='word_1_404' title='bbox 2376 3180 2496 3228; x_wconf 86' lang='lat' dir='ltr'>Inde</span> <span class='ocrx_word' id='word_1_405' title='bbox 2515 3180 2688 3244; x_wconf 55' lang='lat' dir='ltr'>adiicit</span> <span class='ocrx_word' id='word_1_406' title='bbox 2715 3195 2806 3244; x_wconf 90' lang='lat' dir='ltr'>pro</span> 
     </span>
     <span class='ocr_line' id='line_1_66' title="bbox 1793 3257 2806 3322; baseline 0 -17"><span class='ocrx_word' id='word_1_407' title='bbox 1793 3257 2008 3316; x_wconf 72' lang='lat' dir='ltr'>accedit,</span> <span class='ocrx_word' id='word_1_408' title='bbox 2028 3258 2286 3318; x_wconf 77' lang='lat' dir='ltr'>consentit,</span> <span class='ocrx_word' id='word_1_409' title='bbox 2327 3276 2389 3307; x_wconf 81' lang='lat' dir='ltr'>ex</span> <span class='ocrx_word' id='word_1_410' title='bbox 2423 3258 2611 3307; x_wconf 67' lang='lat' dir='ltr'>scholio</span> <span class='ocrx_word' id='word_1_411' title='bbox 2637 3273 2806 3322; x_wconf 86' lang='lat' dir='ltr'>parum</span> 
     </span>
    </p>
   </div>
   <div class='ocr_carea' id='block_1_10' title="bbox 1793 3338 2803 3401">
    <p class='ocr_par' dir='ltr' id='par_1_13' title="bbox 1793 3310 2971 3401">
     <span class='ocr_line' id='line_1_67' title="bbox 1793 3338 2803 3401; baseline -0.003 -16"><span class='ocrx_word' id='word_1_412' title='bbox 1793 3348 2018 3385; x_wconf 83' lang='lat' dir='ltr'>accurato</span> <span class='ocrx_word' id='word_1_413' title='bbox 2049 3338 2202 3386; x_wconf 77' lang='lat' dir='ltr'>Servii</span> <span class='ocrx_word' id='word_1_414' title='bbox 2225 3338 2288 3386; x_wconf 85' lang='lat' dir='ltr'>ad</span> <span class='ocrx_word' id='word_1_415' title='bbox 2306 3339 2442 3401; x_wconf 81' lang='lat' dir='ltr'>Virg.</span> <span class='ocrx_word' id='word_1_416' title='bbox 2468 3341 2575 3386; x_wconf 82' lang='lat' dir='ltr'>AEn.</span> <span class='ocrx_word' id='word_1_417' title='bbox 2604 3341 2652 3387; x_wconf 76' lang='lat' dir='ltr'>X</span> <span class='ocrx_word' id='word_1_418' title='bbox 2671 3372 2687 3398; x_wconf 88' lang='lat'>‚</span> <span class='ocrx_word' id='word_1_419' title='bbox 2709 3338 2803 3385; x_wconf 75' lang='lat'>182</span> 
     </span>
    </p>
   </div>
   <div class='ocr_carea' id='block_1_11' title="bbox 1793 3413 2808 4033">
    <p class='ocr_par' dir='ltr' id='par_1_14' title="bbox 1793 3413 2808 4033">
     <span class='ocr_line' id='line_1_68' title="bbox 1797 3413 2807 3481; baseline 0 -19"><span class='ocrx_word' id='word_1_420' title='bbox 1797 3415 2041 3479; x_wconf 75' lang='lat' dir='ltr'>(debebat</span> <span class='ocrx_word' id='word_1_421' title='bbox 2067 3417 2196 3463; x_wconf 86' lang='lat' dir='ltr'>enim</span> <span class='ocrx_word' id='word_1_422' title='bbox 2235 3426 2493 3463; x_wconf 67' lang='lat' dir='ltr'>tercentum</span> <span class='ocrx_word' id='word_1_423' title='bbox 2539 3413 2807 3481; x_wconf 48' lang='lat' dir='ltr'>adiiciunt,</span> 
     </span>
     <span class='ocr_line' id='line_1_69' title="bbox 1796 3494 2805 3558; baseline 0 -17"><span class='ocrx_word' id='word_1_424' title='bbox 1796 3510 1884 3558; x_wconf 85' lang='lat' dir='ltr'>per</span> <span class='ocrx_word' id='word_1_425' title='bbox 1899 3495 1989 3543; x_wconf 74' lang='lat' dir='ltr'>sibi</span> <span class='ocrx_word' id='word_1_426' title='bbox 2006 3495 2224 3553; x_wconf 70' lang='lat' dir='ltr'>addunt,</span> <span class='ocrx_word' id='word_1_427' title='bbox 2256 3494 2519 3542; x_wconf 77' lang='lat' dir='ltr'>conciliant</span> <span class='ocrx_word' id='word_1_428' title='bbox 2537 3528 2552 3552; x_wconf 92' lang='lat'>‚</span> <span class='ocrx_word' id='word_1_429' title='bbox 2576 3495 2805 3555; x_wconf 77' lang='lat' dir='ltr'>enarrari)</span> 
     </span>
     <span class='ocr_line' id='line_1_70' title="bbox 1795 3573 2808 3637; baseline 0 -17"><span class='ocrx_word' id='word_1_430' title='bbox 1795 3573 2134 3637; x_wconf 80' lang='lat' dir='ltr'>explicandum</span> <span class='ocrx_word' id='word_1_431' title='bbox 2157 3583 2288 3632; x_wconf 85' lang='lat' dir='ltr'>erat,</span> <span class='ocrx_word' id='word_1_432' title='bbox 2320 3585 2404 3622; x_wconf 87' lang='lat' dir='ltr'>aut</span> <span class='ocrx_word' id='word_1_433' title='bbox 2420 3573 2481 3620; x_wconf 89' lang='lat' dir='ltr'>ad</span> <span class='ocrx_word' id='word_1_434' title='bbox 2504 3573 2808 3635; x_wconf 79' lang='lat' dir='ltr'>conjecturae</span> 
     </span>
     <span class='ocr_line' id='line_1_71' title="bbox 1796 3651 2806 3715; baseline 0.004 -17"><span class='ocrx_word' id='word_1_435' title='bbox 1796 3652 2172 3715; x_wconf 73' lang='lat' dir='ltr'>confugiendum</span> <span class='ocrx_word' id='word_1_436' title='bbox 2192 3687 2207 3712; x_wconf 88' lang='lat'>‚</span> <span class='ocrx_word' id='word_1_437' title='bbox 2262 3651 2440 3715; x_wconf 78' lang='lat' dir='ltr'>quibua</span> <span class='ocrx_word' id='word_1_438' title='bbox 2492 3652 2542 3701; x_wconf 81' lang='lat' dir='ltr'>h.</span> <span class='ocrx_word' id='word_1_439' title='bbox 2588 3653 2627 3701; x_wconf 92' lang='lat' dir='ltr'>l.</span> <span class='ocrx_word' id='word_1_440' title='bbox 2665 3654 2806 3702; x_wconf 80' lang='lat' dir='ltr'>facile</span> 
     </span>
     <span class='ocr_line' id='line_1_72' title="bbox 1795 3731 2804 3795; baseline 0.003 -18"><span class='ocrx_word' id='word_1_441' title='bbox 1795 3745 2024 3778; x_wconf 74' lang='lat' dir='ltr'>caremus.</span> <span class='ocrx_word' id='word_1_442' title='bbox 2046 3732 2161 3778; x_wconf 85' lang='lat' dir='ltr'>Ern.</span> <span class='ocrx_word' id='word_1_443' title='bbox 2179 3731 2416 3778; x_wconf 77' lang='lat' dir='ltr'>calculum</span> <span class='ocrx_word' id='word_1_444' title='bbox 2439 3731 2663 3795; x_wconf 78' lang='lat' dir='ltr'>intelligit</span> <span class='ocrx_word' id='word_1_445' title='bbox 2678 3769 2695 3795; x_wconf 84' lang='lat'>‚</span> <span class='ocrx_word' id='word_1_446' title='bbox 2708 3748 2804 3795; x_wconf 75' lang='lat' dir='ltr'>qua</span> 
     </span>
     <span class='ocr_line' id='line_1_73' title="bbox 1795 3806 2803 3873; baseline 0.006 -20"><span class='ocrx_word' id='word_1_447' title='bbox 1795 3806 1964 3855; x_wconf 84' lang='lat' dir='ltr'>durior</span> <span class='ocrx_word' id='word_1_448' title='bbox 1987 3807 2170 3871; x_wconf 73' lang='lat' dir='ltr'>ellipsis</span> <span class='ocrx_word' id='word_1_449' title='bbox 2205 3807 2291 3855; x_wconf 81' lang='lat' dir='ltr'>vix</span> <span class='ocrx_word' id='word_1_450' title='bbox 2326 3808 2619 3873; x_wconf 77' lang='lat' dir='ltr'>cogitabimr</span> <span class='ocrx_word' id='word_1_451' title='bbox 2647 3824 2662 3858; x_wconf 76' lang='grc' dir='ltr'><em>τ</em></span> <span class='ocrx_word' id='word_1_452' title='bbox 2692 3827 2803 3858; x_wconf 83' lang='lat' dir='ltr'>nam</span> 
     </span>
     <span class='ocr_line' id='line_1_74' title="bbox 1793 3882 2802 3950; baseline 0.005 -18"><span class='ocrx_word' id='word_1_453' title='bbox 1793 3886 1913 3934; x_wconf 85' lang='lat' dir='ltr'>nihil</span> <span class='ocrx_word' id='word_1_454' title='bbox 1933 3887 2032 3934; x_wconf 88' lang='lat' dir='ltr'>huc</span> <span class='ocrx_word' id='word_1_455' title='bbox 2059 3882 2278 3945; x_wconf 58' lang='lat' dir='ltr'>faciunt}</span> <span class='ocrx_word' id='word_1_456' title='bbox 2313 3888 2489 3950; x_wconf 76' lang='lat' dir='ltr'>quibus</span> <span class='ocrx_word' id='word_1_457' title='bbox 2507 3890 2666 3936; x_wconf 71' lang='lat' dir='ltr'>Brenni</span> <span class='ocrx_word' id='word_1_458' title='bbox 2687 3888 2802 3937; x_wconf 77' lang='lat' dir='ltr'>huie</span> 
     </span>
     <span class='ocr_line' id='line_1_75' title="bbox 1793 3963 2800 4033; baseline 0.002 -20"><span class='ocrx_word' id='word_1_459' title='bbox 1793 3966 1966 4014; x_wconf 86' lang='lat' dir='ltr'>rationi</span> <span class='ocrx_word' id='word_1_460' title='bbox 2016 3963 2271 4013; x_wconf 69' lang='lat' dir='ltr'>subvenire</span> <span class='ocrx_word' id='word_1_461' title='bbox 2310 3966 2485 4015; x_wconf 70' lang='lat' dir='ltr'>studet.</span> <span class='ocrx_word' id='word_1_462' title='bbox 2530 3968 2624 4016; x_wconf 84' lang='lat' dir='ltr'>Sed</span> <span class='ocrx_word' id='word_1_463' title='bbox 2651 3984 2800 4033; x_wconf 87' lang='lat' dir='ltr'>expe·</span> 
     </span>
    </p>
   </div>
   <div class='ocr_carea' id='block_1_12' title="bbox 1792 4045 2803 4113">
    <p class='ocr_par' dir='ltr' id='par_1_15' title="bbox 1792 4045 2803 4113">
     <span class='ocr_line' id='line_1_76' title="bbox 1792 4045 2803 4113; baseline 0.006 -22"><span class='ocrx_word' id='word_1_464' title='bbox 1792 4045 1993 4092; x_wconf 84' lang='lat' dir='ltr'>diuntur</span> <span class='ocrx_word' id='word_1_465' title='bbox 2016 4045 2201 4104; x_wconf 76' lang='lat' dir='ltr'>omnia,</span> <span class='ocrx_word' id='word_1_466' title='bbox 2225 4045 2409 4110; x_wconf 77' lang='lat' dir='ltr'>virgula</span> <span class='ocrx_word' id='word_1_467' title='bbox 2430 4057 2541 4112; x_wconf 78' lang='lat' dir='ltr'>poet</span> <span class='ocrx_word' id='word_1_468' title='bbox 2552 4064 2803 4113; x_wconf 68' lang='lat' dir='ltr'>perpauca</span> 
     </span>
    </p>
   </div>
  </div>
 </body>
</html>
