3217 4784
672 374 813 460 [230
1336 371 2124 440 ARGUMENTUM.

751 497 945 575 ipsum
966 513 1085 552 non
1117 512 1258 551 esse.
1286 496 1362 550 At
1398 492 1461 549 in
1500 491 1590 550 his
1630 490 1950 550 remedium
1986 504 2190 549 contra
2227 488 2489 551 dolorem
2529 486 2658 546 dari
2681 490 2828 552 nul—

753 595 889 653 lum.
914 595 1145 649 Fortem
1162 629 1182 658 ‚
1221 589 1397 646 statui
1416 631 1434 661 ,
1462 607 1635 667 posse
1666 608 1791 647 esse
1829 588 2146 660 neminem,
2170 585 2273 663 qui
2303 584 2568 644 dolorem
2592 587 2822 644 malum

753 701 953 768 putet:
994 685 1097 745 sed
1131 684 1506 744 timiditatem
1550 705 1625 743 ex
1661 685 1865 757 rebus»,
1899 704 2020 743 non
2056 705 2131 743 ex
2165 682 2341 742 meris
2376 681 2573 741 verbis
2611 682 2814 741 nasci!

750 785 911 857 Dici,
940 785 991 843 si
1033 802 1148 841 una
1190 781 1509 862 disciplinae
1539 783 1713 841 litera
1737 795 2028 842 commota
2055 781 2162 855 sit,
2191 799 2323 839 eam
2366 792 2545 839 totam
2585 777 2816 837 labefa-

749 897 907 941 ctum
933 881 1022 938 iri.
1050 887 1129 939 At
1152 880 1244 938 his
1288 880 1794 959 reprehendendis
1827 900 1946 940 ton
1980 880 2240 950 literam,
2267 878 2370 937 aed
2396 891 2545 937 totas
2570 876 2810 955 paginas

749 977 1136 1051 commoveri,
1177 984 1208 1049 5
1239 977 1345 1051 52,
1376 979 1473 1036 53.
1510 983 1664 1056 Apte
1710 977 1945 1056 quidem
1987 974 2347 1055 disciplinam
2395 975 2550 1033 inter
2589 993 2650 1032 se
2683 993 2812 1032 esse

747 1094 1103 1136 connexam:
1132 1074 1234 1133 sed
1273 1095 1342 1134 ea
1381 1075 1679 1153 sequenda
1723 1088 1841 1135 'non
1881 1095 2035 1148 esse,
2078 1086 2208 1153 quae
2245 1093 2281 1132 a
2317 1072 2471 1132 salsis
2507 1071 2812 1151 principiis

748 1174 1011 1252 profecta
1027 1217 1044 1245 ‚
1070 1173 1120 1231 si
1143 1172 1269 1250 ipsa
1295 1162 1408 1231 sibi
1434 1173 1527 1231 vel
1556 1175 1805 1232 maxime
1827 1186 2167 1251 congruant.
2191 1169 2485 1230 Proficisci
2516 1174 2811 1228 Zenonem

749 1286 784 1325 a
831 1265 985 1324 salsis
1031 1277 1089 1323 et
1139 1284 1271 1323 cum
1322 1279 1531 1324 natura
1580 1284 1700 1325 non
1745 1265 2221 1325 convenientibus
2237 1307 2256 1337 ,
2308 1282 2488 1341 quum
2534 1263 2812 1321 virtutem

746 1364 932 1423 solam
961 1381 1250 1421 summum
1280 1360 1506 1421 bonum
1535 1374 1736 1441 ponat.
1775 1356 1864 1421 Ex
1906 1363 2020 1423 hoc
2058 1361 2350 1441 principio
2389 1361 2562 1439 piane
2598 1378 2811 1417 conse-

747 1460 985 1538 quentia
1013 1479 1136 1518 esse
1167 1459 1378 1517 omnia.
1418 1458 1532 1518 Sed
1576 1459 1721 1518 falsa
1754 1478 1907 1530 esse,
1941 1457 2261 1517 secundum
2294 1455 2654 1515 verissimum
2680 1454 2814 1513 dia-

749 1557 1089 1615 lecticorum
1131 1567 1523 1635 praeceptum,
1564 1574 1699 1633 quae.
1737 1576 1812 1613 ex
1853 1556 2006 1615 falsis
2046 1567 2378 1633 sequantur.
2431 1553 2596 1612 Falsa
2633 1553 2812 1631 igitur

748 1654 873 1713 haec
923 1673 1078 1725 esse,
1126 1672 1329 1711 omnes
1380 1671 1498 1710 non
1542 1653 1864 1731 sapientes,
1909 1652 2177 1723 miseros3
2226 1652 2543 1729 sapientes,
2588 1668 2812 1708 summe

750 1750 988 1822 beatos;
1028 1762 1183 1807 recte
1222 1749 1375 1807 facta
1405 1749 1602 1808 omnia
1633 1749 1907 1826 aeqnalia,
1941 1749 2137 1808 omnia
2161 1760 2400 1826 peccata
2424 1748 2585 1826 paria
2610 1768 2624 1803 ε
2673 1765 2808 1803 nam

750 1860 955 1907 contra
984 1859 1250 1905 naturam
1279 1857 1339 1902 et
1362 1845 1548 1922 ipsam
1573 1846 1913 1904 varietatem
1943 1865 2085 1920 esse,
2111 1860 2180 1904 ut
2201 1846 2357 1903 inter
2382 1864 2478 1915 ea,
2498 1863 2629 1922 quae
2652 1847 2810 1901 Zeno

752 1956 970 2021 aequet‚
1000 1942 1144 2000 nihil
1164 1942 1418 2011 intersit,
1450 1948 1482 2014 S
1505 1940 1613 2011 54,
1650 1942 1743 2003 55.
1774 1946 1938 2002 Hanc
1964 1943 2149 2021 ipsam
2178 1961 2405 2007 causam
2439 1942 2633 2009 fuisse,
2650 1940 2810 2020 quod

751 2041 876 2111 hic,
919 2058 1269 2117 quamquam
1305 2051 1541 2107 acutus,
1590 2039 1735 2098 nihil
1771 2050 1956 2098 tamen
1995 2041 2106 2098 nisi
2131 2038 2311 2098 verba
2333 2052 2558 2109 verset,
2587 2052 2646 2097 et
2665 2058 2812 2116 quas

756 2157 847 2196 res
875 2135 960 2194 illi
996 2134 1213 2207 bonas,
1240 2136 1369 2212 ipse
1396 2148 1619 2193 mutato
1645 2137 1880 2195 nomine
1917 2150 2116 2216 aptas,
2147 2136 2405 2204 habiles,
2443 2134 2516 2194 ad
2543 2149 2810 2194 naturam

753 2231 1215 2292 accommodatas
1251 2246 1453 2302 vocet,
1491 2245 1550 2291 et
1578 2233 1826 2312 sapienti
1852 2235 1975 2308 his,
2013 2254 2145 2311 quae
2172 2233 2328 2293 bona
2369 2234 2662 2312 appellare
2691 2253 2809 2291 non

753 2328 1000 2399 audeat,
1027 2342 1231 2401 auctu,
1259 2330 1547 2388 instructo
1564 2374 1582 2402 ,
1605 2332 1971 2391 commodius
1999 2348 2190 2391 tamen
2220 2352 2360 2391 esse.
2393 2333 2721 2402 Platonem,
2761 2332 2811 2389 si

753 2427 986 2505 sapiens
1016 2447 1135 2485 non
1166 2427 1273 2499 sit,
1310 2426 1514 2485 eadem
1538 2448 1673 2487 cum
1699 2429 1983 2506 Dionysio
2011 2440 2258 2505 tyranno
2290 2429 2623 2488 conditione
2646 2448 2768 2487 esse
2794 2452 2808 2486 ε

752 2524 892 2582 huic
922 2537 1148 2591 tamen,
1193 2537 1438 2602 propter
1472 2525 1938 2603 desperationem
1980 2527 2308 2605 sapientiae,
2341 2527 2490 2585 mori
2526 2527 2806 2605 optimum

753 2636 908 2688 esse3
938 2617 1055 2687 illi,
1089 2614 1168 2674 ob
1190 2614 1449 2691 ejusdem
1473 2637 1636 2695 spem
1651 2661 1667 2689 ,
1712 2618 1925 2677 vivere.
1945 2624 2188 2677 Peccata
2202 2665 2219 2692 ,
2242 2620 2377 2680 licet
2399 2622 2514 2679 sint
2533 2617 2772 2695 aequalia
2790 2660 2808 2689 ,

758 2727 947 2771 tamen
979 2712 1090 2770 alia
1120 2712 1450 2773 tolerabilia
1478 2734 1601 2773 esse
1623 2758 1639 2786 ‚
1684 2715 1797 2773 alia
1841 2735 1961 2773 non
2003 2736 2147 2775 esse.
2179 2717 2277 2776 Sic
2315 2717 2479 2777 illum
2509 2715 2670 2794 loqui
2695 2715 2808 2775 ali-

757 2822 864 2879 ter,
889 2829 1067 2887 quam
1086 2828 1320 2879 omnes;
1346 2812 1565 2869 sentire
1589 2810 1745 2871 idem
1773 2826 1996 2886 tamen,
2020 2820 2050 2886 S
2078 2814 2185 2887 56,
2219 2815 2313 2892 57.

835 2912 1043 2987 Neque
1070 2908 1127 2965 in
1159 2928 1225 2965 re
1250 2907 1375 2986 ipsa
1404 2910 1620 2967 rectius
1647 2910 1964 2989 quidquam
1994 2911 2222 2985 doceri,
2246 2933 2419 2991 quam
2451 2914 2614 2993 qnod
2633 2919 2811 2971 Vete-

754 3025 847 3067 res
899 3007 1315 3087 praeceperint3
1359 3028 1467 3067 nec
1505 3004 1690 3067 verba
1729 3009 1998 3070 adhiberi
2045 3012 2461 3072 commodiora.
2513 3011 2688 3086 Quod
2735 3011 2808 3070 ad

755 3107 918 3184 prius
946 3105 1251 3175 reseratur,
1293 3103 1493 3163 dicere
1510 3109 1777 3178 Veteres»,
1805 3108 2220 3185 appetitionem
2244 3109 2420 3167 animi
2444 3108 2536 3166 his
2560 3110 2810 3181 moveri5

755 3224 885 3281 quae
932 3201 1253 3261 secundum
1296 3215 1564 3262 naturam
1604 3203 1758 3262 sint:
1799 3203 1924 3263 haec
1963 3218 2157 3265 autem
2200 3206 2573 3269 aestimatione
2619 3206 2813 3286 aliqua

756 3300 929 3379 digna
957 3319 1109 3369 esse,
1143 3318 1219 3357 ex
1245 3299 1528 3378 cujusque
1553 3301 1815 3379 pondere
1839 3303 2190 3362 estimanda.
2225 3310 2368 3377 Quae
2395 3323 2577 3382 porro
2603 3325 2812 3364 secun-

756 3396 898 3455 dum
919 3408 1184 3453 naturam
1208 3395 1349 3468 sint,
1381 3416 1585 3456 eorum
1620 3398 1732 3457 alia
1757 3400 2171 3478 appetitionem
2197 3401 2351 3459 illam
2387 3419 2508 3458 non
2545 3419 2810 3473 movere,

757 3510 937 3569 quum
969 3491 1029 3548 in
1060 3488 1315 3549 honestis
1349 3491 1853 3572 laudabilibusque
1880 3515 1997 3553 non
2035 3510 2361 3575 ponantur:
2389 3497 2515 3556 aliis
2542 3497 2815 3575 volupta-

762 3598 875 3646 tem
899 3585 1134 3663 adjungi
1149 3586 1209 3646 in
1230 3588 1625 3650 animantibus
1649 3590 1948 3662 omnibus»,
1972 3593 2031 3653 in
2051 3594 2289 3653 homine
2309 3594 2592 3653 rationem
2609 3594 2810 3669 etiam;

757 3698 818 3742 ot
861 3684 984 3741 haec
1018 3682 1259 3745 honesta
1291 3705 1415 3745 esse
1451 3698 1509 3744 et
1540 3686 1873 3748 laudabilia.
1908 3691 2015 3749 Illa
2052 3692 2330 3771 appellari
2362 3692 2650 3751 naturalia
2663 3736 2688 3764 ,1
2722 3706 2819 3765 et,

758 3780 1013 3839 honestis
1036 3780 1338 3859 adjuncta,
1362 3784 1540 3842 vitam
1579 3783 1807 3843 beatam
1838 3789 2150 3867 comp-lere.
2177 3793 2394 3848 Eorum
2424 3802 2617 3848 autem
2649 3810 2815 3849 com-

758 3876 1095 3949 modorum,
1137 3877 1353 3955 quibus
1388 3885 1547 3939 Zeno
1588 3883 1948 3944 tantumdem
1985 3884 2231 3960 tribuat,
2260 3887 2519 3965 quamvis
2557 3907 2624 3946 ea
2659 3886 2814 3947 bona

755 3993 878 4034 esse
921 3985 1118 4050 neget,
1166 3973 1478 4035 honestum
1523 3989 1702 4054 atque
1750 3979 2066 4052 laudabile,
2115 3983 2645 4060 prmmntissimum
2691 4005 2812 4043 esse

755 4071 1030 4131 omnium.
1062 4075 1179 4129 Nec
1207 4090 1330 4129 esse
1356 4071 1600 4131 dubium
1622 4118 1638 4147 ‚
1685 4095 1865 4153 quum
1894 4072 2014 4135 duo
2035 4078 2275 4138 honesta
2302 4081 2362 4139 in
2393 4082 2690 4159 optionem
2713 4103 2815 4141 ve-
