3217 4784
795 491 921 558 DE
969 492 1144 560 FIN.
1199 494 1406 563 BON.
1459 494 1576 561 ET
1626 493 1844 561 MAL.
1901 494 1989 577 V,
2024 518 2087 560 2.

2374 488 2513 585 549

385 606 698 703 thagorae
738 611 972 707 ipsum
1006 612 1207 683 illum
1239 615 1478 686 locum
1501 670 1520 701 ‚
1553 613 1680 686 ubi
1720 616 1931 685 vitam
1974 607 2290 684 ediderat
2307 609 2362 698 ⁵,
2407 638 2515 684 se-

386 715 700 814 demque
744 721 1064 792 viderim.
1109 730 1261 794 Hoc
1303 741 1544 795 autem
1590 739 1962 820 tempore,
2000 725 2132 793 etsi
2179 723 2401 794 multa
2439 724 2516 792 in

384 829 586 896 omni
612 844 815 924 parte
837 831 1280 902 Athenarum
1321 835 1593 903 suntin
1634 834 1804 930 ipsis
1841 833 2016 903 locis
2045 830 2303 902 indicia
2332 855 2518 902 sum·

386 961 670 1007 morum
692 943 1009 1010 virorum
1032 957 1306 1013 :tamen
1325 968 1460 1040 ego
1480 942 1597 1013 illa
1620 966 1918 1012 moveor
1941 940 2203 1012 exedra
2220 953 2272 1010 ⁷.
2294 939 2516 1011 Modo

388 1048 580 1117 enim
606 1046 742 1119 fuit
770 1049 1202 1124 Charmadas
1229 1047 1260 1098 8
1292 1081 1307 1122 t
1336 1078 1555 1151 quem
1589 1051 1833 1143 videre
1862 1050 2112 1121 videor
2142 1050 2291 1146 (est
2324 1052 2517 1120 enim

388 1172 559 1226 nota
604 1159 920 1256 imago),
963 1187 1003 1231 a
1045 1161 1361 1260 sedeque
1399 1166 1586 1261 ipsa,
1631 1165 1808 1234 tanti
1846 1162 2114 1257 ingenii
2158 1163 2515 1257 magnitu—

389 1263 558 1335 dine
580 1275 612 1324 9
641 1268 924 1358 orbata‚
955 1270 1342 1343 desiderari
1368 1273 1560 1343 illam
1590 1295 1842 1343 vocem
1879 1285 2081 1368 puto,
2117 1274 2297 1340 Tum
2337 1272 2512 1354 Piso,
2555 1281 2583 1332 ⁵

387 1378 747 1462 Quoniam
786 1382 1004 1476 igitur
1042 1382 1312 1480 aliquid
1363 1407 1658 1469 omnoe,
1699 1382 1877 1479 quid
1920 1382 2180 1452 Lucius
2231 1395 2514 1468 noster,

391 1487 676 1582 inquit?
709 1512 799 1559 an
830 1514 998 1561 eum
1027 1492 1267 1563 locum
1301 1491 1615 1563 libenter
1643 1493 1909 1575 invisit,
1932 1490 2061 1561 ubi
2093 1489 2517 1559 Demosthe-

392 1620 519 1665 nes
539 1611 611 1666 et
634 1598 996 1671 AEschines
1015 1603 1202 1672 inter
1224 1626 1299 1671 se
1323 1600 1689 1672 decertare
1713 1601 1902 1671 soliti
1923 1600 2134 1670 sunt?
2159 1623 2292 1668 suo
2323 1601 2517 1669 enim

391 1712 697 1807 quisque
731 1713 1048 1784 studio¹⁰
1078 1717 1380 1786 maxime
1417 1716 1723 1787 ducitur.
1765 1720 1853 1785 Et
1900 1714 2057 1799 ille,
2088 1738 2316 1810 quum
2356 1737 2519 1783 eru-

393 1940 507 1982 nes,
550 1926 694 1975 Vien.
734 1928 901 1978 oxon.
942 1930 999 1977 E.
1034 1929 1251 1993 editique
1296 1941 1411 1978 vett.

398 2003 615 2067 plerique
642 2020 825 2053 omnes.
853 2008 911 2056 In
954 2007 1031 2056 his
1071 2020 1231 2058 autem
1270 2011 1418 2074 parti·

397 2082 521 2129 culis
552 2083 794 2146 ponendis
821 2086 995 2134 scribae
1016 2088 1117 2134 sere
1143 2104 1281 2135 aures
1306 2104 1417 2136 suas

394 2172 650 2226 corruptas
693 2177 992 2227 sequuntur,
1030 2182 1093 2214 ex
1127 2167 1291 2230 regula
1332 2167 1414 2216 ills

394 2241 565 2288 vitiosa
586 2241 888 2302 judicantes,
907 2260 1004 2307 qua
1027 2262 1115 2292 nec
1133 2255 1244 2293 ante
1267 2261 1416 2293 voca-

397 2319 489 2366 lem
532 2323 713 2384 requiri
758 2333 976 2385 putatur.
1025 2327 1119 2372 Pro
1171 2325 1417 2372 divertisse

392 2410 556 2447 autem
601 2417 690 2448 nos
728 2412 899 2449 nostra
943 2415 1120 2466 sponte
1161 2404 1417 2454 devertisse

393 2481 749 2543 scripsissemus
772 2516 786 2538 ,
840 2482 932 2528 nisi
977 2484 1180 2546 cogitari
1210 2495 1374 2548 posset
1395 2516 1412 2542 ‚

394 2559 677 2607 Ciceronem
705 2573 754 2609 et
786 2563 1008 2610 Pisonem
1034 2563 1220 2611 diversa
1244 2563 1415 2627 hospi·

402 2638 464 2684 tia
490 2640 767 2703 Metaponti
794 2653 1030 2705 sequutos
1058 2641 1206 2689 fuisse
1223 2676 1236 2699 ,
1270 2652 1417 2706 atque

398 2728 510 2765 ante
535 2734 680 2782 quam
711 2720 1104 2783 digrederentur,
1133 2721 1265 2768 hunc
1286 2720 1416 2768 illius

398 2797 586 2845 monitu
638 2800 784 2845 istum
829 2815 889 2846 ex
936 2799 1224 2863 Pythagorae
1276 2799 1415 2847 obitu

398 2874 689 2923 celebratum
710 2875 874 2923 locum
892 2878 1049 2924 adisse
1071 2892 1086 2937 ;
1106 2879 1166 2925 de
1185 2894 1287 2942 quo
1306 2879 1417 2926 vide

398 2956 589 3018 Menag.
607 2954 668 3000 ad
693 2954 842 3016 Diog.
870 2957 1164 3003 hernvm
1180 2990 1195 3014 ,
1220 2965 1308 3011 4ο.

469 3035 522 3082 6.
563 3031 858 3095 Pythagora·
884 3033 1040 3096 ipsum
1066 3034 1203 3080 illum
1226 3036 1412 3092 Iocum,

400 3114 477 3160 ubi
498 3113 659 3160 ‘vitam
678 3112 918 3169 ediderat,
942 3116 979 3158 i.
996 3130 1039 3161 e.
1065 3112 1272 3161 finierat.
1290 3114 1417 3162 vide

399 3195 447 3240 J.
481 3199 556 3240 Fr.
582 3195 801 3240 Gronov.
828 3193 891 3239 ad
929 3190 987 3239 Α.
1024 3191 1171 3239 Gellii
1200 3195 1302 3248 111,
1338 3193 1417 3240 15.

400 3274 472 3320 De
508 3289 559 3319 re
587 3273 690 3336 ipsa
719 3273 788 3319 sic
818 3273 1002 3321 Justin.
1029 3274 1155 3330 XX,
1184 3281 1249 3327 4:
1282 3294 1307 3314 σι
1330 3274 1418 3335 Py-

400 3354 623 3415 thagoras
640 3362 826 3408 antem,
845 3367 993 3413 quum
1023 3367 1178 3398 annos
1202 3367 1270 3398 xx
1297 3351 1417 3398 Cro-

402 3444 533 3481 tonae
559 3431 756 3494 egisset,
789 3432 1132 3494 Metapontum
1166 3430 1416 3493 migravit,

400 3511 564 3574 ibique
587 3510 789 3558 decessit
812 3529 852 3555 ι.
880 3511 999 3557 Tam
1031 3525 1146 3556 vero
1179 3509 1239 3556 dc
1273 3509 1419 3566 loco,

401 3606 543 3654 quam
573 3589 633 3637 de
658 3588 837 3648 modo,
875 3605 974 3651 quo
1007 3598 1214 3636 mortem
1240 3588 1421 3653 Pytha·

402 3686 543 3733 goras
576 3669 727 3730 obiit,
762 3668 892 3714 varia
936 3667 1134 3716 tradunt
1177 3681 1417 3716 suctores.

357 3766 367 3770 “
402 3750 528 3796 Vide
551 3747 823 3810 Menug.ad
844 3749 1150 3804 Laert.V111‚
1179 3756 1264 3804 40.
1290 3750 1420 3795 DAv.

477 3845 523 3888 7.
560 3827 784 3875 Exedra.
824 3828 969 3876 cont.
991 3827 1186 3874 Vitruv.
1210 3829 1273 3885 V,
1314 3843 1420 3892 csp.

412 3924 427 3951 r
444 3924 463 3953 1
490 3924 503 3952 t
533 3929 554 3948 ι
576 3908 953 3956 Constituuntur
976 3907 1028 3953 in
1046 3905 1319 3970 porticibus
1337 3923 1424 3954 ex·

402 3985 529 4032 edrae
582 3986 830 4050 spatiosae,
875 3985 1108 4033 habentes
1157 3984 1295 4032 sedes
1313 4021 1327 4043 ‚
1371 3987 1424 4032 in

403 4064 581 4125 quibus
606 4064 920 4130 philosophi,
949 4065 1195 4123 rhetores,
1223 4064 1420 4127 reliqui·

403 4160 432 4204 q
442 4159 526 4197 ue,
557 4143 642 4206 qui
670 4144 844 4193 studiis
862 4144 1179 4201 delectantur,
1204 4143 1423 4191 sedentes

405 4221 652 4284 disputare
683 4223 867 4285 possint
892 4245 932 4271 n.
962 4224 1085 4270 Sunt
1115 4222 1245 4270 haud
1272 4221 1421 4269 dubie

1498 1931 1698 1978 exedra
1725 1929 1908 1977 eadem
1931 1929 2030 1976 fere
2045 1965 2062 1990 ‚
2083 1942 2195 1991 quae
2213 1927 2521 1988 hemicyclia,

1498 2010 1560 2057 de
1587 2008 1767 2073 quihus
1788 2008 1851 2055 ad
1879 2010 2024 2071 Legg.
2049 2009 2072 2054 1
2088 2041 2102 2064 ‚
2129 2010 2158 2055 3
2179 2042 2194 2066 ,
2232 2023 2293 2054 ιο
2311 2008 2520 2069 egium-v,

1497 2088 1590 2135 nisi
1619 2088 1722 2135 sola
1757 2086 2092 2151 magnitudine
2118 2086 2179 2133 ab
2212 2086 2287 2133 his
2328 2084 2520 2131 differe-

1499 2166 1619 2214 bant
1647 2181 1660 2214 :
1693 2177 1824 2215 certe
1862 2181 1999 2230 aeque
2035 2163 2327 2213 semicirculi
2365 2164 2518 2213 forma

1498 2246 1715 2294 fuerunt.
1738 2248 1798 2294 G.

1571 2325 1622 2370 8.
1654 2322 1976 2381 Charmadas,
1994 2334 2043 2370 et
2065 2325 2233 2388 paucis
2256 2332 2397 2386 post,
2417 2322 2450 2387 S
2470 2324 2522 2380 6,

1500 2402 1781 2452 Charmada
1794 2436 1808 2460 ,
1828 2403 2012 2465 primus
2020 2403 2261 2460 Valesius,
2281 2400 2520 2450 Emendd.

1498 2484 1551 2541 1,
1574 2498 1683 2545 cap.
1706 2498 1753 2542 7,
1780 2482 1999 2545 reposuit
2014 2518 2029 2539 ‚
2052 2482 2247 2546 scriptis
2273 2482 2410 2529 libris
2428 2515 2445 2541 ‚
2464 2491 2521 2529 ut

1499 2560 1684 2623 ubique
1728 2559 1915 2617 solent,
1954 2560 2227 2609 Carneades
2269 2563 2518 2624 peccanti·

1499 2640 1625 2701 bus3
1648 2640 1710 2686 cf.
1733 2640 1868 2689 Orat.
1895 2642 1946 2695 1,
1983 2655 2062 2700 ιι,
2091 2641 2187 2699 453
2212 2640 2276 2697 11,
2305 2641 2396 2698 36,
2430 2650 2520 2689 etc.

1498 2722 1563 2768 G.
1598 2748 1666 2758 —-
1700 2720 1776 2769 Cs.
1796 2734 1992 2783 quoque
2013 2717 2207 2766 Acsdd.
2228 2721 2274 2766 11
2291 2753 2307 2780 ,
2342 2720 2373 2766 6
2394 2753 2409 2777 ,
2458 2735 2517 2766 η

1499 2800 1674 2862 (nostr.
1692 2798 1771 2847 ed.
1794 2816 1848 2864 p.
1877 2799 1999 2859 257,
2016 2810 2122 2847 not.
2152 2799 2252 2862 ια).

1571 2894 1622 2940 9.
1644 2878 1794 2926 Tanti
1817 2878 2003 2941 ingenii
2027 2877 2388 2942 magnitudine.
2404 2880 2522 2925 Tres

1499 2959 1715 3021 potiores
1759 2959 1912 3004 nostri
1952 2967 2093 3003 tanta
2128 2969 2323 3007 servant
2344 2990 2358 3014 ,
2386 2957 2520 3019 quod

1498 3048 1609 3085 ante
1635 3038 1798 3084 Davis.
1826 3036 2073 3097 vulgatum
2105 3049 2211 3084 est:
2245 3035 2383 3097 quod
2409 3034 2522 3081 licet

1500 3132 1589 3179 per
1624 3131 1675 3162 se
1717 3112 1914 3161 defendi
1956 3114 2143 3175 possit,
2197 3123 2356 3160 tamen
2400 3115 2526 3160 canei

1498 3192 1718 3240 firmatur
1755 3193 2052 3255 optimorum
2094 3191 2232 3242 editt.
2281 3202 2398 3239 vett.
2437 3210 2524 3240 au·

1499 3273 1741 3319 ctoritate.
1790 3272 2020 3319 Ceterum
2062 3270 2349 3319 Charmada
2389 3272 2524 3337 fage·

1500 3351 1635 3398 niam
1673 3350 1898 3414 inprimis
1932 3366 1996 3397 ex
2022 3350 2297 3413 eloquentia
2338 3351 2522 3399 laudari

1501 3431 1712 3489 videtur,
1741 3447 1836 3494 qua
1873 3430 1954 3477 hic
1991 3430 2068 3478 vir
2104 3429 2338 3494 pollebat.
2377 3433 2524 3482 Conf.

1500 3509 1689 3559 Acsdd.
1724 3512 1799 3568 11,
1846 3511 1912 3571 6,
1961 3511 2055 3566 16,
2094 3509 2180 3559 ubi
2219 3509 2523 3559 Charmadas

1501 3606 1612 3639 cum
1656 3588 1952 3638 Clitomacho
1990 3589 2062 3636 sic
2107 3600 2443 3653 comparatur,
2472 3602 2524 3638 ut

1500 3669 1647 3728 hujus
1665 3666 1915 3732 ingenium
1941 3682 2031 3729 par
2068 3666 2198 3714 illius
2239 3669 2526 3731 eloqueneiae

1505 3747 1722 3806 dicatum
1757 3746 1888 3795 cons.
1926 3748 2062 3794 Orat.
2102 3746 2192 3807 16,
2234 3748 2321 3795 51.
2347 3748 2525 3795 Divina

1505 3838 1736 3891 praeterea
1759 3824 1973 3873 hominis
1999 3828 2229 3873 memoria
2258 3826 2529 3874 celebratur

1505 3908 1656 3953 Tusc.
1686 3906 1737 3962 1,
1764 3911 1858 3962 24,
1881 3901 1965 3967 59.
1987 3905 2052 3954 G.

1585 4000 1666 4031 10.
1694 3986 1791 4031 Sao
1818 3983 1945 4032 enim
1974 3984 2176 4048 qm'sque
2199 3985 2375 4032 studio.
2399 3986 2526 4048 Spir.

1511 4074 1559 4111 et
1597 4063 1698 4110 Erl.
1736 4062 2080 4128 unusquisque.
2118 4063 2265 4125 Quod
2292 4062 2529 4111 hocloco

1512 4142 1709 4205 probari
1738 4143 1922 4205 nequit,
1946 4158 2095 4204 quum
2122 4144 2169 4188 in
2190 4158 2275 4188 mo
2294 4145 2528 4193 enuntiati
2572 4134 2587 4148 ’

1517 4223 1589 4268 vis
1624 4222 1716 4278 sit,
1750 4232 1796 4270 et
1824 4220 1944 4268 male
1976 4220 2038 4267 sd
2073 4237 2212 4268 aures
2240 4221 2307 4268 sic
2344 4222 2538 4279 accidat.
