3217 4784
665 378 754 470 78
1320 373 1418 440 Μ.
1468 374 1546 439 Τ.
1600 372 2094 442 CICERONIS

660 497 812 568 lum
838 497 913 565 in
938 493 1073 564 hac
1098 514 1253 564 esse
1277 488 1775 587 rogatiuncula
1809 490 2261 564 delectatum.
2288 498 2531 570 «Num
2561 500 2768 597 quid-

658 630 826 676 nam
872 627 1126 673 manus
1163 615 1287 670 tua
1310 599 1372 645 ¹⁶
1420 602 1519 670 sic
1546 599 1835 688 affecta,
1873 594 2486 699 quemadmodum
2515 608 2768 682 affecta

660 739 857 786 nunc
922 720 1137 799 est¹⁷‚
1183 709 1583 782 desiderat?
1635 710 1830 781 Nihil
1875 736 2066 785 sane.
2134 717 2258 802 At,
2322 717 2378 787 si
2436 719 2767 817 voluptas

660 838 842 897 esset
865 821 1144 893 bonum
1161 873 1180 905 ‚
1208 819 1681 893 desideraret?
1704 825 1804 891 Ita
1825 822 2059 894 credo,
2093 827 2254 895 Non
2275 841 2382 898 est
2407 829 2624 924 igitur
2647 856 2792 901 vo·-

658 935 896 1032 luptas
932 930 1235 1002 bonum.
1274 960 1306 994 »
1346 935 1500 1000 Hoc
1526 954 1620 1000 ne
1649 943 1950 1002 statuam
1981 934 2275 1029 quidem
2326 936 2676 1010 dicturam
2703 934 2765 984 ¹⁸

662 1057 865 1140 pater
898 1039 1128 1111 aiebat
1151 1095 1171 1124 ‚
1230 1042 1289 1110 si
1324 1038 1526 1136 loqui
1564 1055 1825 1136 posset.
1871 1044 2304 1115 Conclusam
2345 1058 2533 1118 est¹9
2573 1050 2767 1118 enim

660 1190 899 1256 significet
918 1211 940 1233 ι
963 1225 978 1249 ,
1010 1187 1072 1235 ad
1097 1187 1357 1235 consilium
1378 1184 1574 1235 artificis
1595 1203 1671 1235 re-
1832 1196 1914 1243 ¹7·
1956 1181 2035 1230 Sic
2068 1181 2253 1248 afl‘octa
2288 1222 2306 1245 ‚
2361 1189 2770 1252 quemadmodum

661 1272 775 1320 ferri
795 1286 812 1333 ς
849 1268 1058 1331 denique
1085 1266 1124 1314 si
1150 1265 1378 1325 formam,
1400 1286 1423 1307 e·
1446 1265 1672 1313 delectan'
1755 1257 1950 1323 affecta
1967 1277 2099 1310 nnnc
2120 1275 2207 1313 ose.
2228 1266 2423 1317 Oxonn.
2437 1268 2493 1316 E.
2515 1279 2563 1316 et
2577 1262 2616 1325 ξ.
2633 1270 2771 1333 prius

662 1352 713 1398 in
732 1349 891 1412 aliqua
916 1363 968 1394 re
980 1368 1006 1389 ι
1020 1381 1035 1406 ,
1069 1344 1131 1392 sd
1154 1344 1259 1392 hoc
1278 1354 1505 1392 contexta
1532 1359 1673 1407 pror·
1745 1336 1941 1402 ‘affecta
1958 1339 2198 1404 ignorant.
2210 1345 2269 1393 P.
2283 1345 2550 1394 Μαι-’.ιιιἰο
2569 1347 2766 1406 effecta,

660 1445 743 1477 sus
764 1426 995 1475 absonam
1013 1457 1029 1483 ‚
1065 1422 1246 1471 videris
1273 1422 1419 1485 (uam
1440 1420 1490 1470 t‘n
1513 1455 1530 1482 ,
1564 1437 1675 1486 qua

661 1506 807 1556 codd.
828 1505 1043 1554 omnium
1057 1513 1129 1551 est
1144 1536 1161 1563 ,
1182 1512 1307 1551 stare
1323 1503 1374 1550 h.
1390 1502 1426 1550 l.
1444 1502 1643 1566 nequit)
1659 1515 1673 1547 ε

662 1587 749 1634 vix
769 1583 1013 1633 dubitabis
1028 1618 1042 1642 ,
1061 1597 1223 1630 veram
1242 1582 1566 1643 conjecturam
1583 1595 1676 1628 nos

659 1681 760 1715 esse
801 1672 1047 1726 sequutos.
1093 1663 1340 1709 Postremo
1374 1661 1488 1709 loeo
1529 1661 1570 1708 si
1614 1658 1676 1707 de

659 1745 767 1792 soni
784 1742 971 1789 ratione
999 1738 1307 1803 quaesiveris,
1349 1739 1493 1803 plane
1517 1749 1676 1786 certus

664 1822 758 1872 eris
777 1856 792 1879 ‚
847 1821 1141 1884 scripturum
1194 1818 1479 1865 Ciceronem
1530 1817 1677 1865 fuisse

666 1924 688 1946 ι
723 1901 1012 1950 delectatum
1057 1912 1167 1943 eum
1202 1911 1305 1942 esse
1335 1894 1427 1942 hac
1463 1895 1678 1958 roga-si

658 1980 756 2028 boc
796 1976 1104 2042 participium
1149 1972 1265 2021 addi
1303 1972 1550 2021 voluisset.
1602 1975 1679 2019 De

660 2074 783 2107 voce
830 2053 1195 2120 rogatiuncula,
1247 2051 1578 2099 conclusionis
1628 2051 1680 2098 vi

660 2139 847 2203 posita,
885 2131 997 2180 vide
1022 2147 1114 2179 nos
1141 2129 1202 2178 ad
1225 2129 1419 2179 Acadd.
1452 2133 1502 2189 1,
1524 2146 1551 2178 2
1572 2166 1587 2188 ‚
1628 2130 1675 2179 5.

661 2218 797 2278 Saepe
817 2214 957 2260 etiam
978 2212 1156 2257 Seneca
1180 2225 1264 2258 vv.
1291 2207 1611 2272 iuterrogatio
1629 2218 1679 2255 ct

661 2287 1123 2355 interrogatiuncula
1163 2287 1254 2335 hac
1299 2286 1346 2334 vi
1382 2287 1560 2346 utitur;
1611 2287 1675 2335 cf.

660 2387 740 2436 ep.
760 2371 824 2418 82
844 2368 935 2416 fin.
963 2387 985 2409 ι
1005 2364 1487 2429 interrogatiunculas
1504 2366 1675 2425 nectis,

662 2460 756 2497 etc.
770 2471 794 2489 u
813 2442 1143 2512 Nugasfautem
1154 2453 1325 2492 tractat
1344 2444 1508 2492 Davis.
1524 2460 1675 2506 quum

662 2542 835 2575 manus
859 2524 971 2572 ideo
997 2522 1162 2571 abesse
1193 2521 1359 2580 malit,
1395 2533 1451 2569 ut
1478 2538 1589 2586 quoe
1613 2522 1677 2570 ad

661 2616 869 2653 naman·
882 2602 1127 2649 referatur.
1146 2598 1241 2647 Sed
1262 2599 1382 2647 illud
1399 2615 1501 2647 non
1520 2610 1677 2647 statua

661 2682 963 2748 significabat
978 2716 993 2740 ,
1018 2679 1167 2726 immo
1186 2693 1358 2724 manus
1378 2694 1397 2725 .·
1434 2677 1580 2740 idque
1615 2693 1677 2724 ne

660 2763 713 2810 in
739 2761 949 2809 obscuro
989 2766 1139 2815 esset,
1180 2772 1280 2804 vox
1312 2755 1476 2803 eadem
1515 2755 1678 2804 denno

661 2840 826 2889 addita
843 2848 932 2886 est.
947 2836 1239 2886 G.—Etiam
1260 2833 1384 2881 banc
1410 2833 1557 2881 hodie
1581 2844 1678 2881 sta·

661 2930 792 2968 tuam
816 2915 972 2965 videri
992 2923 1131 2979 putat
1144 2913 1289 2962 Carlo
1310 2913 1401 2959 Fen
1427 2913 1477 2958 iu
1506 2911 1642 2959 Italis
1660 2946 1675 2970 ,

661 3008 710 3047 et
743 2998 796 3044 iu
830 2994 944 3042 villa
975 2991 1244 3055 Borghensi
1268 2990 1416 3038 latere
1439 2988 1532 3036 snb
1556 2988 1677 3036 falso

660 3071 858 3123 nomine
891 3071 1113 3123 Belisnrii
1135 3107 1149 3129 ,
1185 3085 1280 3133 qna
1303 3067 1384 3115 alii
1408 3067 1679 3130 Diogenem

661 3153 866 3218 exprimi
891 3161 1076 3216 putant.
1099 3151 1132 3198 J
1136 3151 1225 3197 .V.
1256 3150 1313 3195 1..

738 3232 817 3279 16.
842 3232 1021 3278 Manus
1043 3226 1398 3275 tua.0dorsvit
1411 3225 1502 3273 Th.
1525 3223 1681 3273 Bentl.

660 3310 863 3365 vitium,
898 3306 986 3354 ubi
1021 3304 1210 3353 nullum
1234 3314 1353 3354 emt.
1383 3304 1498 3353 Non
1534 3305 1683 3369 igitur

663 3389 801 3451 sequi
822 3400 932 3433 eum
946 3384 1161 3431 Bremius
1179 3382 1415 3443 debebat·‚
1436 3385 1576 3431 nucis
1594 3395 1683 3431 tua

662 3467 913 3514 lacessens.
935 3465 1084 3509 Recte
1109 3471 1235 3509 stare
1256 3478 1399 3526 pron.
1440 3478 1467 3510 2
1511 3479 1681 3526 perso·

664 3560 741 3592 uae
760 3554 810 3591 et
826 3551 987 3605 potest
1000 3575 1015 3599 ,
1036 3550 1086 3588 et
1110 3539 1280 3597 debet,
1300 3538 1367 3587 ob
1388 3539 1683 3599 Stoicorum,

663 3622 868 3671 maxime
888 3617 1180 3682 Chrysippi,
1206 3619 1257 3665 in
1277 3616 1516 3680 eiusmodi
1534 3618 1686 3665 iuter-

666 3697 1013 3765 rogatiunculis
1039 3711 1248 3755 morem,
1282 3696 1346 3744 ad
1370 3695 1572 3744 alterum
1598 3696 1683 3743 ali-

665 3794 809 3843 quem
839 3775 1107 3825 orationem
1134 3773 1463 3838 dirigentium.
1496 3775 1545 3822 A
1583 3784 1681 3822 sta·

663 3856 822 3906 tuario
866 3862 1027 3901 sutem
1070 3852 1175 3900 haec
1224 3855 1346 3901 ratio
1395 3868 1495 3900 non
1542 3851 1682 3900 aliter

663 3934 868 4001 exprimi
890 3942 1105 3996 poterat,
1140 3946 1283 3995 qnam
1313 3941 1370 3979 ut
1397 3930 1502 3994 ipse
1523 3929 1680 3995 Chry-

663 4016 832 4080 sippus
868 4024 1062 4058 manum
1105 4009 1177 4057 sic
1216 4008 1482 4058 extendens
1524 4007 1684 4073 finge·

667 4104 813 4142 retur.
840 4091 902 4138 G.

1760 1426 1815 1464 ut
1840 1433 1972 1466 nuuc
2000 1430 2072 1468 est
2107 1442 2148 1468 n.
2186 1421 2269 1470 Ad
2292 1423 2426 1487 prius
2459 1423 2592 1472 baud
2624 1425 2770 1473 dubie

1759 1510 1945 1558 pronus
1961 1496 2053 1545 ibis
2076 1513 2090 1548 ε
2117 1515 2205 1547 nec
2225 1516 2340 1548 sane
2360 1500 2440 1547 ills
2461 1513 2771 1551 contemnen-

1762 1572 1824 1620 da
1838 1573 2007 1636 lectio;
2044 1592 2194 1640 quum
2213 1577 2318 1626 haec
2339 1580 2489 1641 magis
2506 1580 2770 1629 scribarum

1762 1668 1955 1701 manum
1974 1654 2167 1719 prodat.
2194 1658 2262 1704 At
2297 1656 2672 1717 observavimus,
2688 1660 2772 1709 ci-

1763 1747 1986 1780 ceronem
2008 1767 2023 1793 ‚
2067 1745 2124 1782 ut
2177 1735 2328 1796 alibi,
2364 1737 2428 1784 ita
2473 1738 2674 1785 maxime
2718 1738 2770 1785 in
2864 1784 2868 1788 ,

1764 1811 2087 1860 conclusionis
2120 1814 2306 1862 ratione
2331 1816 2580 1863 notionem
2610 1816 2774 1880 potio-

1766 1904 1864 1937 rem
1885 1903 2101 1955 repetere
2127 1894 2307 1953 solere3
2342 1895 2393 1942 id
2429 1896 2564 1959 quod
2590 1913 2650 1945 ex
2677 1896 2771 1945 illis

1766 1969 2241 2032 ratiocinationibus,
2276 1989 2385 2036 que
2402 1975 2594 2025 Acadd.
2623 1978 2696 2034 11,
2722 1986 2773 2025 et

1766 2046 1827 2094 de
1876 2048 2089 2098 Diviuat.
2132 2053 2182 2098 11
2209 2087 2224 2110 ‚
2281 2055 2456 2118 passim
2510 2055 2732 2120 leguntur
2754 2089 2771 2113 ‚

1764 2124 1956 2173 abunde
1982 2138 2129 2192 patet.
2153 2131 2228 2180 Cf.
2253 2133 2316 2179 ad
2349 2135 2495 2198 Legg.
2521 2137 2575 2193 1,
2626 2150 2646 2180 1
2667 2170 2681 2191 ,
2722 2133 2771 2180 3.

1763 2204 1883 2252 Inde
1903 2221 2003 2254 non
2035 2209 2139 2256 sine
2160 2226 2299 2258 causa
2327 2221 2577 2277 utramque
2602 2212 2773 2261 lectio·

1763 2297 1872 2331 nem
1904 2300 1966 2331 ex
2001 2289 2301 2337 correctione
2337 2302 2490 2339 ortam
2531 2302 2771 2356 putamus.

1762 2363 1923 2425 Atque
1943 2364 1984 2410 si
2006 2365 2205 2431 insuper
2216 2382 2367 2429 graeca
2394 2370 2576 2431 cogites
2591 2405 2605 2429 ‚
2649 2371 2774 2417 sorte

1762 2439 1896 2497 hec,
1915 2440 2065 2501 οὕτως
2109 2445 2314 2509 (zonam,
2343 2448 2406 2504 ὣς
2432 2452 2510 2498 νῦν
2545 2441 2611 2502 δὴ
2646 2447 2773 2512 (χιι,

1762 2517 1914 2579 magis
1946 2518 2086 2566 etiam
2120 2521 2360 2583 vulgatam
2405 2522 2650 2572 retinebis.
2699 2526 2774 2571 Dc

1762 2595 1866 2659 ipsa
1887 2595 2150 2662 Chrysippi
2171 2610 2325 2648 status
2348 2600 2445 2649 vid.
2462 2602 2772 2666 Diog.Laert.

1763 2675 1890 2732 vn,
1924 2677 2019 2723 182
2042 2711 2057 2734 ‚
2102 2676 2163 2724 ad
2200 2693 2404 2742 eumque
2443 2682 2635 2744 Menng.
2687 2681 2774 2745 qui

1765 2753 2061 2802 Ceramicum
2094 2755 2372 2804 interiorem
2409 2757 2774 2822 intelligendum

1765 2847 1866 2879 esse
1883 2867 1898 2891 ‚
1916 2848 2018 2880 non
2045 2832 2147 2881 sine
2174 2848 2316 2882 causa
2337 2837 2518 2887 statuit.
2536 2839 2599 2887 G.

1845 2912 1927 2959 18.
1957 2913 2059 2959 Hoc
2092 2926 2154 2959 ne
2178 2923 2381 2961 statuam
2401 2915 2595 2979 quidem
2620 2915 2777 2964 dictu-

1767 3006 1888 3038 ram.
1927 2991 2106 3038 Omnes
2131 2993 2286 3040 nostri
2316 2991 2528 3058 (praeter
2557 2993 2658 3042 Erl.
2689 2994 2777 3057 qui

1766 3085 1914 3132 quam
1941 3067 2063 3133 rei.)
2088 3070 2283 3134 quidem
2308 3082 2523 3132 servaut3
2550 3071 2634 3119 sed
2653 3086 2776 3135 vago

1766 3146 1879 3196 loco
1896 3183 1909 3206 ,
1947 3147 2016 3196 sic
2042 3158 2097 3196 ut
2134 3160 2229 3197 tres
2257 3166 2358 3197 eam
2396 3161 2507 3214 post
2541 3138 2778 3198 dicturam

1768 3226 2007 3288 reiiciant,
2028 3236 2169 3289 atque
2187 3228 2251 3275 ita
2269 3244 2465 3293 quoque
2484 3231 2539 3277 P.
2555 3230 2774 3277 Marsus:

1769 3315 1825 3352 ut
1844 3302 1990 3353 fidem
2008 3315 2219 3352 nostram
2232 3305 2526 3355 Ruhnkenio
2545 3307 2607 3355 ad
2625 3307 2776 3356 Rutil.

1768 3384 1847 3443 11,
1875 3385 1963 3444 16,
1984 3400 2036 3448 p.
2066 3398 2191 3445 1²9,
2218 3383 2529 3445 addicamus,
2563 3387 2779 3451 quicum

1768 3461 1989 3510 Leidensi
2017 3460 2132 3510 cod.
2154 3462 2279 3510 banc
2319 3474 2440 3526 part.
2466 3464 2516 3512 h.
2546 3465 2580 3513 l.
2618 3464 2780 3514 delen-

1771 3538 1879 3588 dam
1889 3540 2097 3602 judicat.
2114 3539 2277 3605 Atque
2290 3542 2332 3589 si
2349 3543 2411 3590 ad
2436 3544 2599 3591 locum
2620 3546 2777 3608 ipsum

1771 3633 1909 3666 aures
1926 3620 2017 3668 rite
2043 3620 2299 3684 applicat-is
2313 3658 2327 3681 ,
2345 3638 2443 3670 non
2463 3622 2620 3670 solum
2640 3623 2782 3670 omis·

1772 3712 1871 3743 sam
1922 3698 2101 3746 malent
2118 3734 2132 3757 ,
2171 3699 2255 3747 sed
2304 3710 2408 3748 tum
2442 3703 2583 3749 etism
2633 3700 2781 3749 verba

1768 3775 1945 3823 fortius
1972 3776 2141 3823 eadere
2170 3779 2390 3826 sentient.
2415 3779 2488 3826 De
2518 3796 2581 3826 ne
2606 3795 2698 3843 pro
2720 3795 2782 3826 ne

1768 3853 1963 3917 quidem
1982 3853 2099 3901 alibi
2113 3854 2456 3916 iudicavimus,
2477 3856 2587 3905 vide
2600 3856 2701 3906 ind.
2719 3856 2781 3904 ad

1765 3931 1957 3982 Aoedd.
1980 3931 2032 3980 h.
2055 3948 2103 3979 v.
2125 3932 2186 3979 G.

1849 4026 1927 4074 19·
1958 4008 2242 4058 Conclusam
2282 4024 2370 4059 est.
2414 4013 2568 4060 Etiam
2604 4015 2781 4062 uostris

1772 4088 1927 4136 tribus
1949 4087 2174 4135 miserum
2194 4088 2426 4152 glossema
2461 4106 2629 4139 verum
2667 4100 2779 4139 ante
