3217 4784
768 462 889 530 DE
939 464 1114 532 FIN.
1169 464 1376 532 BON.
1429 465 1542 531 ET
1592 467 1809 533 MAL.
1862 469 1998 549 IV,
2041 491 2106 533 τι.

2376 467 2512 562 437

382 583 540 668 lim,
576 581 752 678 quid
801 599 1012 682 putes
1059 583 1530 674 mutandum,
1576 610 1712 657 nec
1760 602 2167 684 exspectes»,
2211 588 2383 659 dum
2428 590 2516 661 ad

384 688 677 762 omnia³
715 693 945 764 dicam
971 750 990 781 ,
1029 719 1191 792 quae
1228 718 1268 763 a
1305 708 1377 763 te
1423 694 1614 765 dicta
1655 697 1897 767 suntd.
1938 700 2283 769 Universa
2326 702 2519 770 enim

382 803 671 873 illorum
705 805 981 874 ratione
1002 792 1031 845 ⁵
1065 828 1232 873 cum
1273 817 1424 873 tota
1457 818 1695 875 vestra
1729 804 2273 902 confligendum
2315 822 2521 905 puto.

385 912 530 1001 Qui
566 937 793 1009 quum
821 912 1182 1000 viderent,
1224 916 1319 983 ita
1350 936 1484 984 nos
1521 938 1675 986 esse
1710 929 1948 1003 natos,
1983 930 2065 986 ut
2093 931 2167 987 et
2195 942 2521 989 commu·
2561 936 2592 993 4

387 1025 578 1092 niter
613 1021 702 1092 ad
742 1047 857 1112 eas
882 1024 1186 1093 virtutes
1214 1023 1364 1119 apti
1390 1046 1743 1109 essemus,
1780 1049 1941 1122 quae
1968 1039 2157 1095 notae
2183 1026 2526 1098 illustres-

388 1157 534 1228 que
578 1145 778 1217 sunt,
824 1132 1170 1227 justitiam
1219 1130 1384 1202 dico
1411 1186 1430 1219 ,
1474 1130 2059 1231 temperantiam,
2110 1149 2528 1235 ceterasque

388 1242 672 1338 generis
724 1239 1143 1338 ejusdem63
1181 1268 1343 1340 quae
1386 1255 1690 1316 omnes?
1739 1243 2004 1315 similes
2051 1247 2314 1316 artium
2360 1248 2526 1319 reli-

460 1430 508 1479 3.
528 1431 617 1480 Ad
629 1431 812 1482 otnnia.
832 1436 908 1482 De
923 1432 1128 1498 singulis
1147 1433 1413 1498 quibusque

388 1509 627 1574 intelliges
644 1546 661 1573 ,
688 1523 744 1561 ut
768 1525 1045 1579 opponatur
1081 1513 1313 1562 um'versoe
1339 1529 1415 1560 ra-

389 1589 516 1639 tioni
531 1607 550 1637 .·
599 1592 671 1638 sic
725 1608 828 1640 non
879 1608 1006 1658 opus
1049 1603 1151 1651 est,
1198 1603 1251 1640 ut
1302 1607 1413 1638 cum

388 1668 595 1717 Nisseno
638 1688 732 1734 pro
777 1694 803 1713 α
821 1688 912 1720 nec
934 1681 1183 1736 exspectes
1202 1692 1227 1712 ο
1242 1704 1260 1731 ,
1286 1692 1313 1712 σι
1328 1668 1416 1716 sed

389 1763 533 1813 exsp.
554 1771 580 1791 ιι
600 1750 758 1800 malis.
789 1753 851 1801 G.

465 1834 511 1880 4.
556 1829 677 1890 Qeeoe
726 1846 759 1876 a
802 1840 846 1877 te
894 1828 1031 1877 dicta
1075 1838 1201 1877 sunt.
1244 1827 1417 1876 Nostri

392 1919 562 1953 omnes
581 1941 596 1964 ,
633 1908 776 1956 Vien.
809 1917 1001 1971 tresque
1038 1908 1242 1955 Oxonn.
1285 1918 1417 1955 ante.

393 1983 489 2031 Sed
502 1985 695 2048 vulgata
706 1985 1002 2051 preferenda
1018 1997 1115 2044 estz
1132 1985 1224 2033 nisi
1236 1996 1419 2035 utrum·

393 2077 516 2124 que,
555 2075 671 2111 ante
698 2081 730 2112 a
755 2076 829 2124 te,
859 2064 1012 2111 malis.
1040 2068 1145 2113 Att.
1175 2066 1299 2122 vn,
1333 2081 1416 2130 ep.

401 2150 463 2198 14
492 2155 505 2189 ε
533 2164 558 2184 ιι
579 2141 640 2190 de
667 2143 847 2206 quibus
888 2153 999 2190 ante
1038 2143 1101 2191 ad
1135 2154 1180 2191 te
1214 2143 1419 2207 scripse-

392 2237 495 2267 ram
517 2242 557 2269 ι.
585 2224 853 2271 G.—Ante
880 2220 1101 2270 universa
1123 2222 1255 2271 Goer.
1276 2223 1420 2286 ponit

393 2311 629 2367 punctum
663 2299 870 2365 duplex,
909 2301 1043 2364 quod
1085 2301 1227 2349 nobis
1252 2301 1421 2348 melius

396 2378 587 2426 videtur
606 2379 833 2427 absoluto
854 2390 1062 2443 puncto.

470 2458 518 2505 ὅ.
550 2458 786 2506 Universa
824 2458 953 2505 enim
992 2458 1183 2507 illorum
1218 2456 1422 2509 ratione.

397 2540 546 2587 Recte
565 2537 779 2585 occurrit
791 2538 908 2584 Ern.
925 2538 1113 2586 Davisii
1133 2538 1425 2597 conjecturat

397 2618 652 2667 univetsoe.
668 2616 906 2667 ..rationi
926 2635 945 2665 .·
962 2635 1131 2666 sensus
1158 2627 1230 2665 est
1255 2618 1382 2664 enim
1408 2650 1424 2676 ,

398 2719 424 2738 κ
455 2697 748 2761 opponenda
774 2697 824 2742 in
851 2697 1128 2744 universum
1157 2697 1324 2743 Stoica
1352 2695 1426 2742 di·

400 2776 605 2839 sciplina
640 2775 713 2822 illi
752 2775 1159 2823 Academicorum
1206 2787 1255 2823 et
1298 2774 1427 2822 Peri·

400 2855 724 2921 pateticorum
750 2863 847 2913 est,
872 2862 1016 2916 atque
1057 2854 1124 2901 ita
1152 2854 1212 2901 de
1246 2853 1327 2901 illa
1347 2854 1429 2913 jn-

405 2933 587 2981 dieinm
628 2930 877 2980 ferendum
905 2953 947 2980 n.
989 2932 1214 2980 Ceterum
1253 2933 1431 2996 saepius

403 3024 572 3061 auctor
597 3009 890 3078 confle'gere,
920 3020 969 3057 et
993 3010 1238 3077 conflictio
1263 3013 1429 3076 ponit,

404 3102 460 3139 nt
486 3090 771 3154 simpliciter
790 3105 1074 3153 comparare
1088 3124 1104 3148 ,
1125 3101 1220 3137 etc.
1253 3090 1427 3138 valeat.

406 3174 514 3218 lnv.
540 3171 616 3230 11,
639 3170 702 3226 43
718 3205 733 3228 ,
758 3168 857 3217 1⁴26
879 3182 893 3216 ε
915 3190 940 3210 α
962 3170 1098 3231 Saepe
1120 3185 1233 3216 eum
1250 3171 1433 3232 scripto

406 3249 668 3297 adversarii
706 3248 886 3296 sactum
922 3246 1230 3310 confligendo
1251 3269 1295 3294 a.
1324 3248 1434 3294 Hoc

408 3342 570 3377 tamen
599 3328 714 3376 loco
741 3344 851 3375 cum
876 3328 991 3376 Ern.
1019 3327 1385 3375 similitudinem
1407 3343 1435 3373 a

408 3408 604 3457 duobus
644 3407 939 3455 exercitibus
959 3440 977 3467 ,
1005 3406 1132 3454 inter
1172 3423 1223 3455 se
1265 3404 1437 3454 confli-

408 3487 661 3551 gentibus,
688 3486 889 3550 petitam
919 3495 1046 3532 recte
1068 3486 1278 3550 putabis.
1302 3488 1363 3534 G.

479 3568 530 3616 6.
542 3567 835 3629 Ceterasque
840 3564 1037 3630 generis
1052 3565 1262 3629 ejusdem
1271 3603 1283 3614 .
1303 3567 1438 3614 Goer.

411 3646 540 3694 delet
560 3663 655 3710 que
674 3661 735 3692 ex
754 3644 887 3707 Spir.
907 3644 1009 3691 Erl.
1028 3654 1078 3692 et
1092 3644 1333 3708 frequenti
1349 3661 1437 3692 au-

411 3725 559 3772 ctoris
583 3741 694 3772 usu.
712 3723 791 3773 cf.
822 3723 930 3770 Off.
955 3724 1064 3781 111,
1096 3738 1180 3782 ιο,
1202 3740 1265 3786 9;
1288 3727 1437 3772 Tusc.

411 3806 506 3865 IV,
539 3805 625 3862 31,
652 3806 753 3863 663
788 3813 839 3851 et
869 3803 992 3850 infra
1029 3803 1136 3850 Fin.
1160 3805 1222 3860 V,
1252 3820 1303 3864 7,
1347 3803 1441 3860 18,

412 3884 499 3930 nbi
526 3900 663 3947 aeque
704 3899 799 3947 que
832 3881 1037 3930 delenda
1062 3882 1171 3929 fuit.
1191 3909 1264 3917 —
1288 3882 1442 3930 Intel-

413 3964 630 4026 liguntur
651 3974 811 4010 autem
850 3962 979 4009 binae
1008 3961 1205 4024 reliquae
1238 3962 1443 4008 virtutes

1504 1436 1712 1483 Goerenz
1737 1434 1959 1499 parenth.
1987 1435 2225 1496 includit,
2263 1446 2529 1501 notatque:

1501 1513 1691 1561 Similes
1717 1514 1833 1561 inde
1860 1513 1979 1561 dicit
2006 1515 2213 1561 maxime
2240 1515 2344 1564 Cic.
2366 1514 2531 1562 virtu-

1504 1603 1575 1639 tes
1598 1592 1782 1641 artibus
1796 1625 1813 1651 ,
1835 1592 1972 1661 quod
1989 1604 2209 1656 ntroeqne
2228 1603 2343 1639 sunt
2358 1613 2383 1634 ιι
2405 1609 2536 1640 com·

1503 1672 1819 1720 mentationis
1842 1682 1889 1719 et
1909 1672 2334 1730 exercitationis»,
2355 1671 2422 1719 cs.
2441 1673 2539 1729 111,

1511 1750 1592 1809 15,
1637 1751 1720 1808 50,
1764 1762 1912 1814 atque
1944 1762 2162 1815 utraeque
2200 1752 2423 1813 proxime
2470 1750 2533 1796 ad

1505 1831 1718 1877 animum
1747 1831 2022 1878 reseruntur
2043 1845 2057 1879 ε
2079 1829 2213 1877 unde
2235 1831 2380 1877 etiam
2407 1840 2536 1877 artes

1506 1908 1660 1957 Stoici
1696 1908 1747 1955 in
1771 1907 2037 1956 virtutibus
2063 1908 2182 1971 ipsis
2198 1906 2535 1955 numerabant.

1505 1990 1575 2037 At
1602 1986 1812 2034 materia
1832 1997 2065 2052 praestant
2088 1987 2295 2035 virtutes
2315 2024 2329 2048 ,
2356 1989 2537 2049 quippe

1505 2066 1683 2129 quibus
1704 2064 1980 2113 constantia
2005 2065 2128 2113 vitoe
2162 2064 2454 2113 elaboranda
2474 2066 2537 2112 sit

1505 2144 1630 2208 (vid.
1650 2145 1685 2193 l.
1705 2143 1759 2209 l.)
1773 2178 1787 2202 ,
1807 2145 1992 2193 artibus
2012 2161 2086 2191 res
2104 2155 2329 2191 externas
2348 2144 2444 2191 sere
2462 2160 2539 2191 ea-

1506 2240 1713 2287 rumque
1738 2224 1904 2270 cansas
1923 2223 2272 2288 spectantibus.
2295 2221 2416 2269 Inde
2441 2222 2538 2270 illae

1508 2317 1707 2365 quoque
1731 2301 1919 2349 ratione
1939 2312 1989 2349 et
2012 2302 2088 2349 via
2103 2336 2119 2363 ,
2139 2317 2235 2365 qua
2255 2310 2539 2357 tractantur,

1508 2381 1570 2428 ab
1598 2380 1677 2426 his
1715 2380 2098 2441 distinguuntur.
2138 2401 2162 2421 κ
2198 2382 2259 2426 In
2290 2378 2541 2427 meliorem

1510 2469 1698 2525 partem
1723 2481 1748 2500 x·
1765 2494 1778 2518 ‚
1804 2458 1912 2522 pari
1941 2459 2130 2505 ratione
2148 2492 2162 2516 ‚
2192 2473 2290 2520 qua
2318 2480 2342 2499 κ
2368 2458 2419 2504 in
2449 2457 2542 2506 bo·

1510 2555 1650 2596 nam,
1673 2540 1725 2584 in
1763 2538 1996 2601 optimam
2025 2547 2210 2599 partem
2231 2556 2283 2597 ι,
2326 2536 2543 2596 dicitur,

1510 2618 1607 2665 hoc
1644 2633 1786 2664 sensu
1827 2629 1841 2665 ε
1882 2637 1906 2657 α
1940 2615 2175 2674 virtutes,
2221 2615 2283 2663 ab
2331 2616 2543 2680 ipsarum

1512 2709 1649 2761 parte
1660 2733 1674 2757 ,
1694 2696 1898 2744 meliore
1913 2695 2111 2743 materia
2130 2706 2336 2743 utuntur
2352 2719 2392 2745 υ.
2408 2694 2545 2744 Nihil

1512 2777 1666 2840 igitur
1697 2791 1789 2822 nec
1819 2775 2057 2822 Lambino
2085 2775 2188 2821 haec
2228 2775 2318 2822 tria
2345 2791 2428 2822 vv.
2456 2790 2547 2822 nec

1515 2857 1717 2904 Davisio
1744 2865 1878 2903 totus
1901 2854 2040 2902 locus
2062 2853 2122 2901 de
2149 2854 2435 2917 glossemate
2464 2869 2544 2901 su·

1517 2948 1710 2999 spectus
1734 2951 1836 2983 esse
1864 2933 2086 2981 debebat.
2105 2932 2404 2979 —Materia
2432 2942 2548 2978 tan-

1519 3028 1642 3064 tum.
1673 3014 1925 3062 Materiam
1950 3013 2185 3059 virtutum
2206 3011 2426 3057 fecerunt
2455 3011 2546 3056 Pe-

1519 3096 1559 3142 ri
1565 3094 1760 3159 patetici
1775 3089 1838 3140 τὰ
1850 3088 1994 3149 πάθη,
2005 3089 2154 3137 animi
2168 3088 2549 3137 commotiones:

1520 3190 1661 3237 quae,
1696 3173 1811 3234 quia
1837 3169 1984 3216 variae
2024 3176 2167 3225 sunt,
2192 3167 2350 3214 varias
2379 3181 2553 3229 genue-

1523 3262 1638 3299 runt
1681 3251 1915 3296 virtutum
1962 3245 2165 3310 species.
2224 3245 2354 3293 Nam
2401 3246 2554 3294 virtus

1524 3330 1683 3377 omnis
1696 3328 1821 3375 ratio
1843 3337 1914 3374 est
1929 3360 1943 3383 ,
1963 3341 2071 3389 quae
2093 3323 2372 3372 actionibus
2391 3336 2440 3372 et
2458 3324 2555 3372 illis

1523 3408 1673 3457 animi
1712 3404 2081 3454 vehementibus
2116 3402 2419 3451 motionibus
2445 3419 2553 3451 mo-

1526 3489 1643 3537 dum
1667 3485 1870 3534 adhibet
1898 3500 1911 3534 :
1945 3500 2089 3547 quam
2118 3482 2260 3532 multi
2283 3498 2427 3530 unam
2451 3492 2558 3531 tan-

1527 3581 1631 3617 tum
1659 3567 1876 3613 fecerunt
1902 3563 2133 3611 virtutem
2147 3596 2162 3621 ,
2181 3578 2326 3625 quam
2346 3562 2559 3626 pruden-

1527 3649 1643 3694 tiam
1685 3644 2003 3692 nominarunt
2020 3676 2034 3699 ,
2085 3653 2135 3690 et
2184 3657 2277 3705 pro
2323 3642 2556 3691 varietate

1528 3742 1691 3774 rerum
1731 3725 1783 3770 in
1821 3739 1918 3785 qua
1957 3731 2244 3778 versaretur,
2272 3720 2378 3769 aliis
2415 3733 2562 3784 atque

1528 3806 1636 3854 aliis
1677 3802 1957 3850 nominibus
1994 3801 2316 3865 appellarunt.
2355 3802 2406 3848 Si
2431 3801 2561 3849 enim

1532 3886 1584 3933 in
1605 3899 1666 3932 eo
1691 3893 1981 3947 occupetur,
2006 3893 2063 3929 ut
2090 3896 2232 3927 suum
2258 3881 2434 3944 cuique
2462 3881 2565 3928 dis·

1532 3965 1746 4022 tribuat,
1795 3961 2031 4025 appellari
2080 3959 2318 4021 justitiam
2357 3975 2370 4009 :
2429 3961 2469 4007 si
2513 3961 2564 4006 iu

416 4040 699 4095 cardinales,
721 4064 745 4083 ιι
760 4041 976 4090 scientiae
995 4041 1209 4088 studium
1229 4051 1278 4088 et
1294 4040 1446 4087 animi
1535 4041 1844 4091 moderandis
1871 4039 2125 4088 doloribus
2151 4050 2197 4087 et
2227 4038 2457 4102 periculis
2475 4038 2564 4084 ho-

419 4118 706 4181 magnitudo
734 4141 777 4168 n.

494 4217 541 4261 7.
590 4202 712 4264 Quae
758 4217 946 4250 omnes.
972 4238 984 4251 .
1008 4199 1289 4267 Afferum.
1318 4202 1442 4249 Haec

1538 4123 1736 4171 nestatis
1783 4135 1924 4167 causa
1941 4154 1955 4176 ,
2000 4117 2353 4167 fortitudinem.
2396 4120 2565 4178 Itaque

1538 4202 1625 4265 qui
1651 4216 1796 4249 unam
1817 4214 1981 4248 earum
1998 4198 2172 4245 habeat
2188 4229 2203 4255 ,
2223 4195 2430 4260 reliquas
2450 4195 2566 4247 item
