3217 4784
1268 394 1463 415 ΝΜ·
1468 404 1478 414 ι

806 614 960 716 Μ.
1042 616 1172 716 Τ.
1246 613 2202 724 CICERONIS

504 858 645 937 DE
699 856 1114 937 FINIBUS
1170 858 1698 939 BONORUM
1747 860 1884 939 ET
1939 861 2506 963 MALORUM,

1058 1067 1234 1153 AD
1322 1067 1963 1182 BRUTUM,

1118 1298 1434 1367 LIBER
1483 1298 1907 1369 PRIMUS.

346 1699 371 1717 ⁶
448 1666 724 1771 1-No1c
762 1719 953 1768 eram
980 1696 1567 1783 nescius‚Brute‚
1592 1716 1857 1790 quum,
1880 1718 2038 1790 quae
2064 1700 2363 1767 summis
2380 1701 2576 1795 inge-
2617 1722 2640 1757 ¹

450 1810 590 1880 niis
606 1862 625 1891 ‚
667 1806 1171 1904 exquisitaque
1197 1802 1527 1875 doctrina
1544 1802 1958 1901 philosophi
1986 1828 2217 1901 graeco
2241 1829 2575 1880 sermone

454 1920 978 2003 tractavissent,
1010 1940 1093 1987 ea
1130 1915 1367 1987 latinis
1406 1913 1631 1987 literis
1664 1914 2171 1988 mandaremus
2191 1927 2244 2004 ¹,
2276 1914 2464 2008 fore,
2495 1936 2578 1993 ut

452 2028 573 2098 hic
602 2042 849 2099 noster
879 2025 1084 2098 labor
1127 2029 1203 2097 iu
1238 2027 1464 2097 varias
1509 2024 2110 2123 reprehensiones
2148 2027 2570 2101 incurreret.

458 2139 643 2209 Nam
681 2135 1155 2232 quibusdam,
1191 2150 1267 2207 et
1308 2138 1393 2207 iis
1427 2135 1726 2232 quidem
1764 2161 1912 2207 non
1944 2136 2334 2208 admodum
2370 2137 2583 2211 indo-

461 2249 595 2318 ctis
612 2301 632 2335 ,
655 2258 891 2316 totum
915 2244 1059 2315 hoc
1088 2243 1451 2341 displicet,
1467 2244 1985 2344 philosophari.
2008 2248 2320 2338 Quidam
2345 2262 2588 2321 autem

462 2383 613 2430 non
650 2354 727 2428 id
764 2370 912 2427 tam
933 2364 963 2398 ²
1011 2353 1556 2454 reprehendunt
1577 2410 1596 2445 ‚
1644 2361 1702 2429 si
1724 2357 2087 2430 remissius
2132 2374 2421 2456 agatur3
2460 2361 2587 2432 sed

532 2617 574 2663 1.
620 2631 665 2664 ι.
701 2613 891 2665 Latinis
933 2614 1083 2664 literis
1123 2614 1483 2665 mandaremus.

461 2697 569 2760 Ego
614 2706 665 2744 et
703 2705 777 2743 tu.
811 2695 936 2744 Nam
976 2697 1156 2744 Brutus
1194 2711 1393 2760 quoque
1433 2695 1487 2744 in

461 2773 590 2822 hanc
624 2775 1019 2823 exercitationem
1043 2773 1260 2823 studiose
1298 2774 1489 2822 incum-

462 2851 779 2900 bebat.1.iber
792 2853 895 2913 ejus
912 2852 973 2900 de
986 2853 1166 2901 virtute
1179 2868 1329 2916 quum
1341 2852 1457 2900 alibi
1469 2887 1485 2912 ‚

468 2943 573 2980 tum
593 2931 690 2979 hoc
718 2931 825 2995 ipso
853 2932 903 2979 in
927 2933 1167 2997 prooemio
1194 2949 1222 2980 a
1251 2933 1486 2981 Cicerone

466 3011 710 3061 laudatur.
752 3014 952 3060 Veteres
997 3012 1291 3074 grammatici
1339 3013 1489 3061 citant

468 3092 649 3141 librum
686 3092 901 3154 ejusdem
935 3092 995 3140 de
1021 3090 1216 3152 officio,
1252 3093 1353 3139 sive
1377 3088 1488 3160 πιρὶ

470 3171 788 3232 καθήκοντος,
815 3181 874 3219 ut
895 3186 1005 3218 eum
1023 3180 1164 3217 vocat
1178 3170 1374 3229 Seneca,
1392 3171 1487 3233 Ep.

472 3252 541 3315 95
558 3285 577 3312 ‚
618 3249 747 3300 med.
793 3248 939 3298 Cous.
990 3248 1100 3297 cic.
1139 3247 1370 3296 Academ.
1399 3245 1487 3294 lib.

472 3332 525 3388 1,
557 3345 670 3394 cap.
690 3329 720 3378 3
753 3343 767 3378 :
793 3350 818 3370 ι
836 3329 1015 3376 Brutus
1041 3325 1265 3391 quidem,
1304 3325 1490 3389 inquit,

474 3419 642 3457 noster
655 3441 670 3467 ‚
693 3406 934 3456 excellens
951 3408 1085 3456 omni
1103 3421 1274 3470 genere
1309 3404 1490 3469 laudis,

475 3488 546 3535 sic
570 3486 934 3552 philosophiam
957 3485 1121 3534 latinis
1158 3484 1310 3533 literis
1335 3500 1493 3550 perae-

474 3565 658 3630 quum,
682 3564 808 3614 nihil
833 3576 887 3613 ut
907 3564 1078 3614 iisdem
1099 3564 1159 3613 de
1177 3564 1321 3612 rebus
1339 3578 1494 3627 ὅπου

475 3645 772 3694 desideres».
799 3646 1071 3694 Mean-ns.

551 3741 600 3773 τι.
627 3726 741 3773 Non
766 3724 824 3773 id
845 3736 969 3772 tam.
991 3759 1003 3772 .
1027 3758 1040 3770 .
1070 3722 1170 3772 sed.
1207 3725 1369 3771 Voces
1393 3738 1494 3770 non

477 3805 535 3854 id
548 3840 566 3863 ,
602 3819 703 3869 quo
727 3805 882 3866 major
907 3803 983 3852 vis
1004 3803 1057 3852 in
1081 3802 1302 3868 negativa
1324 3802 1495 3861 'esaet,

480 3883 785 3947 mnspoaitoe
809 3894 949 3943 sunt,
973 3893 1031 3931 nt
1044 3918 1059 3941 ‚
1075 3904 1102 3925 ι
1119 3898 1223 3930 non
1238 3881 1337 3930 hoc
1353 3880 1496 3941 ideo,

480 3979 585 4011 non
609 3976 700 4026 ego
716 3982 756 4010 a.
803 3963 923 4010 Tam
947 3972 1141 4011 servant
1173 3960 1281 4011 bini
1306 3960 1497 4020 nostri,

484 4040 580 4088 Erl.
606 4056 703 4088 non
724 4051 825 4087 tam
852 4039 910 4088 id
922 4075 938 4101 ,
957 4041 1088 4090 Gud.
1111 4051 1365 4102 tamquam
1384 4058 1403 4095 ,-
1427 4055 1497 4086 re-

484 4118 614 4181 liqua
637 4117 777 4168 turba
800 4136 912 4169 cum
929 4120 1126 4184 reliquia
1141 4130 1332 4168 tantum
1349 4129 1499 4167 muta·

1572 2615 1647 2663 vit
1673 2628 1689 2663 ε
1727 2623 1783 2662 ut
1807 2630 1902 2680 pro
1927 2614 2087 2665 lubitu
2122 2616 2293 2666 scribae
2321 2617 2480 2667 solent
2498 2651 2515 2679 ‚
2555 2619 2599 2668 si

1573 2695 1713 2743 vocis
1732 2695 1831 2743 vim
1851 2711 1953 2744 uon
1975 2708 2310 2761 assequuntur.
2329 2697 2447 2747 Non
2467 2698 2596 2746 enim

1575 2774 1913 2823 Lallemandua
1952 2776 2226 2840 sequendus
2259 2787 2365 2837 eat,
2403 2777 2490 2841 qui
2527 2777 2600 2826 aic

1577 2853 1747 2902 edidit.
1774 2855 1941 2901 Davis.
1968 2865 2069 2902 tum
2091 2871 2154 2902 ex
2173 2856 2482 2916 conjectura3
2521 2866 2598 2903 at-

1578 2948 1675 2996 que
1700 2933 1767 2980 ita
1786 2933 1886 2994 jam
1924 2934 2024 2980 Pet.
2073 2933 2283 2982 Marsua.
2330 2930 2426 2978 Sed
2470 2943 2599 2981 recte

1575 3022 1678 3057 tam
1717 3010 1895 3076 probat
1931 3010 2116 3069 Bremi3
2143 3008 2294 3057 modo
2331 3023 2435 3055 non
2470 3020 2599 3058 recta

1576 3090 1763 3137 ratione
1780 3123 1795 3148 ,
1821 3089 1907 3152 qui
1937 3103 2032 3151 pro
2056 3087 2213 3136 valde
2236 3087 2450 3151 positum
2468 3089 2599 3137 acci·

1575 3168 1699 3232 piat.
1729 3171 1887 3216 Immo
1917 3177 2018 3213 eam
2048 3175 2103 3214 ut
2125 3166 2175 3215 h.
2203 3165 2237 3214 l.
2263 3166 2333 3214 sic
2356 3166 2471 3215 aliaa
2494 3167 2601 3216 elli·

1577 3246 1712 3309 ptiee
1737 3246 1966 3310 ponitur,
1995 3261 2143 3310 quam
2169 3245 2431 3295 intellecta.
2458 3247 2596 3298 Orat.

1586 3326 1679 3385 48,
1714 3324 1806 3373 161
1841 3338 1855 3372 ε
1885 3325 2072 3389 «Quod
2098 3326 2138 3372 si
2169 3324 2368 3375 indocta
2395 3340 2599 3375 conane-

1583 3404 1706 3454 tudo
1753 3415 1852 3454 tam
1893 3416 1965 3454 est
1998 3407 2181 3455 artifex·
2205 3406 2453 3455 suavitatis
2486 3405 2597 3471 (nc.

1581 3500 1733 3549 quam
1753 3482 1958 3550 docui),
2006 3485 2126 3549 quid
2161 3484 2223 3534 ab
2259 3486 2366 3549 ipsa
2405 3484 2598 3534 tandem

1580 3574 1708 3611 arte.
1730 3600 1743 3612 .
1765 3597 1778 3611 .
1836 3563 2070 3629 postulari
2111 3562 2336 3612 dieamus
2356 3564 2380 3610 ἓ
2435 3584 2461 3604 ι·
2492 3564 2598 3612 Att.

1582 3646 1735 3702 xm,
1769 3660 1848 3709 ep.
1877 3644 1943 3693 2⁵
1965 3657 1980 3691 ε
2000 3666 2026 3686 ιι
2049 3643 2172 3691 maie
2189 3642 2307 3691 mihi
2324 3641 2411 3701 sit,
2435 3643 2475 3689 si
2497 3658 2599 3689 um·

1581 3739 1727 3788 quam
1753 3722 2018 3787 quidquam
2045 3733 2141 3771 tam
2181 3722 2334 3769 enitar
2350 3742 2376 3762 ι·
2420 3720 2598 3785 (quam

1580 3803 1670 3851 has
1694 3802 1759 3851 ad
1785 3803 2055 3851 Varronem
2081 3800 2243 3850 literas
2260 3799 2296 3866 ).
2328 3798 2426 3847 Sed
2454 3800 2596 3848 etiam

1583 3881 1648 3928 ad
1671 3880 2015 3946 particularum
2037 3881 2314 3941 juncturam
2337 3911 2352 3935 ‚
2392 3892 2516 3924 non.
2538 3910 2551 3923 .
2573 3910 2587 3923 .

1582 3972 1684 4010 cam
1694 3995 1850 4010 .....
1903 3960 1994 4009 sed
2014 3993 2029 4019 ‚
2084 3955 2429 4008 attendendum
2476 3964 2595 4003 erat.

1586 4041 1723 4088 Brut.
1770 4039 1866 4099 15,
1907 4039 1970 4088 58
1994 4072 2012 4100 ‚
2040 4059 2066 4081 α
2086 4053 2196 4103 φη
2226 4050 2358 4086 nune
2401 4031 2599 4097 quidem

1588 4133 1689 4165 non
1716 4129 1812 4165 tam
1843 4118 1990 4167 estin
2014 4116 2282 4182 pleri-que,
2322 4110 2404 4157 ted
2444 4120 2515 4157 est
2547 4128 2602 4158 ea
