3217 4784
666 414 755 490 56

1343 421 1438 487 Μ.
1490 419 1568 486 Τ.
1624 417 2104 488 CICERONIS

664 543 742 607 iu
784 541 1300 613 constitutione
1363 535 1572 621 finis,
1627 538 1726 608 nil
1782 559 2212 634 generosum
2263 538 2496 633 sapit,
2551 549 2769 632 atque

567 653 632 711 23
673 643 1196 744 magnificum].
1263 644 1658 718 Confirmat
1689 636 1719 691 ⁵
1774 646 1950 717 illud
2002 646 2116 716 vel
2176 648 2524 729 maxime,
2571 641 2770 740 quod

665 760 819 854 ipsa
846 769 1096 826 natura
1114 808 1135 843 ‚
1163 771 1248 827 ut
1277 757 1374 826 ait
1400 755 1558 843 ille,
1594 755 1937 828 adsciscat
1967 769 2038 827 et
2061 752 2440 853 reprobet,
2470 752 2544 823 id
2577 765 2685 823 est
2711 748 2770 838 ⁶,

664 865 1107 960 voluptatem
1160 879 1231 936 et
1286 863 1635 937 dolorem.
1673 864 1784 936 Ad
1821 866 2008 954 haec,
2040 879 2112 936 et
2153 888 2311 962 quae
2349 887 2770 960 sequamur,

667 989 740 1044 et
805 998 965 1069 quae
1019 973 1413 1072 fugiamus,
1471 974 1695 1046 refert
1742 977 2003 1046 omnia.
2062 972 2281 1066 Quod
2332 994 2770 1071 quamquam

664 1084 1007 1180 Aristippi
1037 1096 1062 1141 ⁷
1106 1100 1252 1174 est,
1317 1110 1357 1156 a
1420 1087 1969 1190 Cyrenaicisque
2026 1082 2282 1154 melius
2335 1080 2772 1177 liberiusque

665 1190 1160 1279 defenditur⁸‚
1203 1209 1445 1266 tamen
1503 1195 1856 1291 ejusmodi
1915 1218 2067 1269 esse
2114 1191 2403 1287 judico,
2453 1205 2536 1262 ut
2596 1188 2773 1259 nihil

666 1301 959 1374 homine
990 1302 1316 1376 videatur
1353 1303 1738 1401 indignius.
1777 1302 1888 1375 Ad
1924 1303 2195 1398 majora
2232 1303 2422 1371 enim
2447 1298 2775 1397 quaedam

666 1436 801 1493 nos
848 1427 1101 1485 natura
1140 1417 1388 1510 genuit
1449 1428 1524 1485 et
1560 1413 2073 1501 conformavit,
2113 1424 2197 1482 ut
2251 1408 2428 1480 mihi
2477 1405 2772 1506 quidem

668 1518 973 1591 videtur.
1009 1526 1109 1594 Ac
1148 1521 1306 1594 fieri
1349 1537 1626 1621 potest,
1683 1536 1767 1594 ut
1821 1514 2098 1593 errem:
2159 1518 2286 1591 sed
2331 1521 2429 1590 ita
2477 1540 2773 1615 prorsus

674 1630 1003 1710 existimo
1027 1683 1048 1719 ‚
1081 1656 1319 1729 neque
1350 1658 1520 1706 eum
1548 1636 1996 1731 Torquatum
2019 1643 2077 1715 9,
2133 1632 2260 1728 qui
2317 1627 2459 1700 hoc
2505 1626 2780 1725 primus

667 1845 777 1893 tur,
802 1833 923 1884 nihil
940 1851 1054 1883 sane
1079 1836 1362 1898 continent,
1381 1853 1470 1885 cur
1488 1838 1600 1885 intt.
1624 1854 1682 1887 ea

669 1924 922 1980 tantopere
943 1924 1274 1965 contemnant.
1293 1918 1362 1963 At
1380 1915 1466 1963 vix
1503 1915 1687 1978 proba·

668 1991 766 2045 bile
787 2005 860 2041 eet
874 2028 890 2052 ‚
915 2003 1161 2040 auctorem
1189 2003 1286 2040 tam
1308 1992 1604 2056 precipitate
1621 1994 1687 2041 ad

672 2073 864 2121 tertiam
893 2071 1076 2118 ethices
1091 2081 1279 2135 partem
1296 2070 1539 2125 transisse.
1565 2072 1687 2122 Post

670 2148 777 2203 haec
822 2158 981 2196 autem
1029 2150 1161 2212 ipsa,
1206 2150 1247 2196 si
1284 2147 1361 2197 vel
1385 2149 1437 2197 in
1460 2151 1688 2212 genuinis

672 2227 965 2275 haberentur
977 2260 994 2286 ,
1019 2238 1180 2277 tamen
1200 2227 1435 2276 excidisse
1453 2228 1543 2276 alia
1561 2244 1690 2293 qua-

676 2305 785 2353 dam
823 2305 1037 2369 putanda
1064 2305 1255 2367 forent,
1298 2323 1452 2371 quum
1503 2323 1566 2356 ne
1617 2310 1688 2356 sic

677 2383 873 2448 quidem
910 2400 965 2433 ea
984 2419 1000 2443 ‚
1040 2400 1150 2448 qnoe
1191 2385 1515 2448 subjiciuntur
1537 2420 1554 2446 ,
1595 2386 1691 2440 rite

679 2464 969 2513 cohereant.
1014 2464 1085 2521 Ita
1127 2480 1241 2513 sane
1269 2480 1360 2513 nos
1398 2482 1598 2530 quoque
1635 2482 1688 2513 ea

679 2541 969 2599 exclusimus
987 2578 1004 2604 ,
1023 2542 1200 2606 quibus
1216 2543 1339 2596 nihil
1356 2554 1582 2593 contexta
1603 2544 1694 2591 ad·

676 2620 979 2680 juvarentur,
1003 2636 1209 2684 qumque
1238 2631 1315 2671 tot
1337 2621 1490 2673 codd.
1511 2622 1693 2673 nostri-

680 2713 776 2765 que
797 2712 966 2746 omnes
986 2697 1279 2747 damnarent.
1298 2699 1362 2752 G.

756 2775 806 2824 5.
827 2775 1089 2843 Confirmat
1106 2775 1245 2825 illud.
1284 2779 1491 2827 Goerenz
1527 2777 1698 2836 scribit

683 2879 708 2898 -ι
727 2852 983 2903 confirmat
999 2865 1159 2903 autem
1178 2855 1301 2903 illud
1316 2877 1363 2905 ι.
1383 2859 1560 2905 Autem
1575 2891 1592 2916 ,
1622 2859 1698 2907 in-

682 2936 791 3001 quit
809 2969 827 2995 ,
863 2951 892 2983 e
916 2936 1117 2985 Davisio
1153 2934 1316 2984 addita
1334 2969 1349 2994 ,
1397 2938 1596 2986 Oxonn.
1632 2937 1664 2985 5
1682 2973 1700 3001 ‚

686 3014 984 3080 totidemque
1007 3015 1185 3063 nostris
1203 3049 1218 3075 n
1258 3012 1401 3063 vien.
1438 3015 1702 3067 veteribus-

685 3110 780 3157 que
789 3094 931 3143 editis
944 3094 1186 3159 plerisque
1200 3094 1426 3143 omuibus
1442 3093 1700 3149 stabilitur.

688 3174 863 3224 Parum
884 3185 1014 3223 recte
1032 3172 1248 3229 eamdem
1265 3174 1429 3222 denuo
1445 3175 1561 3227 Em.
1580 3173 1702 3237 reje-

689 3261 840 3298 cerat.

759 3329 813 3377 6.
855 3328 925 3376 Id
957 3340 1044 3377 est.
1089 3329 1337 3381 Audacius
1374 3308 1542 3384 David.
1582 3348 1703 3397 pro·

690 3405 836 3455 bante
851 3405 1113 3465 Bremi,1’d
1132 3424 1231 3457 esse
1253 3410 1423 3465 suadet
1446 3425 1460 3460 ε
1485 3427 1638 3476 quum
1654 3423 1705 3461 et

691 3484 833 3553 plena
868 3495 1095 3534 contexta
1145 3487 1477 3537 desiderentur
1495 3523 1511 3547 ‚
1546 3501 1625 3548 et,
1663 3490 1704 3538 si

691 3564 771 3612 vel
784 3564 879 3612 hoc
896 3580 996 3611 non
1011 3580 1173 3625 cures,
1198 3566 1394 3631 vulgata
1406 3576 1568 3617 tamen
1577 3566 1705 3616 bene

693 3661 746 3694 se
763 3645 952 3696 habeat.
979 3645 1287 3695 Consti-actio
1302 3645 1431 3693 enim
1443 3655 1539 3693 est:
1555 3667 1581 3687 α
1592 3661 1707 3694 con·

692 3722 851 3773 firmat
863 3724 1037 3773 illud...
1047 3723 1184 3788 qnod
1197 3723 1316 3771 nihil
1330 3724 1460 3772 aliud
1474 3734 1547 3772 est
1558 3740 1706 3788 quam

692 3803 934 3866 voluptas,
955 3813 1049 3852 etc.
1069 3822 1092 3845 ι
1118 3802 1168 3850 Si
1188 3813 1353 3851 contra
1376 3819 1481 3851 esse
1502 3804 1707 3867 scripse·

694 3882 788 3940 ris,
810 3883 932 3932 alius
958 3881 1217 3939 verborum
1240 3881 1364 3930 ordo
1385 3882 1661 3946 requiritur.

767 3978 816 4023 7.
843 3961 1076 4028 Aristippi
1107 3976 1192 4012 ese.
1220 3962 1499 4027 Aristippus
1515 3995 1530 4021 ,
1560 3961 1704 4021 hujus

692 4053 835 4097 κείω
861 4052 1057 4101 auctor,
1089 4058 1200 4108 quae
1231 4041 1529 4105 voluptatem
1569 4055 1704 4089 sum·

694 4139 824 4170 suum
852 4121 1092 4171 bonorum
1111 4118 1257 4177 finem
1283 4117 1483 4168 faciebat
1505 4153 1519 4179 ,
1541 4118 1707 4169 oriun-

1772 1837 1865 1885 dus
1919 1847 2023 1886 erat
2075 1837 2267 1903 Cyrene
2308 1836 2363 1884 in
2396 1833 2559 1883 Africa
2599 1830 2782 1894 (hodie

1773 1914 1986 1971 θαῖοιτωι
2006 1915 2085 1965 vel
2115 1915 2305 1978 emin).
2337 1914 2438 1978 Qui
2467 1929 2532 1961 ex
2547 1928 2607 1961 eo
2623 1911 2779 1960 fluxe-

1770 2004 1889 2044 runt
1906 1993 2027 2041 dicti
2051 2004 2163 2042 sunt
2187 1994 2458 2058 Cyrenaici.
2661 1986 2668 1995 ⁴

1845 2073 1895 2123 8.
1939 2072 2115 2127 Melius
2159 2071 2442 2138 liberiusque
2490 2069 2779 2137 defenditur.

1773 2151 1937 2212 Quum
1964 2151 2242 2217 Aristippus
2257 2151 2540 2216 simpliciter
2561 2151 2613 2198 iu
2639 2150 2783 2198 sensi-

1770 2229 1890 2289 bus,
1910 2230 2172 2295 Cyrenaica
2191 2242 2352 2287 autem
2369 2231 2546 2279 familia
2561 2265 2579 2291 ‚
2601 2229 2652 2276 in
2668 2229 2785 2276 inte·

1771 2310 1901 2359 riore
1929 2321 2061 2365 tactu
2088 2310 2409 2374 voluptatem,
2442 2307 2589 2356 finem
2619 2306 2783 2354 bono-

1774 2405 1907 2446 rum,
1928 2398 2157 2451 poneret;
2181 2387 2244 2435 cf.
2261 2385 2453 2435 Acadd.
2482 2387 2530 2432 11
2546 2418 2563 2444 ,
2601 2399 2628 2445 7
2646 2416 2663 2442 ,
2688 2399 2752 2431 πο
2771 2418 2787 2440 ,

1775 2464 1866 2514 fin.
1919 2465 2155 2528 Epicurus
2209 2462 2423 2511 amdem
2489 2462 2617 2510 idem
2673 2470 2786 2525 post

1777 2543 2084 2607 Aristippum
2127 2539 2408 2604 simpliciter
2449 2540 2502 2588 in
2554 2537 2787 2587 sensibus.

1777 2621 1993 2669 Liberius
2012 2629 2087 2668 est
2103 2620 2265 2667 minus
2291 2628 2483 2675 coacte,
2520 2617 2790 2666 rationibus

1780 2701 2008 2762 majorem
2050 2698 2307 2763 quamdam
2331 2697 2545 2752 veritatis
2582 2697 2788 2762 speciem

1781 2794 1883 2844 proe
1901 2795 1952 2827 ee
1968 2777 2246 2827 ferentibus.
2260 2779 2324 2827 G.

1854 2873 1908 2922 9.
1947 2858 2113 2922 Neque
2142 2873 2249 2905 eum
2270 2860 2564 2923 Torquatum
2580 2893 2597 2920 ,
2620 2856 2747 2922 qui..
2766 2892 2780 2905 .

1784 2935 2037 2987 invenerit.
2060 2935 2138 2986 cf.
2158 2938 2303 2986 Tusc.
2321 2937 2408 2994 Π,
2431 2950 2493 2984 aa
2507 2969 2522 2994 ,
2542 2939 2791 3001 492-1330

1785 3032 1846 3065 ne
1863 3017 2162 3079 Torquatum
2182 3015 2378 3080 quidem
2395 3014 2558 3076 illum,
2592 3015 2678 3078 qui
2695 3014 2791 3062 hoc

1786 3110 2057 3159 cognomen
2099 3095 2314 3153 invenit,
2349 3095 2525 3145 iratum
2568 3093 2792 3141 existimo

1788 3173 1932 3223 Gallo
1976 3182 2197 3237 torquem
2235 3173 2496 3222 detraxisse
2515 3193 2558 3220 a.
2591 3172 2664 3220 Ex
2694 3186 2795 3234 quo

1785 3251 1901 3305 loeo
1921 3250 1976 3300 id
1995 3251 2135 3315 quasi
2151 3266 2427 3310 monemur,
2452 3265 2611 3315 neque
2627 3250 2722 3297 hoc
2743 3249 2796 3296 in

1787 3345 1956 3385 nostro
1979 3350 2073 3399 pro
2097 3350 2163 3383 ne
2191 3368 2207 3382 .
2226 3368 2239 3385 .
2261 3368 2274 3381 .
2311 3332 2504 3397 quidm
2536 3332 2695 3397 accipi
2722 3331 2798 3380 de-

1787 3413 1930 3472 bere3
1957 3412 2070 3474 vel,
2103 3412 2146 3460 si
2167 3412 2353 3472 mavis,
2376 3426 2470 3476 pro
2493 3411 2638 3459 etiam
2662 3426 2795 3470 non,

1789 3502 1848 3540 ut
1867 3489 2058 3551 barbari
2072 3490 2360 3555 loquuntur.
2375 3490 2454 3539 Sic
2476 3490 2602 3539 enim
2624 3489 2798 3553 sepius

1790 3580 1841 3618 et
1863 3586 1980 3628 nec,
2014 3578 2064 3618 et
2087 3584 2244 3635 neque
2268 3567 2466 3617 dicitnr.
2499 3570 2572 3618 Ita
2601 3567 2797 3631 quidem

1794 3648 1915 3706 nihil
1941 3664 2067 3714 opus
2087 3658 2160 3696 est
2179 3683 2196 3709 ‚
2215 3657 2273 3696 ut
2297 3646 2529 3697 excidisse
2552 3656 2799 3694 auctorem

1791 3726 2156 3779 constructione
2196 3735 2367 3788 putes3
2401 3725 2489 3771 etsi
2515 3723 2569 3772 id
2603 3723 2799 3788 quidem

1791 3804 1843 3855 in
1863 3803 2095 3868 exemplis
2127 3801 2384 3852 afferendis
2416 3800 2547 3851 baud
2568 3818 2678 3850 raro
2712 3802 2800 3849 ob-

1791 3896 1977 3931 servare
1998 3881 2126 3932 licet.
2153 3881 2217 3930 G.
2243 3907 2314 3918 —
2331 3881 2454 3928 Eum
2489 3881 2797 3944 Torquatum.

1794 3962 1910 4022 Ejus
1935 3976 2114 4010 nomen
2152 3969 2253 4007 erat
2275 3960 2414 4007 Titus
2446 3957 2675 4007 Manlius.
2715 3960 2798 4007 Fa-

1793 4050 1923 4087 ctum
1944 4038 2006 4086 de
2025 4054 2126 4101 quo
2144 4038 2301 4103 agitur
2320 4036 2621 4095 notissimum
2638 4048 2798 4087 est.—

1794 4120 1856 4180 Q.
1884 4115 2114 4167 Claudius
2139 4114 2489 4180 Quadrigarius
2503 4148 2519 4176 ‚
2540 4116 2678 4176 cuius
2696 4133 2799 4165 ver·
