3217 4784
637 357 784 467 44ss
1330 358 1427 426 M.
1479 356 1555 426 T.
1611 357 2093 430 oicssnoms

634 477 852 550 rebus
880 477 1322 563 necessat-iffi,
1344 479 1548 548 vacui
1578 481 1920 575 negotii5‚
1945 478 2247 550 honeste
2279 501 2360 549 ac
2387 476 2786 553 liberaliter

634 611 1016 686 possumus
1051 587 1287 657 vivere
1302 595 1355 656 9.
1382 592 1573 684 Ergo
1601 589 1675 657 in
1701 587 1836 659 hac
1857 590 2135 659 ratione
2166 601 2316 660 tota
2336 588 2427 659 de
2451 591 2786 662 maximis

635 697 786 771 fere
821 696 1041 769 rebus
1076 696 1284 767 stoici
1319 695 1482 766 illos
1515 700 1808 794 sequuti
1836 712 2008 768 sunt
2030 751 2050 784 ,
2079 713 2163 768 ut
2194 713 2269 769 et
2299 697 2555 769 deos¹⁰
2584 723 2780 785 esse,

637 825 710 882 et
742 821 1059 906 quatuor
1101 829 1192 877 ex
1226 804 1448 877 rebus
1481 807 1728 877 omnia
1762 822 2090 878 constare
2129 805 2472 878 dicerent.
2523 810 2778 898 Quum

636 910 875 991 autem
897 929 1341 1012 quaereretur
1360 940 1477 987 res
1491 915 1888 987 admodum
1908 914 2247 988 difficilis¹
2262 927 2500 1004 ¹‚num
2515 919 2781 1014 quinta

635 1024 965 1125 quaedam
1003 1038 1259 1095 natura
1290 1025 1659 1097 videretur
1685 1050 1878 1116 esse,
1916 1049 2004 1097 ex
2049 1051 2193 1124 qua
2222 1028 2406 1098 ratio
2447 1042 2520 1099 et
2554 1029 2775 1100 intel-

632 1137 924 1235 ligentia
949 1137 1284 1224 oriretur,
1310 1139 1388 1205 in
1417 1160 1568 1232 quo
1596 1136 1811 1207 etiam
1841 1135 1933 1208 de
1960 1137 2471 1232 animis‚cujus
2489 1141 2773 1235 generis

633 1265 908 1336 essent,
944 1265 1426 1348 quaereretur:
1456 1255 1654 1322 Zeno
1685 1250 1759 1321 id
1788 1250 1968 1322 dixit
2002 1276 2156 1324 esse
2183 1256 2424 1350 ignem
2453 1263 2554 1322 ¹²:
2588 1279 2774 1324 non-

631 1362 831 1435 nulla
865 1361 1130 1434 deinde
1161 1358 1466 1449 aliter13,
1498 1359 1624 1432 sed
1662 1385 1746 1432 ea
1773 1385 2035 1460 pauca3
2067 1361 2159 1433 de
2193 1365 2498 1435 maxima
2524 1379 2768 1436 autem

631 1499 733 1560 re,
758 1472 1017 1546 eodem
1052 1471 1308 1560 modo,
1347 1471 1583 1543 divina
1606 1487 1851 1543 mente
1875 1486 2094 1572 atque
2128 1489 2382 1546 natura
2411 1473 2770 1545 mundum

631 1585 1048 1657 universum
1089 1597 1305 1680 atque
1341 1582 1496 1678 ejus
1528 1582 1874 1654 maximas
1902 1582 2223 1681 partes¹4
2261 1583 2764 1654 administrari.

632 1697 1007 1766 Materiam
1044 1717 1218 1762 vero
1256 1716 1501 1764 rerum
1547 1706 1622 1763 et
1666 1696 1946 1790 copiam
1969 1747 1989 1782 ,
2033 1692 2227 1793 apud
2271 1694 2436 1785 hos,
2470 1693 2767 1778 exiiem;

532 1827 593 1880 13
630 1804 826 1904 apud
865 1799 1108 1875 illos¹⁵
1153 1801 1594 1874 uberrimam
1632 1804 2102 1900 reperiemus,
2141 1808 2373 1896 Quam
2413 1804 2639 1877 multa
2671 1802 2765 1876 ab

629 1978 793 2018 sextus
811 1983 950 2015 casus
962 1981 1116 2030 praep.
1128 1980 1219 2028 per
1230 1964 1405 2012 omissa
1423 1972 1653 2028 ponatur.

629 2048 726 2099 Sed
750 2063 865 2096 vera
891 2047 1085 2109 vulgata
1113 2054 1216 2101 est,
1242 2043 1657 2107 participiumque

631 2130 726 2177 fut.
751 2128 805 2174 iu
838 2125 929 2172 dus
960 2124 1014 2171 h.
1043 2122 1079 2170 l.
1116 2131 1171 2170 ut
1207 2137 1361 2185 soepe,
1406 2122 1658 2186 praesentis

630 2206 731 2254 vim
758 2202 947 2252 obtinet
961 2234 979 2260 ,
998 2200 1092 2248 bac
1116 2200 1368 2248 sententiae
1385 2200 1456 2261 vi,
1481 2222 1503 2244 ι
1523 2199 1658 2248 baud

629 2282 848 2333 satianda
868 2280 1121 2345 voluptas,
1159 2295 1268 2344 qnae
1287 2295 1315 2328 e
1339 2279 1485 2330 rebus
1498 2314 1514 2341 ‚
1536 2294 1658 2343 quas

629 2362 969 2428 cognoscimus
982 2394 997 2422 ,
1019 2359 1164 2408 uobis
1183 2361 1425 2409 enascitur
1442 2382 1486 2408 ιι.
1510 2361 1573 2409 G.

696 2459 751 2507 9.
772 2444 832 2490 In
852 2456 979 2506 qua.
993 2474 1006 2488 .
1022 2472 1035 2487 .
1037 2454 1297 2504 possumus
1313 2438 1500 2488 vivere.
1522 2437 1658 2487 Editi

626 2530 813 2570 veteres
859 2517 961 2566 fere
1011 2533 1182 2565 omnes
1209 2518 1472 2581 possimus.
1529 2519 1657 2565 Tum

626 2604 677 2651 in
705 2616 807 2666 qua
834 2600 960 2647 foret
976 2631 991 2656 ‚
1014 2609 1078 2655 ,ue
1101 2597 1153 2644 in
1190 2596 1286 2644 hae
1302 2614 1320 2645 .·
1357 2599 1443 2646 sed
1470 2598 1657 2662 reliqua

625 2682 904 2746 apodoseos
937 2693 1111 2743 parum
1150 2687 1265 2725 sunt
1296 2679 1536 2726 rationem
1562 2677 1654 2725 ad-

627 2760 803 2810 dentis.
830 2760 894 2806 G.

704 2856 789 2890 ro.
834 2841 895 2888 Ue
919 2846 969 2885 es
997 2835 1115 2883 deos
1140 2849 1263 2883 esse.
1291 2835 1491 2883 Oxoun.
1521 2834 1580 2883 E.
1612 2829 1654 2891 ξ.

633 2943 655 2965 ι
671 2933 726 2969 ut
753 2924 905 2984 quum
934 2916 1054 2964 deos
1080 2929 1218 2961 esse»
1247 2914 1491 2961 referunt:
1515 2914 1652 2976 quod

625 3000 789 3066 primo
801 3005 1021 3062 aspectu,
1041 2993 1099 3054 si,
1121 3004 1205 3051 ue,
1234 3013 1259 3035 ιι
1275 2992 1416 3040 verbi
1441 3007 1621 3040 causa»
1635 3026 1650 3051 ,

623 3080 782 3128 valere
810 3076 1030 3134 dixeris,
1067 3070 1295 3138 placebit.
1320 3070 1417 3120 Sed
1442 3073 1483 3119 si
1509 3088 1653 3136 repu-

624 3160 741 3207 taris
756 3194 772 3219 ,
795 3178 819 3201 ιι
840 3156 1076 3204 maximas
1095 3168 1206 3200 res»
1227 3151 1278 3198 in
1297 3149 1516 3217 physicis
1538 3166 1652 3199 vere

618 3239 768 3299 deos,
797 3247 846 3284 et
865 3236 1100 3284 elementa
1126 3231 1253 3291 dici,
1271 3230 1517 3295 vulgatam
1538 3232 1651 3294 jure

620 3315 866 3365 retinebis.
893 3316 961 3362 G.

703 3409 779 3445 ιι.
816 3392 1094 3441 Admodum
1128 3387 1362 3458 diffie-3113.
1386 3390 1519 3440 Gud.
1545 3406 1568 3442 ι
1597 3403 1650 3441 et

620 3474 728 3522 BOS.
766 3494 790 3514 =
808 3470 1022 3520 difficilis
1061 3468 1327 3517 admodum
1350 3492 1376 3513 a·
1422 3481 1648 3537 maspe-

618 3561 761 3601 uunt.
783 3553 854 3598 lta
875 3572 902 3600 q
918 3549 1127 3597 maxime
1153 3548 1439 3611 admodum,
1457 3552 1644 3615 paucis,

618 3628 740 3677 nihil
767 3629 1058 3689 admodum,
1086 3638 1181 3677 etc.
1196 3649 1221 3669 a
1239 3629 1289 3676 vi
1312 3629 1563 3693 particule
1580 3647 1644 3678 ex

616 3709 971 3774 postpositione
1001 3706 1218 3772 paullum
1249 3707 1499 3771 mitigata,
1522 3708 1645 3761 dici·

617 3802 713 3837 tur.
741 3788 838 3836 Sed
863 3787 915 3836 h.
947 3788 982 3836 i.
1012 3787 1089 3835 vel
1112 3802 1256 3835 aures
1271 3786 1405 3834 bunc
1420 3787 1642 3851 positum

612 3865 1169 3931 abnegant.-Ceterum
1185 3865 1359 3929 quinta
1380 3865 1472 3913 bae
1490 3877 1634 3914 naeu-

612 3964 675 3995 ra
696 3945 829 3993 illam
856 3943 1136 3994 Aristotelis
1161 3942 1447 4007 ἐντελέχειαν
1467 3944 1639 4003 innui,

610 4028 743 4075 ultro
780 4024 1098 4088 intelligitur:
1135 4022 1196 4070 de
1234 4038 1331 4088 qua
1363 4025 1636 4083 accuratius

608 4104 881 4155 videbimus
903 4102 964 4151 ad
982 4104 1132 4152 Tusc.
1155 4104 1205 4162 1,
1236 4117 1321 4161 10,
1351 4119 1434 4151 αα.
1465 4105 1526 4151 G.

1819 1974 1901 2007 ω.
1925 1962 2064 2008 Zeno
2093 1959 2150 2008 id
2168 1959 2223 2009 d.
2245 1976 2346 2008 esse
2365 1959 2543 2025 ignem.
2573 1960 2763 2011 Acadd.

1743 2039 1803 2097 1,
1837 2052 1898 2087 12
1922 2053 1936 2089 :
1959 2040 2080 2089 «De
2100 2040 2289 2088 naturis
2314 2051 2477 2089 autem
2501 2040 2572 2088 sic
2588 2044 2768 2090 sentie-

1743 2115 1828 2165 bat
1847 2115 2053 2183 (Zeuo):
2074 2119 2312 2184 primum,
2349 2129 2405 2167 ut
2428 2130 2641 2183 quatuor
2668 2121 2763 2168 ini·

1743 2198 1826 2246 tiis
1863 2216 2025 2248 rerum
2063 2197 2161 2248 illis
2207 2202 2425 2265 quintam
2461 2202 2587 2250 hanc
2625 2211 2767 2249 natu·

1743 2294 1845 2326 ram
1860 2312 1876 2337 ,
1929 2295 1993 2327 ex
2035 2295 2131 2343 qua
2176 2280 2463 2329 sinceriores
2513 2296 2680 2329 sensus
2713 2289 2764 2327 et

1743 2368 1954 2406 mentem
1981 2357 2111 2407 effici
2137 2360 2367 2408 rebantur
2384 2359 2761 2425 (Peripatetici),

1743 2451 1845 2484 non
1872 2438 2106 2500 adderet;
2151 2439 2391 2489 statuebat
2429 2439 2560 2488 enim
2599 2440 2760 2503 iguem

1742 2530 1845 2564 esse
1896 2517 2050 2583 ipsam
2095 2530 2344 2580 naturam,
2386 2534 2497 2583 quae
2545 2517 2760 2583 quidque

1741 2595 1960 2659 gigneret
1977 2630 1993 2656 ,
2029 2606 2078 2644 et
2110 2610 2321 2646 mentem
2348 2610 2496 2662 atque
2521 2612 2683 2646 sensus
2703 2616 2749 2643 ·.

1742 2675 1819 2724 cf.
1842 2692 2040 2740 quoque
2066 2674 2128 2724 de
2155 2678 2269 2726 Nat.
2301 2679 2453 2728 Deor.
2472 2680 2545 2737 11,
2573 2693 2628 2742 9,
2655 2679 2756 2736 111,

1748 2762 1805 2811 ιε
1826 2772 1841 2814 ;
1866 2756 2019 2804 Laert.
2041 2756 2168 2816 vn,
2199 2754 2316 2805 156.

1814 2847 1837 2883 ι
1850 2830 1896 2883 3.
1920 2834 2178 2882 Nonnulla
2194 2834 2373 2884 deinde
2388 2835 2547 2886 aliter.
2566 2836 2757 2902 Nempe

1739 2913 2046 2977 Peripatetici
2070 2914 2305 2962 muudum
2323 2916 2608 2982 animosque
2620 2930 2756 2966 aeter·

1738 3008 1853 3050 uos,
1884 2992 2127 3058 deumque
2153 2994 2366 3057 primum
2393 3007 2633 3045 motorem
2655 3006 2755 3043 sta-

1737 3071 1962 3131 tuebant,
1990 3082 2088 3122 etc.
2109 3071 2261 3136 inque
2297 3072 2375 3121 his
2406 3073 2754 3122 dissentiebant

1735 3152 1903 3201 Stoici.
1922 3150 2088 3200 Verba
2135 3173 2159 3195 ι
2177 3150 2240 3199 de
2265 3153 2472 3200 maxima
2499 3168 2551 3200 re
2565 3174 2591 3194 a
2605 3186 2620 3214 ,
2642 3168 2753 3217 quae

1734 3241 2029 3296 sequuntur,
2061 3246 2201 3295 eque
2244 3231 2494 3294 dicuutur,
2540 3242 2599 3281 ut
2636 3233 2754 3281 alias

1734 3331 1762 3353 α
1778 3309 1842 3358 de
1863 3324 2049 3358 summa
2076 3325 2162 3357 re·-
2189 3326 2238 3358 v.
2258 3309 2346 3358 rei.
2368 3311 2429 3357 G.

1810 3396 1891 3445 τι.
1909 3388 2162 3437 Maximus
2172 3400 2357 3453 parm.
2379 3389 2472 3438 His
2487 3388 2750 3454 provideri*-

1735 3469 1799 3516 tia
1860 3468 2096 3530 generalis
2147 3468 2461 3531 indigitant,
2516 3466 2744 3532 speciali,

1731 3562 1876 3611 quam
1894 3546 2060 3595 schola
2081 3558 2223 3595 vocat
2235 3580 2251 3606 ,
2278 3547 2489 3595 exclusa.
2508 3547 2569 3595 G.
2789 3536 2796 3543 ⁸

1807 3626 1887 3675 15.
1933 3625 2196 3674 Materiam
2236 3638 2356 3673 varo
2398 3641 2557 3674 rurum
2587 3635 2637 3673 ee
2667 3640 2750 3673 eo-

1722 3705 1861 3771 piam
1880 3739 1896 3764 ‚
1923 3703 2063 3769 apud
2084 3704 2195 3762 lios,
2225 3703 2403 3752 exilem
2415 3722 2436 3761 ,-
2463 3703 2605 3767 apud
2619 3704 2743 3752 illos.

1727 3788 1801 3834 Ita
1824 3801 1935 3834 cum
1963 3783 2164 3849 vulgato
2183 3786 2310 3849 Spir.
2336 3795 2387 3832 et
2420 3784 2524 3833 Bet.
2549 3782 2746 3846 Reliqui

1726 3866 1882 3914 nostri
1898 3902 1914 3927 ,
1939 3875 2036 3913 tres
2067 3867 2263 3913 Oxouu.
2289 3874 2339 3911 et
2358 3864 2499 3912 Vien.
2525 3879 2636 3912 eum
2656 3878 2744 3910 sex

1725 3944 1943 4002 Davisii,
1979 3944 2216 4007 editisque
2241 3953 2358 3990 vett.
2390 3942 2516 3991 bene
2549 3942 2743 4003 multis,

1727 4047 1748 4067 ι
1765 4034 1815 4073 et
1833 4022 1965 4090 apud
1988 4037 2071 4070 eos
2100 4021 2294 4085 copiam
2317 4022 2429 4070 exii.
2445 4043 2467 4065 ι
2504 4023 2741 4088 prebent.

1721 4105 1887 4153 Refert
1921 4103 2119 4165 iusuper
2151 4100 2284 4150 Gud.
2318 4117 2347 4150 2
2387 4114 2611 4151 naturam
2649 4119 2742 4167 pro
