3217 4784
631 342 712 409 18
1149 338 1285 403 JO.
1339 337 1569 404 AUG.
1623 334 2191 404 GOERENZII

613 464 722 525 bus
758 458 1057 523 bonorum
1097 460 1421 520 senaentioe
1445 460 1686 544 possint
1698 480 1726 535 ,-
1752 454 1880 520 vid.
1915 457 2001 538 V,
2037 456 2111 537 6,
2148 479 2219 543 7,
2256 455 2358 521 cll.
2394 461 2736 548 Augustin.

612 567 697 632 de
716 567 847 631 civ.
872 568 949 631 D.
972 564 1159 644 XIX,
1187 585 1240 627 c.
1271 562 1402 627 1-3.
1421 564 1518 628 Ita
1537 563 1708 629 enim
1733 585 2040 652 magnum
2065 579 2469 629 momentum
2497 566 2737 630 factum

611 688 747 739 erat
789 671 873 736 ad
913 672 1087 759 ipsos
1139 668 1465 732 bonorum
1512 667 1962 756 malorumque
2020 667 2180 732 fines
2229 670 2738 761 investigandoS,

609 795 718 860 ut,
751 778 804 841 si
835 776 957 840 hac
986 775 1085 839 via
1118 773 1441 839 recentior
1469 789 1619 837 aetas
1655 791 2150 862 perseverasset,
2185 774 2558 866 philosophi
2590 795 2738 866 post

609 900 860 949 renatas
920 882 1130 946 literas
1184 880 1267 945 ad
1320 880 1638 945 Kantium
1694 902 1904 968 usque
1954 881 2022 945 in
2087 882 2409 972 principio
2474 904 2737 950 morum

608 990 919 1055 doctrinae
955 985 1407 1051 constituendo
1440 986 1659 1050 minus
1690 987 1831 1075 vagi
1851 988 2068 1067 ‚futuri
2100 986 2393 1054 fuissent.
2430 989 2541 1054 Illa
2568 1014 2736 1078 quo-

608 1117 741 1187 que
786 1092 1149 1158 distinctius
1198 1090 1671 1180 enodatiusque
1713 1090 2081 1181 disputandi
2115 1094 2278 1157 ratio
2338 1097 2736 1160 Antiochum

605 1199 855 1291 prodit,
896 1199 1230 1263 hominem
1280 1213 1467 1262 acute
1513 1214 1580 1261 et
1626 1198 1943 1263 subtiliter
1976 1198 2398 1264 disserentem
2418 1248 2437 1282 ,
2479 1203 2735 1289 qualem

605 1305 944 1388 eumdem,
981 1303 1223 1369 Acadd.
1269 1305 1373 1386 11,
1419 1303 1543 1368 sub
1578 1304 1828 1369 Luculli
1874 1328 2150 1393 persona
2188 1304 2386 1370 vides.
2440 1310 2739 1396 Denique

603 1413 818 1502 ipsum
858 1432 1190 1476 summum
1226 1408 1408 1474 illum
1458 1410 1928 1473 Polemoneum
1967 1408 2199 1495 finem,
2235 1413 2572 1476 seeundum
2614 1437 2737 1477 na·

599 1531 813 1583 tumm
836 1520 1074 1594 vivere,
1100 1516 1286 1598 cujus
1313 1514 1807 1603 explicationem
1836 1514 2103 1580 Polemo
2134 1517 2376 1580 nullam
2404 1516 2739 1583 addiderat

604 1621 757 1711 (vid.
786 1624 897 1706 IV,
923 1647 1032 1705 ro,
1066 1622 1208 1710 26),
1240 1621 1452 1687 verbis
1475 1621 1577 1685 his
1598 1619 1855 1703 additis,
1880 1652 1906 1677 α
1928 1623 2143 1687 vivere
2167 1644 2246 1686 ex
2275 1623 2559 1688 hominis
2587 1648 2737 1713 per-

601 1751 761 1794 aona
785 1727 1077 1817 undique
1103 1728 1417 1817 perfecta,
1454 1744 1519 1791 et
1550 1728 1714 1792 nihil
1749 1727 2121 1815 requirente
2144 1760 2198 1811 υ,
2235 1729 2325 1812 V,
2360 1753 2471 1812 10,
2516 1731 2632 1812 26,
2663 1730 2746 1796 ad

602 1834 904 1898 Antiochi
948 1855 1109 1896 usus
1144 1830 1709 1895 accommodatum
1758 1832 2093 1920 intelliges,
2142 1835 2376 1898 Omnis
2413 1835 2612 1924 igitur
2643 1837 2746 1900 illa

601 1938 726 2026 (ne
762 1962 880 2027 per
923 1937 1175 2027 singula
1211 1935 1331 2000 alia
1362 1934 1622 2021 eamus)
1698 1937 2033 2000 sententiae
2070 1938 2746 2031 Aoetbmico-Peripa-

604 2045 813 2110 tetieoe
860 2064 975 2129 per
1029 2040 1331 2104 Pisonem
1386 2037 1714 2128 proposita
1758 2038 2095 2127 explicatio
2118 2089 2137 2125 ,
2197 2057 2330 2107 tota
2386 2046 2743 2112 Antiochea

605 2165 746 2231 αις
778 2148 1043 2212 uberior
1069 2145 1334 2235 quidem
1354 2193 1372 2227 ,
1405 2142 1520 2210 sed
1554 2143 1680 2211 fida
1715 2145 1785 2208 in
1817 2145 2083 2236 reliquis
2114 2164 2310 2237 atque
2344 2150 2538 2217 rebus
2581 2176 2743 2219 con·

604 2256 924 2337 sentiens,
966 2255 1127 2318 etin
1171 2254 1305 2317 sola
1342 2251 1422 2315 de
1455 2255 1598 2316 vita
1645 2252 1833 2318 beata
1881 2255 2239 2343 quastione
2281 2259 2550 2325 seorsim
2599 2282 2746 2323 sen·

606 2361 769 2425 tiens
790 2406 811 2441 ,
844 2374 909 2425 et
941 2358 1022 2423 ab
1055 2359 1159 2424 illa
1190 2357 1546 2448 divergens.
1584 2360 1764 2423 Dixit
1793 2378 2021 2424 auctor
2053 2361 2251 2449 igitur
2280 2360 2448 2426 hanc
2478 2385 2744 2451 quoque

610 2464 1126 2553 Peripateticum,
1152 2488 1189 2527 a
1216 2463 1469 2553 potiore
1509 2465 1667 2528 item
1704 2478 1885 2552 parte
1926 2486 2165 2528 nomen
2198 2486 2541 2554 usui-pana.
2579 2470 2744 2551 Quae

606 2585 823 2633 autem
851 2593 889 2633 a
911 2569 1125 2634 Tullio
1148 2568 1569 2648 objiciuntur,
1596 2567 1704 2649 26,
1728 2590 1812 2655 77
1834 2590 1853 2649 ;
1881 2588 1983 2652 29,
2013 2567 2098 2631 86
2114 2615 2133 2649 ,
2157 2590 2231 2632 ea
2251 2568 2331 2634 ad
2357 2575 2740 2638 sententiam

609 2697 786 2741 mere
830 2674 1251 2738 Antiocheam
1297 2688 1635 2760 spectant:
1672 2671 1786 2737 sed
1820 2672 1959 2736 haec
1993 2673 2126 2761 ipsa
2175 2694 2436 2763 quoque
2481 2699 2560 2742 ex
2607 2681 2743 2745 sola

607 2779 1090 2868 comparatione
1126 2794 1275 2843 nam
1300 2792 1490 2860 sunt,
1525 2800 1733 2865 quum
1762 2775 1866 2841 his
1891 2777 2268 2843 Antiocheia
2292 2779 2504 2846 Stoica
2531 2806 2740 2873 oppo-

607 2902 866 2953 nantur.
899 2886 979 2951 In
1012 2885 1251 2974 quibus
1281 2886 1493 2973 ipsum
1521 2881 1785 2946 Diodoti
1808 2882 2006 2947 Stoici
2030 2881 2275 2962 judicio
2307 2908 2499 2952 usum
2526 2888 2741 2956 dicere

604 2993 854 3075 licebit,
882 3014 1080 3083 quem
1114 2992 1354 3056 multos
1385 3011 1593 3054 annos
1620 2988 1822 3057 domo
1843 3010 1960 3054 sua
1982 3011 2203 3055 secum
2230 2990 2576 3077 habuerat,
2603 2997 2743 3084 qui-

606 3120 733 3183 que
769 3121 1065 3186 expresse
1100 3115 1176 3163 ut
1215 3096 1569 3161 Antiochea
1607 3111 2030 3160 contemnens
2067 3114 2465 3164 memoratur
2502 3100 2736 3166 Acadtl.

608 3202 709 3281 11,
749 3201 862 3281 36,
902 3224 925 3264 1
948 3202 1039 3266 ι5.

3183 2369 3189 2413 ᾌ
3171 2134 3187 2353 ,ιΔι-ιιιιῌᾼᾼἼ
