3217 4784
840 476 964 543 DE
1004 473 1178 543 ΜΝ.
1233 471 1436 541 BoN.
1488 470 1602 537 ET
1653 467 1870 536 MAL.
1924 466 2059 551 lv,
2097 461 2161 533 3.

2430 463 2562 545 lili!

445 619 766 666 summos
811 594 1057 665 viros?
1115 597 1282 663 Erat
1341 592 1535 664 enim
1583 588 1776 686 apud
1827 611 1993 672 θος»,
2043 600 2126 656 ut
2183 598 2291 655 est
2337 608 2579 654 rerum

444 709 760 803 ipsarum
801 720 1091 789 natura,
1131 705 1230 774 sic
1266 699 1553 771 dicendi
1585 698 2036 783 exercitatiO,
2067 695 2363 793 duplex.
2397 697 2580 764 Nam

445 814 799 912 quidquid
847 815 1227 911 quaeritur,
1277 809 1350 880 id
1397 808 1618 880 habet
1663 822 1785 877 aut
1832 809 2115 902 generis
2156 806 2380 907 ipsius
2432 804 2585 874 sine

445 927 776 1020 personis
811 920 1409 1020 temporibusque
1436 972 1456 1006 ,
1499 933 1623 988 aut
1655 917 1740 988 iis
1776 916 2171 1010 adjunctiS,
2208 913 2376 985 facti
2401 969 2420 1001 ,
2463 929 2589 984 aut

444 1034 659 1127 juriS,
698 1046 823 1102 aut
876 1031 1191 1102 nominis
1233 1028 1797 1101 controversiam
1817 1016 1872 1096 ⁵.
1929 1029 2117 1122 Ergo
2158 1026 2234 1094 in
2272 1038 2590 1120 utroque

450 1138 1071 1231 exercebantur⁶;
1119 1165 1349 1239 eaque
1400 1138 1775 1236 disciplina
1823 1133 2063 1208 effecit
2111 1150 2382 1206 tantam
2425 1134 2590 1204 illo-

447 1280 610 1325 rum
644 1269 959 1351 utroque
997 1256 1072 1323 in
1104 1277 1370 1350 genere
1403 1249 1698 1323 dicendi
1725 1248 2031 1345 copiam.
2065 1250 2333 1317 Totum
2361 1268 2589 1343 genus
2627 1275 2660 1325 7

448 1366 592 1437 hoc
621 1382 692 1438 et
725 1371 960 1454 Zen0,
995 1381 1066 1437 et
1102 1365 1194 1436 ab
1233 1389 1321 1435 eo
1356 1365 1481 1460 qui
1519 1375 1691 1433 sunt
1711 1370 1766 1448 7,
1803 1373 1929 1429 aut
1965 1382 2114 1428 non
2156 1369 2591 1453 potuerunt,

450 1491 576 1546 aut
605 1475 1036 1563 noluerunt,
1075 1489 1269 1546 certe
1296 1472 1773 1567 reliquerunt.
1813 1471 2275 1564 Quamquam
2306 1470 2594 1563 scripsit

452 1601 678 1656 artem
712 1585 1144 1656 rhetoricam
1182 1580 1565 1654 Cleanthes
1581 1574 1639 1665 ⁸,
1692 1578 2139 1674 Chrysippus
2177 1577 2428 1663 etiam,
2465 1574 2595 1646 sed

452 1696 590 1781 sic,
633 1709 750 1781 ut,
787 1697 847 1763 si
891 1696 1055 1790 quis
1090 1691 1591 1763 obmutescere
1639 1688 2128 1784 concupierit,
2176 1685 2358 1756 nihil
2397 1685 2596 1756 aliud

450 1804 689 1900 legere
735 1800 1014 1874 debeat.
1067 1807 1323 1897 Itaque
1367 1799 1613 1881 vides,
1684 1822 1835 1895 quo
1892 1797 2112 1869 modo
2171 1797 2586 1894 loquantur.

453 1917 653 1984 Nova
688 1911 907 1985 verba
936 1910 1262 2009 finguut3
1302 1909 1646 1982 deserunt
1685 1912 1963 1980 usitata.
1992 1912 2084 1977 At
2111 1920 2381 2003 quanta
2404 1916 2435 1963 9
2471 1930 2593 1976 co-

528 2151 578 2198 5.
600 2151 666 2197 Id
677 2148 819 2197 habet
838 2185 851 2198 .
874 2185 887 2197 .
909 2182 924 2198 .
951 2148 1345 2197 controversiam.
1361 2148 1481 2193 Haee

457 2240 676 2277 accurate
707 2238 974 2276 tractantur
1001 2231 1086 2277 Or.
1115 2230 1193 2287 11,
1238 2229 1297 2275 15
1316 2262 1332 2285 ‚
1357 2226 1389 2291 S
1413 2222 1480 2275 65

455 2324 591 2371 seqq.
619 2308 841 2356 Ceterum
863 2307 998 2356 Gud.
1021 2324 1049 2354 α
1065 2344 1080 2370 ,
1105 2306 1161 2355 id
1177 2322 1327 2370 prave
1348 2308 1485 2369 igno·

456 2397 545 2434 rat.
576 2390 642 2435 G.

526 2468 574 2515 6.
600 2464 987 2513 Exercebantur.
1011 2465 1249 2512 Referunt
1273 2465 1330 2511 E.
1361 2474 1410 2511 et
1439 2459 1481 2519 ξ.

458 2544 875 2593 exercitabantur.
918 2542 1012 2590 Sed
1048 2544 1273 2608 quamvis
1315 2555 1487 2592 auctor

458 2623 810 2687 frequentativa
853 2634 982 2670 amet
998 2657 1014 2681 ‚
1054 2632 1214 2671 tamen
1254 2624 1350 2671 hoe
1401 2624 1487 2669 vix

458 2720 560 2750 uno
581 2704 835 2766 alteroque
856 2702 969 2750 loco
987 2702 1189 2767 legitur3
1209 2715 1257 2751 et
1280 2703 1357 2751 vel
1378 2716 1486 2752 tum

459 2799 572 2830 sane
596 2781 807 2844 simplex
842 2781 1042 2828 verbum
1073 2784 1240 2847 scripti
1265 2783 1488 2830 meliores

456 2862 690 2908 referunt.
721 2862 785 2908 V.
826 2875 870 2907 c.
913 2862 1019 2907 Cat.
1061 2858 1180 2927 Maj.
1217 2876 1273 2907 ιι
1300 2894 1315 2918 ,
1380 2861 1484 2908 36:

467 2960 489 2979 ιι
515 2938 682 2986 Animi
747 2948 909 2983 autem
955 2937 1272 2987 exercitando
1324 2939 1491 2987 leven·

463 3028 543 3065 tur
567 3032 579 3064 :
604 3038 630 3057 n
658 3015 742 3062 ubi
772 3032 882 3062 cum
922 3014 1074 3063 codd.
1113 3016 1219 3063 aliis
1259 3018 1425 3065 multis
1456 3022 1489 3078 4

462 3097 619 3143 nostri
646 3107 695 3143 et
722 3095 852 3161 Eyb.
876 3112 929 3142 se
948 3096 1249 3153 exercendo,-
1268 3099 1403 3161 quod
1426 3099 1488 3147 ad

470 3186 700 3223 contexta
732 3175 903 3222 melius
928 3184 1014 3222 est.
1044 3175 1183 3223 Nihil
1211 3176 1359 3239 igitur
1385 3188 1457 3225 est
1474 3212 1488 3236 ,

464 3269 553 3301 cur
578 3253 976 3302 exercitabantur
997 3252 1148 3301 malis.
1176 3257 1237 3303 G.

537 3350 584 3393 7.
609 3336 675 3381 Ee
692 3336 859 3394 Zeno,
878 3343 926 3379 et
950 3332 1014 3379 ab
1043 3347 1098 3378 eo
1120 3332 1205 3397 qui
1223 3344 1366 3395 sune,
1402 3345 1492 3381 aut

465 3427 566 3458 non
577 3423 860 3475 potuerunt.
884 3412 1044 3457 Brem.
1071 3411 1261 3459 erudite
1284 3412 1334 3459 in
1359 3412 1491 3460 notis

462 3490 610 3538 MSS.
649 3499 787 3537 cavet
808 3523 822 3547 ,
864 3505 926 3536 ne
970 3489 1196 3536 audiatur
1237 3490 1351 3536 Ern.
1404 3491 1489 3553 qui

455 3567 677 3633 profecti
690 3568 966 3616 addendum
986 3568 1257 3625 desiderem
1288 3570 1492 3619 laudam

464 3654 602 3697 Orat.
632 3650 709 3707 11,
731 3649 796 3695 38
813 3682 828 3705 ,
863 3646 984 3707 160,
1003 3669 1027 3689 «-
1046 3649 1159 3695 Erat
1180 3650 1490 3716 (Critolaus)

464 3729 527 3777 ab
554 3729 649 3776 isto
685 3726 949 3775 Aristotele
976 3749 1019 3774 a.
1048 3729 1197 3775 Tusc.
1240 3731 1310 3784 ΙΙ,
1340 3729 1397 3789 3,
1427 3746 1452 3788 7
1479 3764 1494 3788 ,

468 3830 489 3849 ι
512 3808 599 3871 qni
618 3816 730 3854 sunt
756 3806 818 3852 ab
844 3822 898 3854 ea
926 3806 1181 3870 disciplina
1199 3829 1241 3856 n.
1262 3807 1391 3856 Coll.
1412 3812 1491 3855 Fr.

466 3888 765 3950 Heusingero
788 3885 850 3933 ad
869 3886 969 3934 Off.
991 3889 1092 3944 111,
1124 3887 1187 3933 33
1203 3922 1218 3943 ,
1244 3887 1271 3934 3
1300 3898 1348 3934 et
1368 3889 1495 3935 Bur-

468 3980 646 4012 manno
671 3965 734 4011 ad
752 3965 964 4028 Quintil.
983 3968 1129 4013 Instt.
1151 3968 1241 4023 lv,
1258 3982 1308 4023 2,
1333 3981 1377 4016 1.
1411 3968 1492 4015 Sic

467 4043 595 4089 enim
629 4045 829 4092 Graecos
857 4060 1054 4108 quoque
1080 4060 1229 4107 praep.
1256 4042 1352 4093 ἀπὸ
1380 4046 1453 4093 uti
1480 4084 1494 4107 ,

470 4120 571 4167 vid.
610 4121 839 4169 Schaeferi
888 4124 1133 4171 Meletem.
1171 4124 1292 4172 Crit.
1321 4142 1373 4189 p.
1410 4142 1492 4184 27·

471 4202 575 4249 Nec
616 4200 864 4251 offendere
906 4203 1049 4254 debet
1080 4216 1345 4268 potuerunt
1388 4204 1408 4272 (
1431 4207 1494 4255 ad

1569 2146 1705 2210 quod
1745 2145 1876 2193 idem
1927 2147 2043 2194 Ern.
2090 2143 2316 2207 consequi
2359 2142 2597 2191 excidisse

1570 2224 1906 2290 suspicatur),
1933 2226 1999 2274 cs.
2029 2223 2187 2272 Bentl.
2216 2223 2280 2270 ud
2297 2224 2477 2271 Horat.
2496 2224 2597 2271 od.

1573 2306 1594 2350 1
1614 2340 1628 2362 ,
1662 2306 1730 2351 26
1746 2339 1761 2365 ,
1796 2321 1858 2351 10
1877 2339 1892 2363 ,
1915 2316 1964 2352 et
1991 2306 2157 2352 Heius.
2181 2302 2245 2351 ad
2268 2303 2417 2352 Ovid.
2442 2306 2602 2352 Meta·

1571 2384 1767 2447 morph.
1813 2382 1982 2441 v111‚'
2016 2385 2139 2432 883.
2185 2380 2413 2432 Ceterum
2457 2386 2602 2431 etiam

1572 2463 1744 2510 scribae
1768 2461 2079 2510 offenderunt
2111 2477 2124 2509 τ
2154 2472 2251 2509 tres
2278 2463 2407 2508 enim
2428 2463 2606 2527 optimi

1573 2544 1728 2591 nostri
1741 2579 1755 2601 ,
1779 2554 1828 2590 et
1847 2544 2022 2590 omissa
2039 2579 2054 2603 ,
2086 2540 2171 2605 qui
2198 2540 2261 2588 ab
2283 2556 2340 2588 eo
2360 2554 2476 2588 sunt
2494 2576 2511 2602 ,
2529 2559 2606 2590 re-

1575 2623 1736 2670 ferunt
1756 2656 1772 2681 ,
1813 2621 1871 2669 in
1897 2621 2077 2685 quibus
2113 2622 2242 2685 Spir.
2290 2630 2338 2668 et
2382 2622 2482 2669 Erl.
2527 2621 2606 2670 vel

1575 2702 1790 2766 priorem
1831 2713 1881 2750 et
1914 2702 2156 2748 nesciunt.
2205 2701 2279 2747 De
2334 2700 2606 2765 Chrysippi

1577 2781 1824 2830 rhetorica
1847 2780 1959 2829 vide
1987 2782 2122 2829 Orat.
2142 2782 2163 2827 1
2186 2814 2200 2837 ,
2236 2795 2257 2826 1
2273 2795 2294 2825 1
2319 2814 2333 2837 ,
2359 2781 2442 2828 50.
2473 2782 2535 2828 G.

1651 2863 1699 2911 8.
1728 2859 2000 2909 Cleanthes.
2045 2860 2141 2909 Hic
2196 2859 2294 2905 fuit
2331 2859 2610 2907 Stoicorum

1574 2942 1834 3006 princeps,
1857 2941 2102 2988 exstincto
2145 2940 2375 2994 Zenone,
2409 2935 2609 2984 habuit-

1577 3037 1673 3085 que
1704 3033 2034 3067 successorem
2060 3015 2396 3079 Chrysippum
2414 3047 2431 3074 ,
2459 3013 2608 3061 disei-

1575 3100 1749 3164 pulum
1775 3113 1934 3145 suum.

1652 3194 1700 3239 9.
1731 3179 1803 3224 Ac
1829 3183 2020 3239 quanta
2047 3176 2333 3218 conantur?
2363 3168 2532 3220 Davis.
2563 3183 2613 3219 et

1577 3259 1693 3303 Em.
1712 3266 1921 3301 conatur
1951 3251 2165 3307 malunt,
2201 3260 2256 3297 ut
2293 3252 2427 3299 Zeno
2463 3251 2612 3300 intel-

1577 3335 1789 3398 ligatur,
1818 3332 1881 3379 ιὰ
1905 3324 2051 3395 tinem
2090 3328 2332 3387 incendit,
2366 3329 2612 3393 quod-⁸0-

1578 3415 1767 3478 quitur,
1789 3412 2021 3476 pertinet.
2039 3410 2166 3456 Tum
2198 3408 2345 3457 verba
2365 3410 2613 3473 precedd.

1579 3508 1881 3558 quamquam
1920 3527 1934 3540 .
1958 3525 1971 3537 .
1993 3525 2007 3537 .
2040 3488 2256 3547 usitata,
2280 3499 2525 3553 tamquam
2548 3508 2611 3539 ex

1577 3572 1858 3636 parenthesi
1885 3569 2048 3618 addita
2093 3579 2251 3616 erunt.
2307 3567 2400 3617 Sed
2452 3580 2614 3632 potest

1578 3653 1774 3717 vulgata
1792 3687 1806 3710 ,
1852 3650 2047 3714 scriptis
2092 3647 2333 3710 editisque
2383 3649 2612 3696 omnibus

1581 3730 1768 3779 firmata
1796 3728 2026 3786 defendi,
2064 3727 2105 3774 si
2133 3749 2157 3767 e·
2183 3729 2456 3786 Zenonem,
2487 3738 2534 3775 et
2552 3728 2615 3776 ab

1582 3811 1756 3873 eo‚qui
1785 3818 1939 3857 sunt»
1959 3845 1974 3869 ,
2004 3806 2318 3855 intellexeris.
2348 3807 2485 3854 Nihil
2511 3818 2614 3855 tum

1582 3889 1831 3937 miraberis
1848 3924 1861 3947 ,
1882 3887 1924 3934 si
1947 3887 2150 3935 inferius
2163 3886 2392 3933 Incendit
2405 3887 2613 3951 simplici

1586 3983 1789 4016 numero
1827 3958 1986 4030 pergit
2026 3966 2102 4026 (i.
2134 3982 2181 4014 e.
2215 3965 2472 4013 incendere
2508 3976 2615 4012 stu-

1587 4047 1703 4112 det)
1721 4082 1735 4105 ,
1777 4062 1926 4109 quum
1948 4043 2172 4102 addatur,
2193 4044 2282 4107 qui
2299 4044 2511 4091 audiunt
2530 4076 2545 4103 ‚
2574 4064 2613 4091 s.

1587 4126 1828 4190 discipul&
1854 4126 1917 4173 G.
1948 4150 2013 4160 --
2043 4127 2158 4171 Haec
2176 4159 2191 4183 ,
2213 4134 2402 4185 quanta
2427 4139 2619 4172 conan-

1589 4217 1686 4269 tur,
1705 4221 1814 4253 cum
1837 4204 1992 4252 ironia
2005 4188 2113 4251 'dici
2137 4196 2295 4267 patet.
