3217 4784
772 439 896 505 DE
946 437 1118 505 FIN.
1174 439 1381 507 BON.
1439 440 1551 506 ET
1598 437 1814 504 MAI..
1872 439 1976 517 11,
2034 435 2146 506 33.

2394 459 2534 529 297

400 562 560 631 bns.
586 560 717 630 Hic
747 582 822 628 se
852 556 941 628 ad
974 582 1058 629 ea
1082 571 1407 645 revocat,
1443 581 1483 627 e
1522 556 1793 654 quibus
1829 555 2009 627 nihil
2040 580 2388 653 umquam
2417 581 2531 626 re-

402 666 745 741 tulerat²³
779 666 870 739 ad
901 692 1205 765 corpus:
1239 681 1319 737 tu
1346 681 1541 738 totus
1566 667 1795 736 haeres
1824 671 1900 736 in
1944 690 2278 765 corpore.

497 782 825 850 XXXIII.
876 775 1069 847 Illud
1122 792 1364 846 autem
1431 778 1666 873 ipsum
1710 779 1838 872 qui
1893 776 2212 848 obtineri
2254 790 2536 875 potest,
2569 810 2666 858 107

403 890 603 988 qnod
654 888 927 974 dicitis,
967 911 1220 958 omnes
1276 886 1498 957 animi
1553 902 1627 957 et
1668 886 2075 984 voluptates
2131 902 2203 958 et
2247 887 2537 959 dolores

402 1000 492 1071 ad
533 1000 859 1097 corporis
893 997 1298 1095 voluptates
1328 1012 1402 1069 et
1425 997 1715 1068 dolores
1741 999 2105 1094 pertine-re
2129 1006 2152 1040 ¹
2180 999 2209 1067 Ξ)
2244 998 2537 1071 Nihilne

404 1125 476 1179 te
509 1108 815 1179 delectat
852 1130 1200 1203 umquam
1219 1116 1249 1148 ¹¹
1280 1106 1568 1203 (vide-0,
1596 1108 1892 1206 quicum
1921 1108 2179 1205 loquar
2203 1109 2267 1205 )?
2303 1124 2371 1180 te
2408 1110 2538 1207 igi-

406 1232 526 1289 tur
546 1214 602 1304 ³,
643 1221 1044 1314 Torquate,
1091 1221 1329 1315 ipsum
1374 1243 1508 1317 per
1541 1243 1619 1291 se
1657 1216 1842 1289 nihil
1880 1217 2229 1293 delectat?
2263 1222 2540 1291 Omitto

404 1413 551 1461 verba
568 1413 713 1461 Ennii
732 1412 1055 1478 praecedentia
1077 1413 1163 1462 vix
1184 1414 1325 1462 aliter
1347 1430 1428 1461 ac-

404 1494 502 1557 cipi
530 1493 667 1547 Iicet‚
698 1509 848 1557 quam
876 1503 932 1540 nt
966 1494 1125 1541 Roma
1164 1493 1225 1540 iis
1264 1492 1430 1541 hostes

400 1589 520 1620 suos
547 1572 715 1621 timere
730 1572 1064 1638 prohibeatur.
1096 1572 1176 1620 Ad
1202 1572 1329 1619 hanc
1347 1586 1428 1619 ra·

405 1653 620 1713 tionem,
666 1669 756 1715 per
792 1670 843 1700 se
886 1652 1003 1699 satis
1045 1650 1265 1710 firmam,
1304 1650 1429 1701 adde

405 1733 540 1795 quod
575 1733 705 1795 Spir.
727 1743 776 1779 et
810 1730 904 1778 Erl.
927 1746 1020 1793 que
1052 1730 1260 1793 ignorat.
1282 1729 1426 1777 Refe-

404 1821 520 1858 runt
554 1811 697 1860 etiam
734 1826 903 1858 omnes
938 1810 1126 1866 nostri,
1171 1823 1296 1871 quos
1329 1807 1428 1871 ipsi

406 1890 646 1947 vidimus,
688 1888 1018 1944 monianum,-
1056 1886 1190 1935 unde
1227 1904 1428 1951 pronam

407 1968 739 2032 corruptionis
803 1968 929 2014 viam
996 1966 1174 2014 videas.
1236 1967 1428 2015 Deinde

406 2045 557 2093 codd.
580 2057 677 2094 tres
695 2045 879 2103 nostri,
901 2061 1012 2092 cum
1037 2046 1143 2092 aliis
1164 2056 1213 2092 et
1237 2046 1430 2110 scriptis

407 2136 457 2172 et
482 2124 629 2172 editis
654 2134 773 2173 vett.
811 2139 1056 2187 reperere,
1090 2136 1137 2173 et
1164 2143 1225 2173 ex
1256 2126 1428 2174 eodem

408 2205 541 2251 sonte
567 2206 628 2251 E.
664 2199 709 2260 ξ.
751 2214 980 2266 repetere.
1004 2205 1153 2266 Quod
1184 2206 1343 2269 ipsum
1368 2223 1430 2253 ex

408 2298 569 2347 graeeo
607 2279 828 2349 εὑρίσκειν
874 2281 1069 2330 defendi
1110 2286 1283 2347 possit.
1332 2285 1428 2332 Sed

408 2362 589 2426 ubique
607 2362 714 2409 haec
729 2362 902 2409 scribae
919 2373 1193 2425 permutant
1215 2397 1229 2421 ‚
1247 2375 1296 2411 et
1324 2363 1430 2411 bini

410 2443 479 2490 illi
500 2443 657 2490 nostri
675 2442 882 2505 vulgatae
910 2443 1089 2489 favent.
1106 2470 1175 2479 —-
1191 2444 1239 2491 J.
1254 2444 1318 2491 V.
1339 2446 1434 2490 Le·

406 2524 537 2571 clerc
570 2522 621 2569 in
654 2522 847 2585 vulgata
882 2522 1028 2569 Ennii
1052 2538 1252 2572 manum
1283 2522 1436 2591 magis

408 2601 649 2665 agnoscit.

482 2683 569 2730 23.
606 2683 866 2730 Remleraae.
912 2683 1093 2731 Omnes
1138 2683 1340 2731 omnino
1386 2693 1437 2730 et

410 2762 577 2825 scripti
596 2772 643 2808 et
672 2762 818 2820 editi,
842 2762 1060 2810 retulerit
1082 2780 1101 2810 .·
1124 2762 1259 2827 quod
1287 2761 1364 2810 his
1384 2762 1437 2809 in

410 2840 652 2887 contextis
680 2841 792 2888 ferri
814 2844 1003 2905 nequit.
1046 2843 1250 2906 Seqnuti
1287 2842 1438 2905 igitur

411 2936 523 2966 cum
566 2921 759 2968 Bremio
799 2935 966 2966 snmus
1002 2921 1275 2968 Ernestium
1298 2953 1315 2979 ,
1350 2924 1436 2984 qui

412 3000 479 3045 sie
507 2999 739 3049 correxit.
768 2998 892 3044 Nam
922 2999 963 3046 si
999 3000 1219 3046 retulerit
1254 3000 1436 3062 optati·

412 3094 525 3124 vum
546 3077 732 3142 putaris
751 3110 766 3134 ,
793 3075 922 3124 nihil
936 3094 1169 3139 nmquam
1187 3078 1430 3127 obstabit:

412 3172 550 3203 secus
570 3157 697 3203 foret
710 3189 725 3214 ,
743 3156 783 3201 si
803 3154 1062 3217 nihilfere,
1087 3155 1163 3202 vel
1185 3155 1280 3202 tale
1300 3155 1441 3218 qnid,

414 3234 627 3298 positum
659 3246 801 3283 esset.
839 3233 938 3283 Eri.
980 3233 1105 3281 nihil
1144 3234 1368 3297 ignorat,
1399 3234 1440 3280 si

417 3311 530 3360 inde
555 3313 682 3361 forte
707 3312 891 3375 aliquid
918 3312 1157 3376 exspicari
1178 3312 1342 3359 liceat.
1376 3315 1439 3360 G.

411 3419 481 3427 —
506 3394 679 3440 Postea
701 3392 751 3438 in
779 3393 911 3439 notis
938 3391 1001 3437 ad
1029 3390 1210 3438 calcem
1237 3390 1438 3454 apposi-

413 3472 474 3517 tis
493 3472 628 3519 Goer.
650 3468 841 3518 addidit
863 3484 877 3519 ε
898 3456 1063 3518 Possis
1083 3479 1244 3517 tamen
1271 3468 1440 3517 desen-

413 3552 526 3598 det-e
561 3548 776 3597 retulerit
791 3584 808 3608 ‚
834 3549 932 3596 hoc
976 3549 1074 3597 loci
1112 3565 1257 3597 sensu
1279 3564 1293 3598 ε
1316 3571 1341 3591 ιι
1358 3548 1438 3596 hie

414 3646 598 3688 eorum,
617 3645 726 3693 quoe
751 3628 854 3675 «lixi
881 3629 1127 3685 meminit,
1146 3628 1331 3691 quippe
1352 3629 1439 3691 qni

413 3725 475 3755 ex
501 3709 578 3756 his
600 3729 643 3755 ιο.
681 3710 755 3755 Ita
783 3718 914 3753 certe
940 3707 1059 3755 Nat.
1079 3708 1146 3755 D.
1170 3709 1211 3767 1,
1236 3708 1318 3766 18,
1346 3709 1440 3768 49,

415 3787 595 3835 viderie
615 3788 741 3836 tueri
767 3786 908 3841 lieet,
935 3786 1076 3847 eujus
1106 3786 1220 3832 loco
1249 3787 1435 3834 Ernest.

416 3865 525 3928 plns
555 3883 702 3929 quam
741 3865 1010 3931 perfectum
1047 3866 1217 3929 ponit,
1249 3864 1439 3928 aliaque

418 3943 813 4008 intemperantius
860 3955 1028 3993 mutat.
1086 3942 1247 3992 Simili
1290 3943 1440 3991 modo

418 4021 538 4069 ibid.
572 4024 619 4078 1,
663 4024 722 4070 15
739 4058 753 4077 ‚
788 4034 871 4081 μ,
897 4023 1083 4072 dixerit
1107 4023 1303 4086 legitur.
1322 4026 1385 4071 G.

488 4102 730 4148 xxxlu.
755 4119 794 4150 ι.
817 4108 1014 4150 Omnes.
1055 4139 1066 4151 .
1096 4137 1106 4148 .
1134 4103 1208 4149 ad
1225 4101 1435 4164 corporis

427 4196 471 4229 v.
510 4191 557 4226 ct
583 4178 771 4227 dolores
795 4180 1036 4244 portinere
1051 4188 1077 4229 :²
1099 4183 1177 4229 Sic
1202 4198 1227 4229 e
1257 4180 1435 4229 nostris

1516 1432 1647 1463 nnus
1664 1415 1795 1463 Gnd.
1829 1431 1875 1462 1.
1913 1414 2040 1462 Nam
2068 1412 2239 1478 reliqui
2273 1415 2452 1474 verba,
2475 1416 2548 1463 ad

1518 1494 1751 1558 corporis.
1781 1528 1793 1539 .
1822 1528 1837 1539 .
1871 1492 2089 1554 dolores,
2135 1493 2378 1556 ignorant.
2415 1496 2544 1542 Hinc

1518 1585 1618 1635 est,
1642 1570 1782 1636 qnod
1803 1574 1998 1621 Marsus
2020 1588 2203 1620 omnes.
2245 1606 2260 1621 .
2297 1606 2310 1619 .
2347 1573 2421 1619 ad
2438 1589 2547 1621 cor-

1509 1667 1640 1713 pus,
1668 1651 1869 1715 reliquis
1904 1666 2042 1714 aeque
2077 1651 2281 1699 omissis.
2317 1651 2412 1699 Sed
2443 1653 2547 1700 noli

1518 1729 1634 1777 inde
1669 1730 1985 1779 additamenti
2023 1730 2291 1794 quidquam
2324 1747 2351 1777 a
2377 1730 2548 1778 scribis

1516 1809 1768 1873 suspicari.
1783 1811 1939 1856 Immo
1958 1807 2241 1857 aberrarunt
2259 1826 2286 1858 a
2311 1794 2552 1872 priore⁸v.

1518 1888 1738 1946 dolores,
1759 1887 1822 1934 ad
1842 1888 2163 1952 posteriorem
2194 1899 2271 1935 :et
2297 1887 2348 1935 h.
2370 1887 2404 1933 I.
2432 1903 2548 1950 pro-

1516 1967 1624 2031 prie
1643 1967 1853 2015 auctoris
1871 1977 1971 2015 erat
1993 1967 2232 2030 explicate
2253 1966 2406 2031 loqui.
2417 1967 2549 2013 G.—

1520 2049 1587 2093 Ee
1604 2046 1706 2095 dol.
1719 2044 1981 2110 pertinere.
1995 2048 2129 2095 Goer.
2140 2045 2276 2093 dedit
2294 2063 2357 2092 ac
2375 2062 2464 2109 pro
2484 2058 2551 2092 et.

1519 2127 1599 2181 Sic
1615 2162 1630 2186 ,
1650 2128 1827 2190 inquit,
1851 2127 2015 2174 Davis.
2038 2144 2065 2174 e
2097 2125 2254 2174 tribus
2276 2128 2375 2174 suis
2395 2138 2445 2175 et
2461 2126 2549 2173 Vi-

1519 2207 1767 2265 ctoriana,
1795 2222 1982 2271 nosque
2004 2222 2065 2253 ex
2108 2206 2238 2254 Gnd.
2287 2222 2337 2267 1,
2376 2208 2551 2253 Venet-

1526 2301 1545 2331 1
1558 2293 1678 2347 494,
1695 2285 1899 2349 aliisque
1919 2285 2159 2334 dedimus.

1599 2380 1645 2410 a.
1657 2363 1857 2411 Nihilne
1874 2374 1920 2410 te
1933 2364 2140 2411 delectae
2152 2380 2399 2426 umquam.
2417 2366 2552 2413 Goer.

1525 2443 1672 2490 sot-ib.
1711 2441 1838 2490 nihil
1859 2453 1966 2489 tene
1992 2441 2089 2489 del.
2116 2442 2362 2505 sequendi
2390 2443 2522 2491 fuere
2540 2479 2553 2499 ‚

1524 2522 1717 2585 inquit,
1750 2521 1881 2585 Spir.
1914 2530 1962 2568 et
1998 2520 2097 2568 Erl.
2134 2537 2246 2568 nam
2279 2521 2321 2569 si
2360 2522 2553 2585 vulgata

1524 2617 1636 2651 vera
1679 2611 1801 2649 esset
1816 2637 1832 2663 ,
1873 2601 1972 2649 alio
2015 2600 2188 2649 ordine
2219 2602 2410 2649 auctori
2442 2613 2556 2666 post

1520 2681 1861 2746 parenthesin,
1889 2696 2033 2744 quam
2061 2697 2174 2727 cum
2196 2680 2389 2728 Bremio
2417 2681 2556 2728 addi-

1527 2761 1716 2819 dimus,
1745 2760 2054 2808 scribendum
2094 2761 2279 2808 fnisset.
2314 2759 2457 2808 Nihil
2488 2760 2556 2806 ob

1524 2840 1625 2888 vim
1648 2841 1920 2904 negationis
1948 2841 2281 2903 praemittitnr:
2310 2842 2446 2887 Orat.
2475 2842 2523 2887 11
2546 2875 2560 2897 ,

1532 2921 1614 2971 15.
1637 2921 1704 2977 64
1728 2936 1739 2967 :
1759 2942 1783 2962 σι
1802 2922 1987 2967 Harum
2019 2929 2095 2965 tot
2121 2929 2457 2981 tantarumque
2476 2933 2552 2963 re·-

1527 3015 1634 3046 rum
1669 2998 1907 3047 videtisne
1925 3032 1939 3055 ,
1963 2997 2095 3044 nulla
2134 3012 2237 3042 esse
2274 3006 2516 3058 praecepta
2536 3031 2553 3055 ‚

1529 3094 1640 3141 quae
1658 3078 1707 3124 in
1726 3077 1910 3124 artibus
1922 3076 2173 3123 rhetorum
2193 3074 2497 3136 reperiantur
2511 3097 2551 3121 u.

1526 3156 1741 3205 Pessime
1759 3156 1826 3202 ibi
1845 3157 1959 3201 Ern.
1993 3154 2097 3200 ulla
2125 3152 2344 3199 mutavit.
2369 3152 2450 3198 Sic
2480 3154 2554 3199 fa-

1530 3227 1624 3274 cile
1641 3225 1829 3273 carebis
1859 3223 2079 3272 Lambini
2107 3224 2411 3269 correctione
2428 3258 2441 3281 ‚
2469 3225 2556 3286 qni

1529 3322 1588 3352 an
1595 3316 1642 3352 te
1659 3304 1890 3365 delectae,
1900 3320 1988 3350 sua
2002 3313 2173 3366 sponte
2184 3302 2329 3349 infert
2343 3316 2356 3351 ε
2378 3319 2472 3366 qua
2491 3305 2555 3351 ad

1529 3383 1774 3446 vulgatam
1793 3383 1875 3429 vix
1895 3393 2025 3429 reete
2039 3381 2556 3445 carebis.—-—Umquam

1530 3460 1727 3517 deinde,
1752 3476 1845 3523 pro
1862 3477 1986 3524 quo,
2001 3471 2056 3508 ut
2069 3460 2174 3518 alii,
2195 3461 2259 3507 ita
2281 3460 2380 3508 duo
2401 3464 2559 3509 nostri

1528 3541 1728 3605 inquam
1750 3539 1972 3604 praebent
1987 3574 2003 3600 ,
2025 3556 2190 3587 verum
2213 3551 2313 3600 est,
2333 3551 2383 3589 et
2403 3558 2557 3606 saepe-

1527 3636 1733 3669 numero
1754 3636 1866 3667 cum
1887 3619 1984 3668 hoe
2000 3654 2017 3680 ,
2036 3620 2258 3683 inprimis
2289 3622 2330 3666 si
2354 3621 2404 3667 in
2423 3621 2556 3669 elau-

1527 3701 1631 3750 sula
1676 3701 1888 3763 positum
1922 3710 2026 3759 est,
2053 3709 2384 3763 permutatum
2416 3703 2558 3761 cujus

1529 3781 1707 3828 erroris
1729 3779 2007 3843 exemplum
2035 3778 2249 3826 occurrit
2289 3780 2450 3827 statim
2479 3781 2554 3827 in·

1529 3862 1599 3907 fra
1619 3895 1634 3918 ‚
1658 3858 1690 3924 S
1715 3860 1826 3908 108.

1601 3940 1652 3987 3.
1695 3937 1858 4001 Igitur
1905 3954 2033 4002 stupe
2074 3936 2384 4001 parenthesin
2429 3939 2557 3984 exci-

1530 4020 1621 4084 pit,
1648 4019 1711 4067 cs.
1730 4033 1876 4081 supra
1898 4021 1962 4071 ΙΙ,
1984 4034 2070 4073 22.
2093 4025 2188 4078 743
2209 4017 2328 4064 infra
2353 4019 2449 4073 111,
2478 4024 2562 4071 14,

1532 4100 1616 4155 453
1639 4101 1726 4145 lv.
1751 4105 1829 4155 14,
1855 4097 1935 4156 38,
1956 4108 2045 4145 etc.
2067 4107 2213 4161 atque
2234 4106 2334 4143 tum
2351 4095 2559 4158 iuquam

1527 4178 1668 4227 valet.
1690 4177 1749 4226 G.
