3217 4784
768 460 891 526 DE
941 459 1113 529 FIN.
1169 458 1375 525 BON.
1430 457 1541 524 ET
1593 454 1813 520 MAI..
1869 453 1958 532 V,
2003 449 2114 519 28.

2370 447 2516 541 649

377 599 522 655 est:
567 595 640 652 et
669 604 883 651 nemo
909 577 1125 650 beato
1159 576 1461 648 beatior.
1502 580 1693 670 Ergo
1715 627 1734 658 ‚
1777 572 2013 667 inquit
2034 624 2054 656 ‚
2082 568 2214 640 tibi
2247 571 2337 658 Q.
2369 574 2518 640 Me·
2557 589 2621 639 82

375 693 626 777 telluri,
678 692 806 788 qui
844 704 989 761 tres
1027 687 1214 762 filios
1247 685 1587 757 consules
1630 683 1810 753 vidit
1837 735 1857 771 ,
1904 706 1946 752 e
1981 677 2248 777 quibus
2291 703 2518 750 unum

377 805 586 872 etiam
614 816 687 871 et
714 824 1122 883 censorem,
1157 811 1231 868 et
1264 792 1837 892 triumphantem
1859 844 1878 878 ,
1907 803 2248 888 quartum
2275 804 2518 859 autem

378 927 784 1009 praetorem,
812 933 1081 1004 eosque
1109 906 1341 978 salvos
1368 903 1700 1001 reliquit,
1723 917 1798 974 et
1822 916 1970 973 tres
1996 901 2179 972 filias
2198 914 2513 998 ‚nupta5‚

378 1045 606 1117 quum
641 1021 794 1118 ipse
832 1016 1125 1106 consul,
1152 1040 1412 1088 censor
1449 1020 1703 1100 etiam,
1741 1009 2197 1109 augurque¹⁵
2238 1009 2517 1095 fuisset,

378 1146 451 1202 et
495 1129 1005 1227 triumphasset
1040 1156 1055 1199 ε
1098 1142 1180 1198 ut
1218 1128 1504 1225 sapiens
1542 1118 1883 1207 fueritffi,
1930 1146 2178 1192 nonne
2212 1119 2514 1206 beatior,

378 1252 727 1335 quam‚ut
743 1240 915 1310 item
936 1239 1222 1335 sapiens
1250 1236 1499 1323 fuerit,
1528 1238 1655 1332 qui
1681 1236 1757 1303 in
1785 1246 2141 1331 potestate
2176 1230 2521 1316 hostium,

382 1349 640 1445 vigiliis
678 1363 748 1420 et
783 1346 1021 1419 inedia
1056 1364 1354 1420 necatus
1392 1361 1540 1430 est,
1581 1342 1946 1440 Regulus?

472 1464 797 1531 XXVIII.
864 1458 1059 1550 Quid
1113 1456 1475 1542 me,.‚istud
1534 1455 1801 1552 rogasi'·
1828 1457 2125 1550 iuquam
2168 1479 2184 1521 ε
2250 1454 2520 1524 stoicos
2557 1464 2622 1518 83

378 1595 575 1667 roga.
634 1571 826 1662 Quid
879 1571 1147 1667 igitur,
1211 1570 1492 1666 inquit,
1551 1591 1676 1638 eos
1728 1587 2209 1663 responsuros
2254 1564 2523 1659 putas?

377 1682 621 1752 Nihilo
679 1680 1073 1752 beatiorem
1131 1705 1285 1752 esse
1344 1677 1721 1750 Metellum
1758 1729 1778 1763 ‚
1854 1698 2075 1771 quam
2139 1673 2517 1770 Regulum.

381 1790 558 1861 Inde
593 1792 848 1886 igitur,
875 1791 1146 1886 inquit,
1184 1788 1626 1861 audiendum
1668 1798 1847 1857 est1.
1879 1790 2151 1858 Tamen
2187 1810 2227 1855 a
2260 1809 2525 1881 propo-

375 1901 538 1977 sito.
572 1901 868 1995 inquam
885 1953 905 1986 ‚
935 1898 1422 1971 aberramus2.
1447 1902 1615 1970 Non
1640 1897 1861 1980 enim,
1887 1898 2212 1990 inquam,
2238 1917 2517 1990 quaem,

376 2008 553 2105 quid
609 2033 894 2092 verum,
937 2010 1063 2080 sed
1097 2010 1276 2106 quid
1315 2013 1579 2106 cuique
1618 2005 2009 2078 dicendum
2052 2006 2166 2076 sit.
2226 2006 2520 2075 Utinam

376 2120 671 2217 quidem
702 2121 1026 2192 dicerent
1060 2120 1279 2192 alium
1315 2121 1456 2190 alio
1490 2113 1924 2189 beatiorem!
1967 2115 2112 2211 jam
2152 2116 2398 2185 ruinas
2428 2119 2521 2185 vi·

377 2229 600 2300 (lenes,
640 2235 724 2300 In
763 2232 1028 2301 virtute
1072 2233 1267 2301 enim
1302 2229 1483 2316 sola,
1512 2244 1585 2299 et
1628 2231 1702 2298 in
1741 2228 1901 2325 ipso
1944 2227 2253 2299 honesto
2289 2250 2517 2321 quum

378 2402 455 2432 mo
471 2404 490 2442 ‚·
537 2386 587 2433 iu
627 2402 728 2449 quo
758 2402 866 2433 eum
891 2387 1026 2436 Goer.
1048 2386 1170 2434 dicit
1192 2385 1400 2436 oblitum

377 2482 481 2513 esse
517 2477 565 2512 ee
596 2467 958 2514 consecutionis
981 2476 1031 2513 et
1055 2466 1400 2530 assumptionis

376 2560 479 2591 esse
522 2546 946 2606 conjunctionem,
1001 2561 1097 2609 qua
1137 2562 1263 2609 saepe
1295 2546 1398 2594 Cic.

379 2625 554 2673 utitur.

453 2720 474 2750 1
486 2704 534 2752 5.
558 2705 713 2765 Quum
727 2703 823 2768 ipse
837 2705 1024 2761 consul,
1044 2719 1220 2752 censor
1236 2703 1401 2764 edam,

373 2798 647 2846 augurque.
684 2783 891 2832 Goereuz
912 2783 1040 2832 delet
1058 2784 1204 2832 etiam
1230 2795 1276 2830 et
1290 2799 1398 2847 que.

380 2863 668 2921 Utramque,
683 2862 863 2923 inquit,
882 2863 1108 2924 ignorant
1126 2871 1249 2925 part.
1272 2863 1400 2927 Spir.

375 2948 422 2985 et
451 2938 550 2986 Erl.
578 2948 627 2983 ec
648 2954 741 3002 pro
769 2939 916 2985 etiam
942 2940 1076 2987 Gud.
1104 2951 1263 3004 uterq.
1283 2942 1398 2987 Mo·

375 3031 481 3064 nac.
516 3016 692 3079 aliique
734 3015 946 3064 aliorum
992 3019 1095 3078 ejus
1138 3016 1244 3064 vice
1269 3029 1399 3065 essee

376 3096 602 3143 referunt.
628 3098 733 3159 ραι
760 3095 934 3143 deinde
949 3129 964 3152 ‚
982 3106 1162 3159 preter
1184 3107 1397 3159 quatuor

376 3176 580 3221 Oxoun.
618 3183 712 3220 tres
745 3189 943 3236 quoque
970 3184 1248 3222 nostrorum
1287 3171 1399 3222 reli·

375 3252 461 3315 qui
500 3267 602 3299 nou
641 3263 941 3316 agnoscunt,
986 3262 1246 3316 sextusque
1284 3255 1395 3301 Bas.

375 3332 479 3390 ejus
496 3330 610 3378 loco
636 3342 685 3377 ee
704 3330 888 3394 prabet
904 3366 919 3392 ‚
936 3348 1081 3396 quam
1104 3332 1208 3379 sine
1228 3348 1396 3393 causa,

374 3409 520 3458 etiam
541 3409 696 3457 deleta
710 3445 726 3470 ,
745 3412 909 3458 stis,
931 3411 1115 3459 suadet.
1133 3410 1264 3459 Editi
1279 3421 1393 3459 vett.

375 3507 499 3552 quos
540 3489 775 3546 vidimus,
813 3507 1024 3539 «censor
1049 3502 1201 3550 esset,
1243 3507 1398 3556 augur

375 3570 539 3616 suisset
553 3591 597 3617 ιι.
625 3570 777 3616 Recte
799 3569 950 3632 igitur
983 3581 1133 3634 partt.
1161 3571 1277 3618 istas
1310 3569 1398 3618 ab·

371 3649 520 3707 jectas
546 3646 769 3711 putabis,
790 3650 830 3696 si
865 3649 1038 3705 simul.
1071 3649 1255 3697 scribas
1280 3649 1395 3698 ubi-

374 3729 548 3792 quein
584 3728 822 3790 ejusmodi
867 3720 1135 3785 ἀσυνδὲτοις
1179 3728 1386 3785 han-ere,

373 3808 664 3854 memineris.
685 3808 909 3855 Ceterum
936 3811 989 3855 in
1013 3809 1108 3856 hoc
1139 3824 1202 3856 ne
1230 3809 1394 3857 offen-

373 3885 484 3941 das,
512 3886 646 3950 quod
660 3885 843 3951 suisset
877 3888 1130 3946 scribitur,
1149 3905 1300 3952 quum
1317 3906 1397 3937 su-

372 3976 567 4027 gurstus
598 3965 661 4012 ad
679 3965 783 4015 dies
812 3967 922 4014 vitae
945 3979 1104 4026 esset3
1130 3969 1279 4015 immo
1309 3985 1396 4032 per

372 4059 566 4105 zeugma
611 4044 714 4092 haec
751 4047 815 4094 ad
842 4064 989 4094 unum
1035 4046 1172 4095 verbi
1208 4058 1397 4112 tempus

374 4120 577 4168 collecta
600 4123 805 4185 putabis.
833 4128 899 4174 G.

449 4197 526 4248 16-
555 4202 616 4246 Ut
640 4201 830 4272 sapiens
847 4203 1020 4266 licerit.
1045 4207 1103 4252 Ue
1127 4205 1252 4253 valet
1272 4216 1394 4266 utne,

1488 2386 1696 2452 suppose
1715 2399 1808 2448 qne
1825 2394 2000 2447 :atque
2024 2383 2088 2430 ita
2115 2381 2260 2431 etiam
2279 2383 2332 2429 iu
2358 2382 2520 2447 proxi·

1489 2465 1606 2525 mis,
1633 2464 1718 2512 ubi
1744 2475 1841 2512 tres
1857 2479 1921 2512 ex
1939 2464 2116 2511 nostris
2140 2461 2268 2509 idem
2284 2470 2518 2526 peccatam

1489 2560 1601 2591 nam
1625 2543 1740 2590 icem
1758 2542 1885 2590 valet
1903 2542 2073 2589 eodem
2092 2541 2397 2602 tandm—Q.
2418 2543 2523 2587 Me·

1488 2624 1687 2672 eelim...
1723 2623 1951 2688 Regulus.
1986 2621 2125 2669 Alias
2165 2619 2328 2684 aptius
2364 2634 2519 2683 oppo—

1489 2714 1675 2751 nuntur
1700 2701 1794 2749 sibi
1822 2702 2044 2749 Metellus
2080 2713 2129 2749 et
2161 2699 2398 2748 Primus.
2439 2702 2515 2749 De

1486 2779 1677 2831 Metelli
1707 2781 1938 2830 felicitate
1970 2780 2069 2828 vid.
2098 2781 2278 2830 Noster
2295 2782 2441 2827 Tusc.
2470 2782 2518 2839 1,

1493 2864 1583 2921 34,
1613 2863 1710 2920 853
1738 2863 1865 2910 Veli.
1885 2864 2125 2918 Patech,
2142 2877 2252 2925 cap.
2279 2875 2370 2920 113
2392 2859 2519 2909 Pliu.

1494 2945 1563 2992 Η.
1591 2944 1662 2991 Ν.
1682 2945 1777 2990 v11
1794 2976 1811 3000 ,
1834 2958 1945 3004 cap.
1973 2942 2056 2994 45.
2078 2941 2140 2987 G.

1555 3022 1795 3069 xxvln.
1831 3034 1874 3067 1.
1913 3016 2229 3064 Audiendum
2252 3027 2342 3064 ese.
2377 3016 2519 3063 Valet

1484 3121 1509 3140 κ
1527 3099 1802 3147 Stoicorum
1833 3097 2070 3145 sententis
2101 3112 2211 3142 vera
2247 3094 2517 3156 judicanda

1485 3191 1590 3226 est:
1614 3200 1639 3219 n
1667 3175 1804 3239 quod
1835 3191 2123 3232 monemus,
2165 3191 2253 3232 ne,
2298 3185 2352 3222 ut
2391 3168 2518 3222 viiii-

1485 3273 1591 3303 mus
1603 3290 1619 3314 ‚
1633 3255 1771 3304 locus
1783 3255 1864 3302 hic
1886 3255 2180 3316 conjecturis
2199 3254 2435 3302 turbetur.
2452 3255 2516 3301 G.

1487 3334 1727 3384 ——Nobis
1754 3349 1911 3381 errare
1936 3337 2085 3383 Goer.·
2101 3332 2309 3382 videtur.
2339 3336 2518 3382 Sensus

1484 3425 1556 3462 est
1569 3448 1586 3473 ,
1608 3416 1661 3462 ni
1685 3414 1925 3464 fallimur:
1946 3416 2074 3478 Ergo
2093 3430 2204 3461 cum
2225 3414 2403 3463 Stoicis
2420 3415 2517 3461 dis-

1484 3493 1763 3559 putandum
1804 3505 1877 3542 est
1922 3493 2065 3557 (gall.
2104 3509 2231 3542 vers.
2272 3494 2348 3541 Ele
2384 3494 2517 3554 bien,

1484 3573 1710 3621 §coutens
1747 3574 1814 3621 les
1846 3571 2139 3634 Scoi‘ciens):
2168 3590 2276 3620 uam
2300 3589 2392 3636 ego
2415 3589 2517 3621 nou

1486 3652 1599 3700 dieo
1623 3653 1781 3701 nihilo
1810 3653 2075 3702 beatiorem
2102 3669 2203 3701 esse
2227 3653 2477 3701 Metellum
2500 3668 2514 3699 :

1485 3743 1588 3779 tum
1607 3732 1713 3782 Cic.
1727 3732 1989 3796 respondet
2008 3747 2021 3781 ε
2042 3748 2146 3781 nou
2166 3732 2273 3781 hac
2293 3743 2365 3780 est
2384 3749 2511 3795 quie-

1483 3810 1598 3869 stio,
1616 3812 1736 3875 quid
1756 3811 1913 3858 dicas:
1929 3811 2014 3859 sed
2030 3811 2150 3875 quid
2164 3811 2325 3860 dicere
2340 3810 2514 3858 debeas

1486 3890 1835 3938 convenienter
1861 3890 2118 3955 principiis
2145 3906 2255 3955 quae
2291 3889 2513 3953 posuisti.

1557 3986 1606 4019 2.
1658 3972 1839 4018 Tamen
1885 3988 1919 4016 a
1956 3970 2232 4036 proposito,
2279 3970 2480 4033 inquam
2495 4003 2511 4026 ,

1485 4048 1786 4099 aberramus.
1806 4052 1876 4098 lta
1898 4051 1997 4111 jam
2020 4050 2183 4097 Davis.
2206 4064 2297 4112 pro
2320 4047 2514 4110 vulgato

1485 4128 1812 4176 aberravimus
1826 4164 1841 4186 ‚
1869 4147 1977 4177 cum
1998 4129 2192 4177 duobus
2209 4127 2330 4188 ejus.
2350 4127 2513 4188 Atque

1486 4210 1554 4255 sic
1580 4209 1697 4257 item
1722 4208 1822 4258 duo
1850 4208 1921 4257 illi
1944 4209 2113 4256 nostri.
2140 4206 2214 4257 Cf.
2251 4206 2450 4255 inferius
2476 4204 2507 4268 S
