3217 4784
712 394 850 487 472
1383 391 1477 460 M.
1524 393 1601 459 T.
1670 390 2156 463 CICERONIS

708 517 899 587 enim
933 495 1122 599 {it¹⁵,
1150 533 1379 582 necne
1416 513 1535 600 sit,
1565 514 1732 609 quis
1753 537 1901 583 non
1929 514 2094 609 jure
2120 513 2399 610 optimo
2425 509 2844 597 irrideatur,

706 628 765 694 si
790 616 1181 694 laboretffi?
1207 627 1296 692 At
1324 644 1496 692 vero
1519 627 1860 719 gravitate
1890 620 2383 693 membrorum
2405 635 2480 693 et
2510 624 2843 695 cruciatu

672 738 677 753 '
706 733 1042 805 dolorum
1085 731 1147 801 si
1181 731 1346 827 quis
1378 756 1599 829 quem
1639 732 1861 820 levet,
1895 756 2222 831 magnam
2262 733 2457 804 ineat
2490 722 2834 829 gratiam3

704 866 877 927 nee,
903 842 965 911 si
997 838 1118 910 ille
1153 842 1438 937 sapiens
1460 852 1522 903 ι7
1558 841 1650 913 ad
1688 844 1979 913 tortoris
2006 841 2399 938 equuleum
2437 866 2478 911 a
2519 856 2836 939 tyranno

703 952 806 1021 ire
842 965 1172 1047 cogatur,
1206 951 1511 1023 similem
1551 950 1817 1026 habeat
1849 953 2130 1023 vultum
2151 1005 2170 1038 ,
2220 975 2302 1022 ac
2343 952 2401 1022 si
2435 952 2830 1050 ampullam

698 1052 1200 1160 perdidisset¹⁸
1236 1088 1251 1131 ε
1293 1061 1461 1149 sed,
1517 1077 1599 1134 ut
1633 1063 1974 1161 magnum
2013 1078 2086 1135 et
2123 1060 2417 1134 difficile
2461 1078 2829 1134 certamen

698 1173 970 1261 inienS,
1022 1194 1249 1269 quum
1301 1170 1439 1243 sibi
1489 1196 1657 1243 cum
1705 1171 1985 1271 capitali
2028 1171 2473 1259 adversarie,
2525 1169 2776 1243 dolore
2803 1227 2824 1256 ,

694 1278 1267 1379 depugnandum
1292 1280 1564 1354 videret
1581 1337 1601 1369 ,
1632 1283 2046 1354 excitaret¹9
2073 1306 2327 1352 omnes
2347 1282 2659 1352 rationes
2687 1279 2830 1353 for-

695 1388 1022 1462 titudinis
1078 1414 1162 1462 ac
1204 1392 1559 1488 patientiae
1586 1447 1607 1479 ,
1661 1415 1968 1490 quarum
2011 1391 2343 1489 praesidio
2396 1393 2611 1462 iniret
2644 1392 2824 1463 illud

695 1497 985 1573 difficile
1007 1556 1026 1589 ,
1068 1516 1150 1573 ut
1174 1500 1320 1573 dixi
1336 1513 1429 1591 ²⁰,
1467 1526 1956 1600 magnumque
1981 1500 2324 1600 praelium.
2357 1501 2633 1573 Deinde
2669 1527 2823 1573 non

693 1634 1130 1709 quaeremu8‚
1161 1612 1339 1710 quid
1372 1611 1826 1703 obscuretur,
1850 1627 1975 1684 aut
2009 1613 2345 1699 intereat,
2376 1612 2546 1709 quia
2583 1616 2675 1684 sit
2699 1610 2821 1684 ad-

692 1721 990 1794 modum
1048 1746 1392 1821 parvum;
1437 1723 1564 1795 sed
1604 1708 1788 1822 quid·
1822 1723 1960 1796 tale
1997 1726 2126 1810 sit,
2177 1738 2259 1794 ut
2308 1720 2587 1820 expleat
2621 1748 2819 1794 sum-

768 1933 847 1981 15.
887 1927 1130 1995 Ampulla
1163 1929 1293 1978 enim
1329 1929 1422 1991 sit,
1451 1947 1603 1980 necne
1629 1932 1712 1983 sit.
1801 1932 1930 1981 unde
1964 1931 2189 1996 colligas,
2228 1930 2422 1980 dolores
2457 1933 2680 1996 corporis
2714 1950 2817 1981 eam

691 2012 769 2059 Sc.
794 2026 907 2074 que
926 2009 992 2058 ad
1016 2009 1166 2058 vitam
1187 2024 1297 2057 cum
1323 2008 1504 2061 virtute
1535 2009 1712 2075 degen·
1799 2011 1898 2059 vim
1940 2010 2117 2058 habere
2136 2045 2152 2071 ,
2210 2020 2265 2057 ut
2313 2009 2441 2058 inter
2485 2010 2814 2060 indifferentia

693 2088 803 2137 dam
820 2087 1033 2136 accedat.
1050 2089 1114 2137 G.

767 2166 850 2214 16.
888 2166 943 2213 Si
973 2166 1174 2214 laboret.
1211 2166 1401 2231 Nempe
1445 2165 1495 2214 in
1531 2182 1585 2214 re
1613 2175 1710 2214 tam

689 2245 828 2310 parvi
856 2243 1103 2292 momenti.
1137 2244 1227 2292 His
1254 2246 1434 2294 notatis
1467 2245 1607 2294 facile
1631 2262 1711 2294 ca·

688 2322 825 2372 vebia
844 2357 859 2381 ,
895 2339 958 2371 ne
984 2323 1035 2370 in
1057 2321 1133 2371 hia
1157 2338 1271 2371 cnm
1291 2323 1398 2373 aliis
1417 2324 1620 2374 hoereas.
1643 2326 1708 2374 G.

690 2428 760 2440 -
797 2402 945 2452 Grav.
974 2404 1171 2452 membr.
1209 2406 1400 2453 Lucret.
1432 2406 1540 2465 111,
1567 2410 1665 2466 447
1692 2419 1707 2454 2

690 2503 717 2524 α
740 2481 1065 2546 Consequitur
1099 2481 1307 2546 gravitas
1342 2484 1671 2532 membrorum
1691 2517 1707 2544 ,

690 2560 1056 2624 praepedinutur
1082 2561 1234 2609 Crura
1254 2562 1530 2624 vacillanti,
1565 2573 1659 2611 etc.
1681 2583 1705 2606 ι

687 2640 761 2687 De
784 2638 966 2703 phrasi,
978 2639 1160 2705 gravit.
1181 2655 1246 2686 m.
1261 2642 1520 2691 vid.Tnsc.
1539 2644 1632 2702 111,
1662 2657 1707 2691 ι.

764 2732 843 2784 17.
870 2719 1002 2775 Nec,
1025 2717 1071 2765 si
1083 2716 1167 2765 ille
1183 2718 1392 2781 sapiens.
1415 2721 1529 2770 Bini
1550 2723 1708 2770 nostri

685 2795 768 2845 ille
792 2798 1018 2861 ignorant
1037 2810 1052 2843 ε
1071 2794 1204 2860 quod
1226 2811 1320 2844 nos
1343 2798 1539 2861 quidem
1566 2788 1707 2848 mini-

687 2893 764 2925 me
816 2876 1094 2942 probamus.
1143 2875 1312 2922 Innuit
1355 2876 1484 2924 enim
1536 2889 1708 2928 auctor

685 2954 821 3005 illum
844 2955 1045 3021 Epicuri
1068 2954 1367 3019 sapientem,
1387 2976 1411 2996 e·
1438 2956 1526 3019 qui
1550 2956 1627 3003 vel
1653 2957 1706 3005 in

684 3036 897 3101 equuleo
924 3034 1187 3093 exclamet,
1212 3049 1357 3098 quam
1383 3034 1509 3082 bene
1544 3037 1643 3084 est!
1677 3057 1699 3079 ι,

684 3117 811 3164 Vere
844 3126 1003 3164 autem
1037 3113 1102 3162 ad
1133 3113 1266 3161 hunc
1302 3114 1502 3178 respici,
1535 3114 1706 3163 similia

682 3194 820 3243 locus
841 3194 985 3243 docet
1001 3229 1015 3253 ‚
1040 3208 1184 3257 snpra
1213 3194 1305 3255 111,
1338 3195 1417 3253 13,
1448 3203 1510 3252 42
1538 3210 1551 3242 :
1575 3215 1602 3235 α
1623 3196 1705 3243 An

682 3288 800 3322 vero
838 3274 1017 3321 certius
1056 3273 1323 3337 quidquam
1363 3283 1525 3336 potest
1569 3290 1703 3333 ease,

680 3368 824 3415 qnam
844 3351 1037 3399 illorum
1056 3351 1246 3399 ratione
1263 3384 1278 3409 ‚
1303 3351 1389 3414 qni
1412 3351 1631 3399 dolorem
1649 3353 1704 3401 in

680 3430 820 3477 malis
853 3440 1077 3494 ponunt,
1113 3444 1216 3477 non
1254 3445 1396 3493 posse
1432 3431 1700 3496 sapientem

678 3506 870 3554 beatum
896 3522 1000 3554 esse
1017 3539 1035 3566 ‚
1057 3521 1207 3570 quum
1223 3508 1434 3571 equuleo
1468 3519 1699 3574 torquea-

680 3584 837 3634 θυι-Ρ»
871 3583 1050 3649 quibua
1088 3583 1205 3633 item
1232 3596 1357 3634 tecte
1391 3587 1589 3651 Epicuri
1626 3604 1700 3636 aa·

676 3664 817 3729 piens
845 3662 1041 3727 petitur.
1068 3664 1133 3711 G.
1157 3690 1231 3701 -—
1266 3664 1371 3713 Noa
1398 3677 1559 3714 antem
1597 3682 1698 3715 non

674 3741 896 3791 videmus
928 3740 1180 3806 quomodo
1209 3743 1317 3794 Cic.
1346 3744 1444 3792 hoc
1475 3744 1591 3794 loco
1617 3761 1697 3793 aa·

670 3822 884 3888 pientem
902 3821 1121 3870 Stoicum
1155 3837 1259 3870 non
1279 3808 1500 3888 designet
1531 3837 1546 3871 ε
1581 3840 1697 3873 uam

672 3902 720 3951 ei
760 3900 894 3949 nulla
929 3916 1005 3949 res
1045 3912 1255 3950 osteum
1291 3899 1562 3966 Epicuro&
1607 3903 1694 3952 aed

670 3979 980 4048 probandum
1015 3989 1089 4027 est
1132 3978 1350 4028 Stoicum
1393 3981 1555 4045 ipsum
1590 3996 1694 4030 uon

668 4077 814 4128 posse
850 4060 974 4125 quin
1010 4058 1332 4108 differentiam
1370 4071 1522 4125 ponat
1565 4061 1692 4109 inter

667 4140 892 4207 ampulla
910 4142 1149 4202 jacturam
1171 4150 1220 4188 et
1239 4140 1431 4208 equulei
1455 4139 1685 4201 dolon-083

1796 2089 1919 2154 poni
1946 2104 2050 2136 non
2073 2088 2292 2153 possint3
2319 2089 2485 2152 itaque
2516 2089 2620 2154 ipsa
2643 2093 2818 2140 virtute

1795 2169 1850 2217 in
1877 2169 2014 2217 beata
2040 2169 2139 2215 vita
2172 2169 2448 2217 aestimanda
2490 2186 2594 2219 non
2619 2187 2818 2237 prorsus

1796 2248 1955 2297 obrui.

1873 2328 1951 2375 18.
1978 2324 2187 2375 Similem
2225 2326 2408 2376 habeat
2432 2329 2627 2378 vultum
2642 2366 2657 2392 ,
2687 2347 2749 2378 ac
2776 2333 2819 2379 si

1796 2406 2066 2471 ampullam
2084 2405 2393 2470 perdidisset.
2422 2408 2630 2456 Goerenz
2652 2409 2818 2458 scribit

1795 2498 1845 2535 ec
1865 2501 1957 2551 pro
1983 2502 2060 2533 ac.
2083 2486 2188 2545 sic,
2213 2485 2401 2549 inquit,
2434 2501 2606 2535 omnes
2631 2489 2812 2548 nostri,

1794 2580 1904 2613 cum
1945 2564 2072 2612 binis
2098 2566 2295 2612 Oxonm
2332 2574 2384 2612 et
2419 2566 2566 2615 Vien.
2603 2575 2659 2613 ut
2685 2576 2814 2614 recte

1792 2654 1905 2691 ante
1930 2659 2021 2690 nos
2043 2643 2212 2690 Daris.
2233 2660 2298 2691 ex
2327 2645 2381 2704 5,
2401 2645 2521 2692 Pan.
2546 2646 2596 2704 3,
2612 2644 2736 2704 auis,
2763 2657 2813 2694 et

1794 2722 2074 2769 Victoriana
2122 2720 2260 2769 dedit
2281 2758 2297 2784 ,
2340 2724 2562 2772 Eme-tio
2593 2738 2692 2770 uon
2725 2740 2816 2788 pa-

1791 2810 1944 2848 rente.
1979 2800 2055 2850 Cf.
2080 2815 2223 2864 supra
2253 2803 2330 2863 11,
2353 2818 2401 2863 7,
2433 2818 2529 2861 αις
2556 2801 2636 2849 eu.
2664 2802 2731 2863 V,
2761 2804 2812 2864 3,

1793 2892 1827 2941 9
1851 2891 1866 2926 :
1893 2899 1919 2921 α
1935 2879 2138 2927 similem
2165 2878 2259 2927 sibi
2284 2879 2439 2928 videri
2461 2881 2608 2929 vitam
2629 2892 2676 2930 et
2696 2898 2819 2932 meu-

1765 2967 2264 3031 ‚catumeumsttca

1868 3053 1950 3100 19.
1980 3037 2207 3097 rideret,
2228 3035 2483 3086 excitaret.
2508 3040 2704 3088 Dixeris
2728 3057 2816 3088 au-

1790 3125 1973 3164 ctorem
2028 3131 2088 3165 ex
2140 3118 2486 3165 consecutione
2539 3118 2780 3169 excidisse
2802 3156 2817 3181 ,

1789 3210 1940 3258 quum
1993 3197 2243 3261 prasentia
2293 3207 2519 3261 cogatur,
2568 3197 2814 3257 habeam,

1788 3276 2138 3338 praecesserint.
2173 3274 2268 3322 Sed
2302 3274 2571 3339 applicavit
2597 3278 2812 3342 imperff.

1787 3352 1853 3400 ad
1868 3354 2089 3417 proxime
2113 3352 2404 3401 antecedens
2427 3354 2812 3420 pluaquamperf.

1781 3432 2101 3495 perdidisset,
2127 3441 2297 3495 utpote
2331 3432 2467 3497 quod
2505 3433 2700 3479 auribus
2741 3433 2814 3480 le-

1787 3511 1937 3559 ctoris
1977 3511 2251 3560 inhaereret.
2296 3510 2431 3558 Talia
2470 3509 2691 3573 exempla
2717 3511 2814 3581 fre-

1786 3589 1983 3651 quentia
2036 3598 2180 3647 sunu
2235 3602 2391 3650 neque
2449 3586 2769 3650 vituperanda
2795 3625 2810 3645 ,

1785 3681 1936 3730 quum
1974 3667 2043 3716 sic
2079 3677 2330 3715 structum
2363 3665 2565 3713 varietas
2607 3667 2810 3728 adjuve-

1788 3754 1883 3795 tur.
1911 3747 1971 3794 G.

1852 3839 1938 3875 ao.
1959 3824 2094 3873 Illud
2116 3822 2340 3892 defficile,
2367 3835 2421 3870 ue
2444 3821 2571 3871 dixi.
2601 3823 2729 3887 Spir.
2758 3837 2806 3873 et

1782 3902 1883 3951 Erl.
1907 3913 2228 3968 transponunt
2244 3898 2447 3969 difficile
2465 3901 2609 3951 illud.
2631 3904 2803 3963 Recte,

1780 3982 1822 4031 ai
1848 3983 1987 4047 quod
2005 3981 2116 4030 dixi
2139 3980 2461 4028 scriberetur:
2485 3981 2571 4029 sed
2599 3992 2715 4031 ante
2751 3996 2805 4032 m

1780 4061 1892 4111 dixi
1925 4079 2026 4110 vox
2059 4060 2278 4125 proxime
2313 4060 2590 4124 praecedere
2622 4063 2766 4113 debet
2781 4099 2797 4121 ,

1776 4157 1917 4205 quam
1955 4140 2060 4189 hec
2098 4147 2338 4204 spectatu.
2365 4139 2426 4188 G.
