<?xml version="1.0" encoding="UTF-8"?>
<!DOCTYPE html PUBLIC "-//W3C//DTD XHTML 1.0 Transitional//EN"
    "http://www.w3.org/TR/xhtml1/DTD/xhtml1-transitional.dtd">
<html xmlns="http://www.w3.org/1999/xhtml" xml:lang="en" lang="en">
 <head>
  <title>
</title>
<meta http-equiv="Content-Type" content="text/html;charset=utf-8" />
  <meta name='ocr-system' content='tesseract 3.04.00' />
  <meta name='ocr-capabilities' content='ocr_page ocr_carea ocr_par ocr_line ocrx_word'/>
</head>
<body>
  <div class='ocr_page' id='page_1' title='image "./mtciceronisquae00clergoog/mtciceronisquae00clergoog_0189.png"; bbox 0 0 3217 4784; ppageno 0'>
   <div class='ocr_carea' id='block_1_1' title="bbox 508 460 2125 551">
    <p class='ocr_par' dir='ltr' id='par_1_1' title="bbox 508 460 2125 551">
     <span class='ocr_line' id='line_1_1' title="bbox 508 460 2125 551; baseline -0.008 -15"><span class='ocrx_word' id='word_1_1' title='bbox 508 460 541 499; x_wconf 71' lang='lat'><strong>⁹</strong></span> <span class='ocrx_word' id='word_1_2' title='bbox 817 468 941 534; x_wconf 91' lang='lat' dir='ltr'>DE</span> <span class='ocrx_word' id='word_1_3' title='bbox 990 466 1161 536; x_wconf 88' lang='lat' dir='ltr'><strong>FIN.</strong></span> <span class='ocrx_word' id='word_1_4' title='bbox 1214 463 1419 532; x_wconf 86' lang='lat' dir='ltr'><strong>BON.</strong></span> <span class='ocrx_word' id='word_1_5' title='bbox 1472 462 1585 529; x_wconf 88' lang='lat' dir='ltr'>ET</span> <span class='ocrx_word' id='word_1_6' title='bbox 1637 461 1853 528; x_wconf 86' lang='lat' dir='ltr'>MAL.</span> <span class='ocrx_word' id='word_1_7' title='bbox 1907 460 2007 542; x_wconf 91' lang='lat' dir='ltr'>II,</span> <span class='ocrx_word' id='word_1_8' title='bbox 2061 480 2125 551; x_wconf 90' lang='lat'>7.</span> 
     </span>
    </p>
   </div>
   <div class='ocr_carea' id='block_1_2' title="bbox 2423 453 2557 548">
    <p class='ocr_par' dir='ltr' id='par_1_2' title="bbox 2423 453 2557 548">
     <span class='ocr_line' id='line_1_2' title="bbox 2423 453 2557 548; baseline 0.022 -28"><span class='ocrx_word' id='word_1_9' title='bbox 2423 453 2557 548; x_wconf 83' lang='lat'>169</span> 
     </span>
    </p>
   </div>
   <div class='ocr_carea' id='block_1_3' title="bbox 430 576 2658 1343">
    <p class='ocr_par' dir='ltr' id='par_1_3' title="bbox 430 576 2658 1343">
     <span class='ocr_line' id='line_1_3' title="bbox 433 576 2559 685; baseline -0.008 -27"><span class='ocrx_word' id='word_1_10' title='bbox 433 588 852 685; x_wconf 71' lang='lat' dir='ltr'>gravissimae</span> <span class='ocrx_word' id='word_1_11' title='bbox 881 586 1057 656; x_wconf 81' lang='lat' dir='ltr'>sint9</span> <span class='ocrx_word' id='word_1_12' title='bbox 1088 583 1177 655; x_wconf 85' lang='lat' dir='ltr'>ad</span> <span class='ocrx_word' id='word_1_13' title='bbox 1195 581 1403 654; x_wconf 82' lang='lat' dir='ltr'>beate</span> <span class='ocrx_word' id='word_1_14' title='bbox 1428 579 1818 652; x_wconf 80' lang='lat' dir='ltr'>vivendum</span> <span class='ocrx_word' id='word_1_15' title='bbox 1837 576 2155 648; x_wconf 87' lang='lat' dir='ltr'>breviter</span> <span class='ocrx_word' id='word_1_16' title='bbox 2173 577 2559 645; x_wconf 68' lang='lat' dir='ltr'>enuntiatae</span> 
     </span>
     <span class='ocr_line' id='line_1_4' title="bbox 431 687 2554 788; baseline -0.008 -20"><span class='ocrx_word' id='word_1_17' title='bbox 431 697 824 768; x_wconf 71' lang='lat' dir='ltr'>sententiae.</span> <span class='ocrx_word' id='word_1_18' title='bbox 844 693 1346 766; x_wconf 82' lang='lat' dir='ltr'>Animadverte</span> <span class='ocrx_word' id='word_1_19' title='bbox 1363 694 1599 788; x_wconf 86' lang='lat' dir='ltr'>igitur,</span> <span class='ocrx_word' id='word_1_20' title='bbox 1621 703 1914 760; x_wconf 84' lang='lat' dir='ltr'>rectene</span> <span class='ocrx_word' id='word_1_21' title='bbox 1930 687 2116 758; x_wconf 88' lang='lat' dir='ltr'>hanc</span> <span class='ocrx_word' id='word_1_22' title='bbox 2130 687 2479 756; x_wconf 81' lang='lat' dir='ltr'>sententia</span> <span class='ocrx_word' id='word_1_23' title='bbox 2487 708 2554 752; x_wconf 88' lang='lat' dir='ltr'>m</span> 
     </span>
     <span class='ocr_line' id='line_1_5' title="bbox 430 791 2658 905; baseline -0.007 -30"><span class='ocrx_word' id='word_1_24' title='bbox 430 809 891 905; x_wconf 83' lang='lat' dir='ltr'>interpreter:</span> <span class='ocrx_word' id='word_1_25' title='bbox 918 806 1042 877; x_wconf 79' lang='lat' dir='ltr'>«Si</span> <span class='ocrx_word' id='word_1_26' title='bbox 1082 816 1269 890; x_wconf 84' lang='lat' dir='ltr'>ea10,</span> <span class='ocrx_word' id='word_1_27' title='bbox 1290 827 1450 900; x_wconf 82' lang='lat' dir='ltr'>quae</span> <span class='ocrx_word' id='word_1_28' title='bbox 1486 809 1717 872; x_wconf 87' lang='lat' dir='ltr'>sunt¹¹</span> <span class='ocrx_word' id='word_1_29' title='bbox 1759 796 2138 870; x_wconf 80' lang='lat' dir='ltr'>luxuriosis</span> <span class='ocrx_word' id='word_1_30' title='bbox 2175 791 2559 866; x_wconf 87' lang='lat' dir='ltr'>efficientia</span> <span class='ocrx_word' id='word_1_31' title='bbox 2599 812 2658 846; x_wconf 81' lang='lat'>²¹</span> 
     </span>
     <span class='ocr_line' id='line_1_6' title="bbox 432 904 2561 1015; baseline -0.006 -30"><span class='ocrx_word' id='word_1_32' title='bbox 432 916 920 1015; x_wconf 85' lang='lat' dir='ltr'>voluptatum,</span> <span class='ocrx_word' id='word_1_33' title='bbox 983 914 1375 985; x_wconf 83' lang='lat' dir='ltr'>liberarent</span> <span class='ocrx_word' id='word_1_34' title='bbox 1439 936 1564 983; x_wconf 89' lang='lat' dir='ltr'>eos</span> <span class='ocrx_word' id='word_1_35' title='bbox 1618 909 1955 994; x_wconf 88' lang='lat' dir='ltr'>deorum,</span> <span class='ocrx_word' id='word_1_36' title='bbox 2008 920 2080 978; x_wconf 89' lang='lat' dir='ltr'>et</span> <span class='ocrx_word' id='word_1_37' title='bbox 2140 904 2430 988; x_wconf 85' lang='lat' dir='ltr'>mortis,</span> <span class='ocrx_word' id='word_1_38' title='bbox 2489 918 2561 974; x_wconf 92' lang='lat' dir='ltr'>et</span> 
     </span>
     <span class='ocr_line' id='line_1_7' title="bbox 433 1013 2565 1120; baseline -0.007 -23"><span class='ocrx_word' id='word_1_39' title='bbox 433 1026 703 1099; x_wconf 86' lang='lat' dir='ltr'>doloris</span> <span class='ocrx_word' id='word_1_40' title='bbox 741 1040 937 1096; x_wconf 90' lang='lat' dir='ltr'>metu</span> <span class='ocrx_word' id='word_1_41' title='bbox 959 1078 978 1111; x_wconf 91' lang='lat'><strong>‚</strong></span> <span class='ocrx_word' id='word_1_42' title='bbox 1019 1023 1548 1120; x_wconf 85' lang='lat' dir='ltr'>docerentque,</span> <span class='ocrx_word' id='word_1_43' title='bbox 1576 1022 1703 1119; x_wconf 92' lang='lat' dir='ltr'>qui</span> <span class='ocrx_word' id='word_1_44' title='bbox 1746 1032 1982 1090; x_wconf 86' lang='lat' dir='ltr'>essent</span> <span class='ocrx_word' id='word_1_45' title='bbox 2012 1014 2193 1086; x_wconf 85' lang='lat' dir='ltr'>fines</span> <span class='ocrx_word' id='word_1_46' title='bbox 2217 1013 2565 1112; x_wconf 87' lang='lat' dir='ltr'>cupidita-</span> 
     </span>
     <span class='ocr_line' id='line_1_8' title="bbox 435 1127 2564 1231; baseline -0.007 -23"><span class='ocrx_word' id='word_1_47' title='bbox 435 1151 593 1208; x_wconf 90' lang='lat' dir='ltr'>tum</span> <span class='ocrx_word' id='word_1_48' title='bbox 610 1162 630 1223; x_wconf 90' lang='lat'>;</span> <span class='ocrx_word' id='word_1_49' title='bbox 648 1135 829 1207; x_wconf 86' lang='lat' dir='ltr'>nihil</span> <span class='ocrx_word' id='word_1_50' title='bbox 852 1132 1504 1231; x_wconf 83' lang='lat' dir='ltr'>haberemus,quod</span> <span class='ocrx_word' id='word_1_51' title='bbox 1522 1127 2316 1229; x_wconf 63' lang='lat' dir='ltr'>reprehenderemusn:</span> <span class='ocrx_word' id='word_1_52' title='bbox 2335 1148 2564 1222; x_wconf 88' lang='lat' dir='ltr'>quum</span> 
     </span>
     <span class='ocr_line' id='line_1_9' title="bbox 437 1233 2567 1343; baseline -0.005 -28"><span class='ocrx_word' id='word_1_53' title='bbox 437 1242 762 1341; x_wconf 85' lang='lat' dir='ltr'>undique</span> <span class='ocrx_word' id='word_1_54' title='bbox 821 1244 1361 1343; x_wconf 89' lang='lat' dir='ltr'>complerentur</span> <span class='ocrx_word' id='word_1_55' title='bbox 1421 1237 1954 1340; x_wconf 76' lang='lat' dir='ltr'>voluptatibu5‚</span> <span class='ocrx_word' id='word_1_56' title='bbox 2014 1259 2150 1307; x_wconf 89' lang='lat' dir='ltr'>nec</span> <span class='ocrx_word' id='word_1_57' title='bbox 2211 1233 2567 1307; x_wconf 84' lang='lat' dir='ltr'>haberent</span> 
     </span>
    </p>
   </div>
   <div class='ocr_carea' id='block_1_4' title="bbox 424 1431 1455 4173">
    <p class='ocr_par' dir='ltr' id='par_1_4' title="bbox 429 1431 1455 3527">
     <span class='ocr_line' id='line_1_10' title="bbox 432 1431 1455 1497; baseline -0.003 -14"><span class='ocrx_word' id='word_1_58' title='bbox 432 1434 734 1483; x_wconf 69' lang='lat' dir='ltr'>—Haxime</span> <span class='ocrx_word' id='word_1_59' title='bbox 743 1449 856 1482; x_wconf 82' lang='lat' dir='ltr'>vero</span> <span class='ocrx_word' id='word_1_60' title='bbox 868 1433 1215 1497; x_wconf 65' lang='lat' dir='ltr'>circumspecte</span> <span class='ocrx_word' id='word_1_61' title='bbox 1234 1431 1455 1480; x_wconf 82' lang='lat' dir='ltr'>additum</span> 
     </span>
     <span class='ocr_line' id='line_1_11' title="bbox 434 1511 1455 1578; baseline -0.004 -16"><span class='ocrx_word' id='word_1_62' title='bbox 434 1525 506 1562; x_wconf 83' lang='lat' dir='ltr'>est</span> <span class='ocrx_word' id='word_1_63' title='bbox 521 1549 537 1573; x_wconf 93' lang='lat'><strong><em>‚</em></strong></span> <span class='ocrx_word' id='word_1_64' title='bbox 575 1514 710 1578; x_wconf 88' lang='lat' dir='ltr'>quod</span> <span class='ocrx_word' id='word_1_65' title='bbox 749 1514 987 1578; x_wconf 81' lang='lat' dir='ltr'>Epicurus</span> <span class='ocrx_word' id='word_1_66' title='bbox 1025 1527 1194 1560; x_wconf 84' lang='lat' dir='ltr'>omnes</span> <span class='ocrx_word' id='word_1_67' title='bbox 1234 1511 1455 1575; x_wconf 85' lang='lat' dir='ltr'>philoso-</span> 
     </span>
     <span class='ocr_line' id='line_1_12' title="bbox 432 1588 1453 1657; baseline -0.005 -17"><span class='ocrx_word' id='word_1_68' title='bbox 432 1593 564 1657; x_wconf 66' lang='lat' dir='ltr'>phie</span> <span class='ocrx_word' id='word_1_69' title='bbox 593 1594 852 1642; x_wconf 84' lang='lat' dir='ltr'>sententias</span> <span class='ocrx_word' id='word_1_70' title='bbox 871 1592 972 1639; x_wconf 87' lang='lat' dir='ltr'>suis</span> <span class='ocrx_word' id='word_1_71' title='bbox 995 1601 1124 1640; x_wconf 87' lang='lat' dir='ltr'>ratas</span> <span class='ocrx_word' id='word_1_72' title='bbox 1148 1589 1318 1650; x_wconf 78' lang='lat' dir='ltr'>vellet,</span> <span class='ocrx_word' id='word_1_73' title='bbox 1342 1588 1453 1637; x_wconf 84' lang='lat' dir='ltr'>bre-</span> 
     </span>
     <span class='ocr_line' id='line_1_13' title="bbox 430 1668 1447 1735; baseline -0.004 -18"><span class='ocrx_word' id='word_1_74' title='bbox 430 1688 519 1719; x_wconf 76' lang='lat' dir='ltr'>ves</span> <span class='ocrx_word' id='word_1_75' title='bbox 546 1683 707 1721; x_wconf 84' lang='lat' dir='ltr'>autem</span> <span class='ocrx_word' id='word_1_76' title='bbox 730 1673 838 1720; x_wconf 88' lang='lat' dir='ltr'>illas</span> <span class='ocrx_word' id='word_1_77' title='bbox 849 1687 998 1735; x_wconf 85' lang='lat' dir='ltr'>quum</span> <span class='ocrx_word' id='word_1_78' title='bbox 1036 1671 1106 1716; x_wconf 88' lang='lat' dir='ltr'>sic</span> <span class='ocrx_word' id='word_1_79' title='bbox 1134 1668 1417 1715; x_wconf 87' lang='lat' dir='ltr'>inscriberet</span> <span class='ocrx_word' id='word_1_80' title='bbox 1433 1702 1447 1726; x_wconf 90' lang='lat'>,</span> 
     </span>
     <span class='ocr_line' id='line_1_14' title="bbox 433 1746 1455 1815; baseline -0.003 -19"><span class='ocrx_word' id='word_1_81' title='bbox 433 1750 488 1797; x_wconf 90' lang='lat' dir='ltr'>id</span> <span class='ocrx_word' id='word_1_82' title='bbox 541 1768 601 1799; x_wconf 84' lang='lat' dir='ltr'>ex</span> <span class='ocrx_word' id='word_1_83' title='bbox 647 1752 948 1815; x_wconf 76' lang='lat' dir='ltr'>praeferentia</span> <span class='ocrx_word' id='word_1_84' title='bbox 987 1746 1194 1812; x_wconf 84' lang='lat' dir='ltr'>quadam</span> <span class='ocrx_word' id='word_1_85' title='bbox 1214 1780 1229 1804; x_wconf 93' lang='lat'>,</span> <span class='ocrx_word' id='word_1_86' title='bbox 1269 1758 1321 1794; x_wconf 86' lang='lat' dir='ltr'>et</span> <span class='ocrx_word' id='word_1_87' title='bbox 1346 1781 1361 1805; x_wconf 91' lang='lat'>‚</span> <span class='ocrx_word' id='word_1_88' title='bbox 1401 1755 1455 1793; x_wconf 88' lang='lat' dir='ltr'>ut</span> 
     </span>
     <span class='ocr_line' id='line_1_15' title="bbox 433 1824 1454 1891; baseline -0.005 -15"><span class='ocrx_word' id='word_1_89' title='bbox 433 1829 626 1890; x_wconf 86' lang='lat' dir='ltr'>dicunt,</span> <span class='ocrx_word' id='word_1_90' title='bbox 663 1834 773 1880; x_wconf 77' lang='grc' dir='ltr'>κατ’</span> <span class='ocrx_word' id='word_1_91' title='bbox 814 1824 977 1891; x_wconf 65' lang='grc' dir='ltr'>ἐξοχὴν</span> <span class='ocrx_word' id='word_1_92' title='bbox 1001 1861 1015 1885; x_wconf 88' lang='grc'>,</span> <span class='ocrx_word' id='word_1_93' title='bbox 1064 1828 1260 1874; x_wconf 72' lang='lat' dir='ltr'>faceret.</span> <span class='ocrx_word' id='word_1_94' title='bbox 1305 1824 1454 1888; x_wconf 88' lang='lat' dir='ltr'>Quod</span> 
     </span>
     <span class='ocr_line' id='line_1_16' title="bbox 432 1904 1448 1973; baseline -0.003 -18"><span class='ocrx_word' id='word_1_95' title='bbox 432 1911 589 1973; x_wconf 81' lang='lat' dir='ltr'>ipsum</span> <span class='ocrx_word' id='word_1_96' title='bbox 615 1910 808 1971; x_wconf 78' lang='lat' dir='ltr'>adjecto</span> <span class='ocrx_word' id='word_1_97' title='bbox 835 1906 1048 1955; x_wconf 69' lang='lat' dir='ltr'>maxime</span> <span class='ocrx_word' id='word_1_98' title='bbox 1066 1904 1334 1953; x_wconf 86' lang='lat' dir='ltr'>indicatum</span> <span class='ocrx_word' id='word_1_99' title='bbox 1358 1916 1448 1952; x_wconf 82' lang='lat' dir='ltr'>sta·</span> 
     </span>
     <span class='ocr_line' id='line_1_17' title="bbox 434 1982 1450 2049; baseline -0.004 -15"><span class='ocrx_word' id='word_1_100' title='bbox 434 1998 562 2045; x_wconf 85' lang='lat' dir='ltr'>tues,</span> <span class='ocrx_word' id='word_1_101' title='bbox 584 1987 798 2035; x_wconf 85' lang='lat' dir='ltr'>adbibita</span> <span class='ocrx_word' id='word_1_102' title='bbox 814 1984 956 2033; x_wconf 88' lang='lat' dir='ltr'>simul</span> <span class='ocrx_word' id='word_1_103' title='bbox 976 1983 1210 2049; x_wconf 83' lang='lat' dir='ltr'>particula</span> <span class='ocrx_word' id='word_1_104' title='bbox 1229 1982 1310 2031; x_wconf 85' lang='lat' dir='ltr'>illa</span> <span class='ocrx_word' id='word_1_105' title='bbox 1325 2017 1340 2041; x_wconf 90' lang='lat'>‚</span> <span class='ocrx_word' id='word_1_106' title='bbox 1357 1999 1450 2047; x_wconf 89' lang='lat' dir='ltr'>qua</span> 
     </span>
     <span class='ocr_line' id='line_1_18' title="bbox 433 2062 1454 2127; baseline -0.001 -16"><span class='ocrx_word' id='word_1_107' title='bbox 433 2064 615 2127; x_wconf 86' lang='lat' dir='ltr'>ubique</span> <span class='ocrx_word' id='word_1_108' title='bbox 640 2064 927 2112; x_wconf 75' lang='lat' dir='ltr'>insolentIor</span> <span class='ocrx_word' id='word_1_109' title='bbox 946 2062 1143 2110; x_wconf 82' lang='lat' dir='ltr'>dicendi</span> <span class='ocrx_word' id='word_1_110' title='bbox 1164 2062 1287 2109; x_wconf 84' lang='lat' dir='ltr'>ratio</span> <span class='ocrx_word' id='word_1_111' title='bbox 1312 2078 1454 2110; x_wconf 80' lang='lat' dir='ltr'>excu-</span> 
     </span>
     <span class='ocr_line' id='line_1_19' title="bbox 433 2141 1451 2204; baseline 0 -16"><span class='ocrx_word' id='word_1_112' title='bbox 433 2143 527 2189; x_wconf 86' lang='lat' dir='ltr'>sari</span> <span class='ocrx_word' id='word_1_113' title='bbox 551 2143 697 2193; x_wconf 82' lang='lat' dir='ltr'>solet.</span> <span class='ocrx_word' id='word_1_114' title='bbox 725 2143 820 2190; x_wconf 86' lang='lat' dir='ltr'>Sed</span> <span class='ocrx_word' id='word_1_115' title='bbox 855 2143 905 2189; x_wconf 88' lang='lat' dir='ltr'>in</span> <span class='ocrx_word' id='word_1_116' title='bbox 931 2142 1028 2189; x_wconf 87' lang='lat' dir='ltr'>hoc</span> <span class='ocrx_word' id='word_1_117' title='bbox 1059 2142 1230 2191; x_wconf 84' lang='lat' dir='ltr'>Cicero</span> <span class='ocrx_word' id='word_1_118' title='bbox 1254 2141 1451 2204; x_wconf 83' lang='lat' dir='ltr'>religio-</span> 
     </span>
     <span class='ocr_line' id='line_1_20' title="bbox 432 2219 1452 2281; baseline -0.003 -13"><span class='ocrx_word' id='word_1_119' title='bbox 432 2222 557 2281; x_wconf 89' lang='lat' dir='ltr'>sior,</span> <span class='ocrx_word' id='word_1_120' title='bbox 586 2221 861 2269; x_wconf 71' lang='lat' dir='ltr'>accuratius</span> <span class='ocrx_word' id='word_1_121' title='bbox 904 2221 1048 2269; x_wconf 86' lang='lat' dir='ltr'>etism</span> <span class='ocrx_word' id='word_1_122' title='bbox 1081 2219 1207 2267; x_wconf 84' lang='lat' dir='ltr'>hauc</span> <span class='ocrx_word' id='word_1_123' title='bbox 1231 2219 1452 2267; x_wconf 85' lang='lat' dir='ltr'>vertendi</span> 
     </span>
     <span class='ocr_line' id='line_1_21' title="bbox 432 2298 1451 2362; baseline -0.006 -13"><span class='ocrx_word' id='word_1_124' title='bbox 432 2301 671 2348; x_wconf 83' lang='lat' dir='ltr'>rationem</span> <span class='ocrx_word' id='word_1_125' title='bbox 700 2299 903 2362; x_wconf 79' lang='lat' dir='ltr'>exponit</span> <span class='ocrx_word' id='word_1_126' title='bbox 915 2335 930 2359; x_wconf 93' lang='lat'>‚</span> <span class='ocrx_word' id='word_1_127' title='bbox 952 2298 1120 2347; x_wconf 83' lang='lat' dir='ltr'>addito</span> <span class='ocrx_word' id='word_1_128' title='bbox 1136 2298 1283 2362; x_wconf 88' lang='lat' dir='ltr'>pleno</span> <span class='ocrx_word' id='word_1_129' title='bbox 1300 2313 1451 2344; x_wconf 89' lang='lat' dir='ltr'>enun-</span> 
     </span>
     <span class='ocr_line' id='line_1_22' title="bbox 432 2374 1453 2442; baseline -0.005 -16"><span class='ocrx_word' id='word_1_130' title='bbox 432 2379 554 2427; x_wconf 82' lang='lat' dir='ltr'>tiato</span> <span class='ocrx_word' id='word_1_131' title='bbox 568 2413 582 2437; x_wconf 91' lang='lat'>‚</span> <span class='ocrx_word' id='word_1_132' title='bbox 605 2378 722 2442; x_wconf 79' lang='lat' dir='ltr'>quia</span> <span class='ocrx_word' id='word_1_133' title='bbox 844 2377 1092 2426; x_wconf 72' lang='lat' dir='ltr'>sementia</span> <span class='ocrx_word' id='word_1_134' title='bbox 1112 2394 1132 2424; x_wconf 89' lang='lat'>.·</span> <span class='ocrx_word' id='word_1_135' title='bbox 1152 2392 1265 2424; x_wconf 88' lang='lat' dir='ltr'>nam</span> <span class='ocrx_word' id='word_1_136' title='bbox 1288 2374 1453 2423; x_wconf 82' lang='lat' dir='ltr'>Rathii</span> 
     </span>
     <span class='ocr_line' id='line_1_23' title="bbox 431 2452 1451 2521; baseline -0.005 -17"><span class='ocrx_word' id='word_1_137' title='bbox 431 2457 572 2521; x_wconf 88' lang='lat' dir='ltr'>culpa</span> <span class='ocrx_word' id='word_1_138' title='bbox 600 2466 696 2515; x_wconf 87' lang='lat' dir='ltr'>est,</span> <span class='ocrx_word' id='word_1_139' title='bbox 721 2471 823 2503; x_wconf 89' lang='lat' dir='ltr'>nou</span> <span class='ocrx_word' id='word_1_140' title='bbox 850 2455 980 2517; x_wconf 89' lang='lat' dir='ltr'>loci,</span> <span class='ocrx_word' id='word_1_141' title='bbox 1023 2453 1174 2518; x_wconf 84' lang='lat' dir='ltr'>probe</span> <span class='ocrx_word' id='word_1_142' title='bbox 1196 2471 1246 2502; x_wconf 88' lang='lat' dir='ltr'>se</span> <span class='ocrx_word' id='word_1_143' title='bbox 1264 2452 1451 2500; x_wconf 85' lang='lat' dir='ltr'>haben·</span> 
     </span>
     <span class='ocr_line' id='line_1_24' title="bbox 432 2532 1452 2600; baseline -0.005 -17"><span class='ocrx_word' id='word_1_144' title='bbox 432 2537 495 2583; x_wconf 88' lang='lat' dir='ltr'>tis</span> <span class='ocrx_word' id='word_1_145' title='bbox 507 2571 522 2598; x_wconf 89' lang='lat'>‚</span> <span class='ocrx_word' id='word_1_146' title='bbox 537 2534 671 2600; x_wconf 87' lang='lat' dir='ltr'>quod</span> <span class='ocrx_word' id='word_1_147' title='bbox 685 2534 802 2599; x_wconf 80' lang='lat' dir='ltr'>quia</span> <span class='ocrx_word' id='word_1_148' title='bbox 815 2551 918 2583; x_wconf 90' lang='lat' dir='ltr'>nou</span> <span class='ocrx_word' id='word_1_149' title='bbox 931 2532 1288 2596; x_wconf 85' lang='lat' dir='ltr'>concoquebat,</span> <span class='ocrx_word' id='word_1_150' title='bbox 1302 2547 1452 2595; x_wconf 85' lang='lat' dir='ltr'>quum</span> 
     </span>
     <span class='ocr_line' id='line_1_25' title="bbox 429 2611 1451 2679; baseline -0.005 -17"><span class='ocrx_word' id='word_1_151' title='bbox 429 2615 499 2662; x_wconf 91' lang='lat' dir='ltr'>sic</span> <span class='ocrx_word' id='word_1_152' title='bbox 521 2615 625 2662; x_wconf 76' lang='lat' dir='ltr'>haec</span> <span class='ocrx_word' id='word_1_153' title='bbox 645 2614 787 2679; x_wconf 85' lang='lat' dir='ltr'>plene</span> <span class='ocrx_word' id='word_1_154' title='bbox 815 2612 1050 2677; x_wconf 83' lang='lat' dir='ltr'>capienda</span> <span class='ocrx_word' id='word_1_155' title='bbox 1072 2623 1258 2670; x_wconf 88' lang='lat' dir='ltr'>essent,</span> <span class='ocrx_word' id='word_1_156' title='bbox 1275 2631 1296 2653; x_wconf 80' lang='grc' dir='ltr'>ι</span> <span class='ocrx_word' id='word_1_157' title='bbox 1313 2611 1451 2673; x_wconf 81' lang='lat' dir='ltr'>quasi</span> 
     </span>
     <span class='ocr_line' id='line_1_26' title="bbox 430 2691 1452 2755; baseline -0.006 -14"><span class='ocrx_word' id='word_1_158' title='bbox 430 2694 637 2741; x_wconf 79' lang='lat' dir='ltr'>maxime</span> <span class='ocrx_word' id='word_1_159' title='bbox 666 2703 817 2754; x_wconf 80' lang='lat' dir='ltr'>ratas,</span> <span class='ocrx_word' id='word_1_160' title='bbox 843 2692 1053 2755; x_wconf 83' lang='lat' dir='ltr'>ideoque</span> <span class='ocrx_word' id='word_1_161' title='bbox 1076 2691 1283 2738; x_wconf 80' lang='lat' dir='ltr'>maxime</span> <span class='ocrx_word' id='word_1_162' title='bbox 1301 2700 1422 2736; x_wconf 85' lang='lat' dir='ltr'>ratas</span> <span class='ocrx_word' id='word_1_163' title='bbox 1436 2723 1452 2747; x_wconf 89' lang='lat'>‚</span> 
     </span>
     <span class='ocr_line' id='line_1_27' title="bbox 430 2768 1453 2834; baseline -0.005 -15"><span class='ocrx_word' id='word_1_164' title='bbox 430 2772 543 2834; x_wconf 87' lang='lat' dir='ltr'>quia</span> <span class='ocrx_word' id='word_1_165' title='bbox 562 2805 576 2828; x_wconf 95' lang='lat'>‚</span> <span class='ocrx_word' id='word_1_166' title='bbox 619 2782 712 2819; x_wconf 89' lang='lat' dir='ltr'>etc.</span> <span class='ocrx_word' id='word_1_167' title='bbox 750 2791 772 2812; x_wconf 76' lang='grc' dir='ltr'>ι</span> <span class='ocrx_word' id='word_1_168' title='bbox 796 2769 933 2816; x_wconf 86' lang='lat' dir='ltr'>Nihil</span> <span class='ocrx_word' id='word_1_169' title='bbox 964 2785 1079 2817; x_wconf 83' lang='lat' dir='ltr'>vero</span> <span class='ocrx_word' id='word_1_170' title='bbox 1107 2770 1267 2816; x_wconf 86' lang='lat' dir='ltr'>minus</span> <span class='ocrx_word' id='word_1_171' title='bbox 1291 2768 1453 2815; x_wconf 81' lang='lat' dir='ltr'>ofsen-</span> 
     </span>
     <span class='ocr_line' id='line_1_28' title="bbox 432 2847 1451 2911; baseline -0.004 -14"><span class='ocrx_word' id='word_1_172' title='bbox 432 2849 545 2897; x_wconf 88' lang='lat' dir='ltr'>dere</span> <span class='ocrx_word' id='word_1_173' title='bbox 567 2849 798 2908; x_wconf 88' lang='lat' dir='ltr'>debebat,</span> <span class='ocrx_word' id='word_1_174' title='bbox 826 2863 971 2911; x_wconf 84' lang='lat' dir='ltr'>quam</span> <span class='ocrx_word' id='word_1_175' title='bbox 1013 2847 1149 2911; x_wconf 88' lang='lat' dir='ltr'>quod</span> <span class='ocrx_word' id='word_1_176' title='bbox 1192 2863 1297 2895; x_wconf 90' lang='lat' dir='ltr'>nou</span> <span class='ocrx_word' id='word_1_177' title='bbox 1337 2847 1451 2893; x_wconf 88' lang='lat' dir='ltr'>item</span> 
     </span>
     <span class='ocr_line' id='line_1_29' title="bbox 432 2923 1452 2988; baseline -0.003 -13"><span class='ocrx_word' id='word_1_178' title='bbox 432 2923 578 2985; x_wconf 72' lang='grc' dir='ltr'>δόξας</span> <span class='ocrx_word' id='word_1_179' title='bbox 600 2943 791 2975; x_wconf 84' lang='lat' dir='ltr'>versum</span> <span class='ocrx_word' id='word_1_180' title='bbox 816 2925 878 2972; x_wconf 89' lang='lat' dir='ltr'>sit</span> <span class='ocrx_word' id='word_1_181' title='bbox 916 2940 929 2972; x_wconf 93' lang='lat'>:</span> <span class='ocrx_word' id='word_1_182' title='bbox 967 2927 1105 2988; x_wconf 84' lang='lat' dir='ltr'>quasi</span> <span class='ocrx_word' id='word_1_183' title='bbox 1148 2925 1244 2973; x_wconf 84' lang='lat' dir='ltr'>hoc</span> <span class='ocrx_word' id='word_1_184' title='bbox 1280 2936 1452 2973; x_wconf 84' lang='lat' dir='ltr'>auctor</span> 
     </span>
     <span class='ocr_line' id='line_1_30' title="bbox 432 3001 1452 3062; baseline -0.002 -9"><span class='ocrx_word' id='word_1_185' title='bbox 432 3022 531 3054; x_wconf 89' lang='lat' dir='ltr'>non</span> <span class='ocrx_word' id='word_1_186' title='bbox 576 3005 748 3053; x_wconf 83' lang='lat' dir='ltr'>fecerit</span> <span class='ocrx_word' id='word_1_187' title='bbox 768 3038 782 3062; x_wconf 89' lang='lat'><strong>,</strong></span> <span class='ocrx_word' id='word_1_188' title='bbox 852 3018 972 3050; x_wconf 85' lang='lat' dir='ltr'>voce</span> <span class='ocrx_word' id='word_1_189' title='bbox 1015 3001 1258 3050; x_wconf 76' lang='lat' dir='ltr'>sentencia</span> <span class='ocrx_word' id='word_1_190' title='bbox 1282 3039 1296 3061; x_wconf 83' lang='lat'>‚</span> <span class='ocrx_word' id='word_1_191' title='bbox 1337 3003 1452 3051; x_wconf 85' lang='lat' dir='ltr'>iicet</span> 
     </span>
     <span class='ocr_line' id='line_1_31' title="bbox 430 3082 1451 3148; baseline -0.003 -16"><span class='ocrx_word' id='word_1_192' title='bbox 430 3084 596 3148; x_wconf 89' lang='lat' dir='ltr'>paullo</span> <span class='ocrx_word' id='word_1_193' title='bbox 616 3094 729 3131; x_wconf 85' lang='lat' dir='ltr'>ante</span> <span class='ocrx_word' id='word_1_194' title='bbox 766 3082 1085 3145; x_wconf 71' lang='lat' dir='ltr'>praecessisset</span> <span class='ocrx_word' id='word_1_195' title='bbox 1101 3113 1115 3137; x_wconf 90' lang='lat'>‚</span> <span class='ocrx_word' id='word_1_196' title='bbox 1154 3090 1315 3128; x_wconf 83' lang='lat' dir='ltr'>tamen</span> <span class='ocrx_word' id='word_1_197' title='bbox 1339 3098 1451 3129; x_wconf 87' lang='lat' dir='ltr'>cum</span> 
     </span>
     <span class='ocr_line' id='line_1_32' title="bbox 433 3159 1451 3223; baseline -0.003 -13"><span class='ocrx_word' id='word_1_198' title='bbox 433 3165 480 3210; x_wconf 83' lang='lat' dir='ltr'>vi</span> <span class='ocrx_word' id='word_1_199' title='bbox 507 3163 557 3210; x_wconf 92' lang='lat' dir='ltr'>in</span> <span class='ocrx_word' id='word_1_200' title='bbox 585 3161 795 3210; x_wconf 80' lang='lat' dir='ltr'>clausula</span> <span class='ocrx_word' id='word_1_201' title='bbox 825 3159 988 3207; x_wconf 89' lang='lat' dir='ltr'>denuo</span> <span class='ocrx_word' id='word_1_202' title='bbox 1014 3160 1202 3223; x_wconf 82' lang='lat' dir='ltr'>posita!</span> <span class='ocrx_word' id='word_1_203' title='bbox 1235 3160 1384 3221; x_wconf 84' lang='lat' dir='ltr'>Quod</span> <span class='ocrx_word' id='word_1_204' title='bbox 1411 3163 1451 3207; x_wconf 88' lang='lat' dir='ltr'>si</span> 
     </span>
     <span class='ocr_line' id='line_1_33' title="bbox 433 3238 1452 3302; baseline -0.002 -14"><span class='ocrx_word' id='word_1_205' title='bbox 433 3242 567 3290; x_wconf 83' lang='lat' dir='ltr'>tertia</span> <span class='ocrx_word' id='word_1_206' title='bbox 595 3240 703 3288; x_wconf 79' lang='lat' dir='ltr'>vice</span> <span class='ocrx_word' id='word_1_207' title='bbox 721 3238 937 3287; x_wconf 75' lang='lat' dir='ltr'>eamdem</span> <span class='ocrx_word' id='word_1_208' title='bbox 958 3238 1021 3285; x_wconf 88' lang='lat' dir='ltr'>ad</span> <span class='ocrx_word' id='word_1_209' title='bbox 1040 3250 1178 3284; x_wconf 72' lang='lat' dir='ltr'>ratas</span> <span class='ocrx_word' id='word_1_210' title='bbox 1202 3239 1452 3302; x_wconf 83' lang='lat' dir='ltr'>apposuis-</span> 
     </span>
     <span class='ocr_line' id='line_1_34' title="bbox 431 3316 1449 3381; baseline -0.003 -14"><span class='ocrx_word' id='word_1_211' title='bbox 431 3332 531 3379; x_wconf 85' lang='lat' dir='ltr'>set,</span> <span class='ocrx_word' id='word_1_212' title='bbox 558 3330 660 3367; x_wconf 88' lang='lat' dir='ltr'>tum</span> <span class='ocrx_word' id='word_1_213' title='bbox 684 3334 796 3366; x_wconf 84' lang='lat' dir='ltr'>vere</span> <span class='ocrx_word' id='word_1_214' title='bbox 823 3328 972 3376; x_wconf 78' lang='lat' dir='ltr'>esset,</span> <span class='ocrx_word' id='word_1_215' title='bbox 1009 3317 1144 3381; x_wconf 87' lang='lat' dir='ltr'>quod</span> <span class='ocrx_word' id='word_1_216' title='bbox 1172 3318 1223 3363; x_wconf 86' lang='lat' dir='ltr'>in</span> <span class='ocrx_word' id='word_1_217' title='bbox 1247 3316 1449 3364; x_wconf 89' lang='lat' dir='ltr'>dubium</span> 
     </span>
     <span class='ocr_line' id='line_1_35' title="bbox 433 3395 1453 3460; baseline -0.002 -16"><span class='ocrx_word' id='word_1_218' title='bbox 433 3399 596 3445; x_wconf 81' lang='lat' dir='ltr'>vocari</span> <span class='ocrx_word' id='word_1_219' title='bbox 622 3407 805 3460; x_wconf 89' lang='lat' dir='ltr'>posset.</span> <span class='ocrx_word' id='word_1_220' title='bbox 840 3400 913 3444; x_wconf 90' lang='lat' dir='ltr'>Ita</span> <span class='ocrx_word' id='word_1_221' title='bbox 934 3395 1100 3444; x_wconf 83' lang='lat' dir='ltr'>Rathii</span> <span class='ocrx_word' id='word_1_222' title='bbox 1126 3395 1453 3444; x_wconf 68' lang='lat' dir='ltr'>dubitationes</span> 
     </span>
     <span class='ocr_line' id='line_1_36' title="bbox 431 3475 1274 3527; baseline -0.005 -2"><span class='ocrx_word' id='word_1_223' title='bbox 431 3492 601 3527; x_wconf 86' lang='lat' dir='ltr'>omnes</span> <span class='ocrx_word' id='word_1_224' title='bbox 636 3475 806 3524; x_wconf 87' lang='lat' dir='ltr'>cadere</span> <span class='ocrx_word' id='word_1_225' title='bbox 837 3475 1153 3523; x_wconf 86' lang='lat' dir='ltr'>certissimum</span> <span class='ocrx_word' id='word_1_226' title='bbox 1186 3485 1274 3522; x_wconf 85' lang='lat' dir='ltr'>est.</span> 
     </span>
    </p>

    <p class='ocr_par' dir='ltr' id='par_1_5' title="bbox 425 3552 1452 3918">
     <span class='ocr_line' id='line_1_37' title="bbox 502 3552 1447 3618; baseline -0.003 -16"><span class='ocrx_word' id='word_1_227' title='bbox 502 3571 556 3618; x_wconf 87' lang='lat'>9.</span> <span class='ocrx_word' id='word_1_228' title='bbox 575 3554 699 3611; x_wconf 80' lang='lat' dir='ltr'>Sine,</span> <span class='ocrx_word' id='word_1_229' title='bbox 716 3570 809 3618; x_wconf 90' lang='lat' dir='ltr'>pro</span> <span class='ocrx_word' id='word_1_230' title='bbox 837 3568 937 3616; x_wconf 87' lang='lat' dir='ltr'>quo</span> <span class='ocrx_word' id='word_1_231' title='bbox 956 3552 1079 3599; x_wconf 82' lang='lat' dir='ltr'>salso</span> <span class='ocrx_word' id='word_1_232' title='bbox 1098 3552 1243 3600; x_wconf 78' lang='lat' dir='ltr'>Rath.</span> <span class='ocrx_word' id='word_1_233' title='bbox 1259 3553 1312 3599; x_wconf 88' lang='lat' dir='ltr'>iu</span> <span class='ocrx_word' id='word_1_234' title='bbox 1332 3562 1447 3600; x_wconf 81' lang='lat' dir='ltr'>vett.</span> 
     </span>
     <span class='ocr_line' id='line_1_38' title="bbox 429 3629 1452 3698; baseline -0.001 -19"><span class='ocrx_word' id='word_1_235' title='bbox 429 3633 673 3698; x_wconf 84' lang='lat' dir='ltr'>impressis</span> <span class='ocrx_word' id='word_1_236' title='bbox 712 3632 939 3679; x_wconf 89' lang='lat' dir='ltr'>omnibus</span> <span class='ocrx_word' id='word_1_237' title='bbox 975 3641 1086 3678; x_wconf 73' lang='lat' dir='ltr'>seme</span> <span class='ocrx_word' id='word_1_238' title='bbox 1117 3631 1262 3678; x_wconf 78' lang='lat' dir='ltr'>scribi</span> <span class='ocrx_word' id='word_1_239' title='bbox 1299 3629 1452 3682; x_wconf 79' lang='lat' dir='ltr'>dicit,</span> 
     </span>
     <span class='ocr_line' id='line_1_39' title="bbox 426 3710 1449 3775; baseline -0.003 -15"><span class='ocrx_word' id='word_1_240' title='bbox 426 3723 476 3760; x_wconf 88' lang='lat' dir='ltr'>et</span> <span class='ocrx_word' id='word_1_241' title='bbox 513 3722 724 3775; x_wconf 85' lang='lat' dir='ltr'>quatuor</span> <span class='ocrx_word' id='word_1_242' title='bbox 762 3710 949 3765; x_wconf 89' lang='lat' dir='ltr'>nostri,</span> <span class='ocrx_word' id='word_1_243' title='bbox 985 3718 1034 3756; x_wconf 88' lang='lat' dir='ltr'>et</span> <span class='ocrx_word' id='word_1_244' title='bbox 1076 3711 1126 3756; x_wconf 79' lang='lat' dir='ltr'>P.</span> <span class='ocrx_word' id='word_1_245' title='bbox 1163 3710 1307 3755; x_wconf 79' lang='lat' dir='ltr'>Mars.</span> <span class='ocrx_word' id='word_1_246' title='bbox 1337 3725 1449 3757; x_wconf 88' lang='lat' dir='ltr'>cum</span> 
     </span>
     <span class='ocr_line' id='line_1_40' title="bbox 428 3787 1447 3853; baseline -0.004 -15"><span class='ocrx_word' id='word_1_247' title='bbox 428 3794 600 3839; x_wconf 85' lang='lat' dir='ltr'>Venet.</span> <span class='ocrx_word' id='word_1_248' title='bbox 635 3796 766 3853; x_wconf 75' lang='lat'>1494</span> <span class='ocrx_word' id='word_1_249' title='bbox 789 3821 805 3845; x_wconf 91' lang='lat'>,</span> <span class='ocrx_word' id='word_1_250' title='bbox 845 3787 1076 3839; x_wconf 83' lang='lat' dir='ltr'>Crataud.</span> <span class='ocrx_word' id='word_1_251' title='bbox 1102 3798 1149 3836; x_wconf 87' lang='lat' dir='ltr'>ct</span> <span class='ocrx_word' id='word_1_252' title='bbox 1175 3788 1281 3836; x_wconf 81' lang='lat' dir='ltr'>aliis</span> <span class='ocrx_word' id='word_1_253' title='bbox 1307 3789 1447 3836; x_wconf 80' lang='lat' dir='ltr'>exhi-</span> 
     </span>
     <span class='ocr_line' id='line_1_41' title="bbox 425 3870 649 3918; baseline -0.004 0"><span class='ocrx_word' id='word_1_254' title='bbox 425 3870 562 3918; x_wconf 85' lang='lat' dir='ltr'>bent.</span> <span class='ocrx_word' id='word_1_255' title='bbox 584 3870 649 3917; x_wconf 83' lang='lat' dir='ltr'>G.</span> 
     </span>
    </p>

    <p class='ocr_par' dir='ltr' id='par_1_6' title="bbox 424 3945 1446 4173">
     <span class='ocr_line' id='line_1_42' title="bbox 502 3945 1438 4010; baseline -0.001 -15"><span class='ocrx_word' id='word_1_256' title='bbox 502 3963 582 3997; x_wconf 84' lang='grc' dir='ltr'>ιο.</span> <span class='ocrx_word' id='word_1_257' title='bbox 606 3948 735 3997; x_wconf 78' lang='lat' dir='ltr'>Sica</span> <span class='ocrx_word' id='word_1_258' title='bbox 749 3980 765 4007; x_wconf 89' lang='lat'>‚</span> <span class='ocrx_word' id='word_1_259' title='bbox 784 3962 896 4010; x_wconf 80' lang='lat' dir='ltr'>quoe</span> <span class='ocrx_word' id='word_1_260' title='bbox 914 3957 1048 3993; x_wconf 80' lang='lat' dir='ltr'>semt.</span> <span class='ocrx_word' id='word_1_261' title='bbox 1064 3981 1074 3993; x_wconf 92' lang='lat'><strong><em>.</em></strong></span> <span class='ocrx_word' id='word_1_262' title='bbox 1092 3945 1171 3993; x_wconf 79' lang='lat' dir='ltr'>‚id</span> <span class='ocrx_word' id='word_1_263' title='bbox 1183 3958 1257 3993; x_wconf 78' lang='lat' dir='ltr'>est</span> <span class='ocrx_word' id='word_1_264' title='bbox 1276 3957 1438 3994; x_wconf 74' lang='lat' dir='ltr'>atacem</span> 
     </span>
     <span class='ocr_line' id='line_1_43' title="bbox 426 4025 1442 4078; baseline 0.001 -5"><span class='ocrx_word' id='word_1_265' title='bbox 426 4028 621 4078; x_wconf 76' lang='lat' dir='ltr'>malum.</span> <span class='ocrx_word' id='word_1_266' title='bbox 637 4031 755 4077; x_wconf 74' lang='lat' dir='ltr'>Haec</span> <span class='ocrx_word' id='word_1_267' title='bbox 778 4041 910 4074; x_wconf 85' lang='lat' dir='ltr'>versa</span> <span class='ocrx_word' id='word_1_268' title='bbox 938 4025 1001 4073; x_wconf 83' lang='lat' dir='ltr'>ad</span> <span class='ocrx_word' id='word_1_269' title='bbox 1013 4025 1212 4073; x_wconf 82' lang='lat' dir='ltr'>verbum</span> <span class='ocrx_word' id='word_1_270' title='bbox 1230 4037 1343 4074; x_wconf 87' lang='lat' dir='ltr'>sunt</span> <span class='ocrx_word' id='word_1_271' title='bbox 1360 4026 1442 4074; x_wconf 83' lang='lat' dir='ltr'>dc-</span> 
     </span>
     <span class='ocr_line' id='line_1_44' title="bbox 424 4101 1446 4173; baseline 0.003 -21"><span class='ocrx_word' id='word_1_272' title='bbox 424 4107 563 4153; x_wconf 69' lang='lat' dir='ltr'>cimoe</span> <span class='ocrx_word' id='word_1_273' title='bbox 584 4105 750 4173; x_wconf 70' lang='grc' dir='ltr'>κυρίων</span> <span class='ocrx_word' id='word_1_274' title='bbox 770 4101 923 4162; x_wconf 75' lang='grc' dir='ltr'>δοξῶν</span> <span class='ocrx_word' id='word_1_275' title='bbox 939 4107 1094 4153; x_wconf 83' lang='lat' dir='ltr'>Laert.</span> <span class='ocrx_word' id='word_1_276' title='bbox 1119 4107 1167 4153; x_wconf 75' lang='lat' dir='ltr'>X</span> <span class='ocrx_word' id='word_1_277' title='bbox 1189 4141 1204 4165; x_wconf 89' lang='lat'>‚</span> <span class='ocrx_word' id='word_1_278' title='bbox 1226 4114 1318 4161; x_wconf 77' lang='lat'>14²</span> <span class='ocrx_word' id='word_1_279' title='bbox 1347 4120 1359 4154; x_wconf 89' lang='lat'>:</span> <span class='ocrx_word' id='word_1_280' title='bbox 1390 4105 1446 4156; x_wconf 82' lang='grc' dir='ltr'>Εἰ</span> 
     </span>
    </p>
   </div>
   <div class='ocr_carea' id='block_1_5' title="bbox 335 4178 1442 4259">
    <p class='ocr_par' dir='ltr' id='par_1_7' title="bbox 335 4178 1442 4259">
     <span class='ocr_line' id='line_1_45' title="bbox 335 4178 1442 4259; baseline 0.001 -26"><span class='ocrx_word' id='word_1_281' title='bbox 335 4244 344 4259; x_wconf 87' lang='lat'>.</span> <span class='ocrx_word' id='word_1_282' title='bbox 425 4178 488 4237; x_wconf 74' lang='grc' dir='ltr'>τὰ</span> <span class='ocrx_word' id='word_1_283' title='bbox 504 4181 725 4237; x_wconf 70' lang='grc' dir='ltr'>ποιητικὰ</span> <span class='ocrx_word' id='word_1_284' title='bbox 741 4189 833 4235; x_wconf 69' lang='grc' dir='ltr'>τῶν</span> <span class='ocrx_word' id='word_1_285' title='bbox 850 4180 960 4252; x_wconf 80' lang='grc' dir='ltr'>περὶ</span> <span class='ocrx_word' id='word_1_286' title='bbox 980 4182 1304 4254; x_wconf 53' lang='grc' dir='ltr'>τοὺςζάσώτους</span> <span class='ocrx_word' id='word_1_287' title='bbox 1324 4179 1442 4237; x_wconf 74' lang='grc' dir='ltr'>ἠδο-</span> 
     </span>
    </p>
   </div>
   <div class='ocr_carea' id='block_1_6' title="bbox 1531 1419 2569 4249">
    <p class='ocr_par' dir='ltr' id='par_1_8' title="bbox 1539 1419 2569 2052">
     <span class='ocr_line' id='line_1_46' title="bbox 1546 1419 2567 1492; baseline -0.006 -13"><span class='ocrx_word' id='word_1_288' title='bbox 1546 1435 1635 1479; x_wconf 78' lang='grc' dir='ltr'>νῶν</span> <span class='ocrx_word' id='word_1_289' title='bbox 1657 1427 1761 1479; x_wconf 58' lang='lat' dir='ltr'>ssus</span> <span class='ocrx_word' id='word_1_290' title='bbox 1782 1427 1888 1484; x_wconf 73' lang='grc' dir='ltr'>τοὺς</span> <span class='ocrx_word' id='word_1_291' title='bbox 1905 1421 2074 1492; x_wconf 70' lang='grc' dir='ltr'>φόὅους</span> <span class='ocrx_word' id='word_1_292' title='bbox 2098 1426 2180 1480; x_wconf 71' lang='grc' dir='ltr'>τῆς</span> <span class='ocrx_word' id='word_1_293' title='bbox 2206 1419 2441 1484; x_wconf 74' lang='grc' dir='ltr'>διανοίας,</span> <span class='ocrx_word' id='word_1_294' title='bbox 2462 1425 2567 1482; x_wconf 76' lang='grc' dir='ltr'>τούς</span> 
     </span>
     <span class='ocr_line' id='line_1_47' title="bbox 1546 1500 2567 1577; baseline -0.005 -18"><span class='ocrx_word' id='word_1_295' title='bbox 1546 1527 1596 1558; x_wconf 78' lang='grc' dir='ltr'>τι</span> <span class='ocrx_word' id='word_1_296' title='bbox 1622 1507 1731 1577; x_wconf 68' lang='grc' dir='ltr'>περὶ</span> <span class='ocrx_word' id='word_1_297' title='bbox 1754 1505 2004 1576; x_wconf 71' lang='grc' dir='ltr'>μετεώρων</span> <span class='ocrx_word' id='word_1_298' title='bbox 2031 1500 2115 1552; x_wconf 76' lang='grc' dir='ltr'>καὶ</span> <span class='ocrx_word' id='word_1_299' title='bbox 2146 1501 2348 1553; x_wconf 72' lang='grc' dir='ltr'>Θανάτου</span> <span class='ocrx_word' id='word_1_300' title='bbox 2372 1500 2456 1552; x_wconf 75' lang='grc' dir='ltr'>καὶ</span> <span class='ocrx_word' id='word_1_301' title='bbox 2483 1503 2567 1554; x_wconf 80' lang='grc' dir='ltr'>ἀλ-</span> 
     </span>
     <span class='ocr_line' id='line_1_48' title="bbox 1541 1582 2569 1657; baseline -0.004 -20"><span class='ocrx_word' id='word_1_302' title='bbox 1541 1584 1776 1657; x_wconf 73' lang='grc' dir='ltr'>γηδόνων·</span> <span class='ocrx_word' id='word_1_303' title='bbox 1805 1586 1876 1635; x_wconf 71' lang='lat' dir='ltr'>{rt</span> <span class='ocrx_word' id='word_1_304' title='bbox 1891 1601 1944 1634; x_wconf 79' lang='grc' dir='ltr'>τι</span> <span class='ocrx_word' id='word_1_305' title='bbox 1971 1584 2025 1634; x_wconf 80' lang='grc' dir='ltr'>τὸ</span> <span class='ocrx_word' id='word_1_306' title='bbox 2043 1584 2194 1652; x_wconf 70' lang='grc' dir='ltr'>πέρας</span> <span class='ocrx_word' id='word_1_307' title='bbox 2210 1587 2303 1633; x_wconf 73' lang='grc' dir='ltr'>τῶν</span> <span class='ocrx_word' id='word_1_308' title='bbox 2321 1582 2569 1651; x_wconf 66' lang='grc' dir='ltr'>ἂπιθυμιῶν</span> 
     </span>
     <span class='ocr_line' id='line_1_49' title="bbox 1544 1659 2567 1729; baseline -0.007 -13"><span class='ocrx_word' id='word_1_309' title='bbox 1544 1662 1803 1716; x_wconf 65' lang='grc' dir='ltr'>ἐδίδασκεν</span> <span class='ocrx_word' id='word_1_310' title='bbox 1837 1663 1919 1723; x_wconf 80' lang='grc' dir='ltr'>ἂν,</span> <span class='ocrx_word' id='word_1_311' title='bbox 1947 1661 2029 1713; x_wconf 71' lang='grc' dir='ltr'>καὶ</span> <span class='ocrx_word' id='word_1_312' title='bbox 2057 1662 2141 1711; x_wconf 71' lang='grc' dir='ltr'>οὐκ</span> <span class='ocrx_word' id='word_1_313' title='bbox 2162 1659 2217 1711; x_wconf 76' lang='grc' dir='ltr'>ἄν</span> <span class='ocrx_word' id='word_1_314' title='bbox 2234 1678 2351 1711; x_wconf 82' lang='grc' dir='ltr'>ποτι</span> <span class='ocrx_word' id='word_1_315' title='bbox 2381 1660 2567 1729; x_wconf 78' lang='grc' dir='ltr'>ιῖχομιν</span> 
     </span>
     <span class='ocr_line' id='line_1_50' title="bbox 1545 1739 2568 1812; baseline -0.007 -18"><span class='ocrx_word' id='word_1_316' title='bbox 1545 1743 1595 1805; x_wconf 82' lang='grc' dir='ltr'>ὅ,</span> <span class='ocrx_word' id='word_1_317' title='bbox 1635 1762 1682 1793; x_wconf 79' lang='grc' dir='ltr'>τι</span> <span class='ocrx_word' id='word_1_318' title='bbox 1718 1739 2026 1812; x_wconf 76' lang='grc' dir='ltr'>μεμψαίμιθα</span> <span class='ocrx_word' id='word_1_319' title='bbox 2052 1739 2209 1797; x_wconf 80' lang='grc' dir='ltr'>αὐτοῖς</span> <span class='ocrx_word' id='word_1_320' title='bbox 2230 1776 2245 1798; x_wconf 94' lang='grc'>,</span> <span class='ocrx_word' id='word_1_321' title='bbox 2271 1739 2568 1802; x_wconf 79' lang='grc' dir='ltr'>πανταχόθιν</span> 
     </span>
     <span class='ocr_line' id='line_1_51' title="bbox 1545 1813 2566 1891; baseline -0.007 -19"><span class='ocrx_word' id='word_1_322' title='bbox 1545 1822 1947 1891; x_wconf 70' lang='grc' dir='ltr'>εἰσπληρουμένοις</span> <span class='ocrx_word' id='word_1_323' title='bbox 1966 1824 2060 1871; x_wconf 78' lang='grc' dir='ltr'>τῶν</span> <span class='ocrx_word' id='word_1_324' title='bbox 2086 1814 2301 1876; x_wconf 71' lang='grc' dir='ltr'>ἡδονῶν,</span> <span class='ocrx_word' id='word_1_325' title='bbox 2330 1817 2391 1876; x_wconf 76' lang='grc' dir='ltr'>ὡς</span> <span class='ocrx_word' id='word_1_326' title='bbox 2417 1813 2566 1869; x_wconf 64' lang='lat'>0258«-</span> 
     </span>
     <span class='ocr_line' id='line_1_52' title="bbox 1540 1896 2566 1972; baseline -0.008 -19"><span class='ocrx_word' id='word_1_327' title='bbox 1540 1903 1677 1972; x_wconf 68' lang='grc' dir='ltr'>μόθον</span> <span class='ocrx_word' id='word_1_328' title='bbox 1710 1901 1813 1951; x_wconf 77' lang='grc' dir='ltr'>οὔτε</span> <span class='ocrx_word' id='word_1_329' title='bbox 1835 1901 1889 1951; x_wconf 83' lang='grc' dir='ltr'>τὸ</span> <span class='ocrx_word' id='word_1_330' title='bbox 1927 1899 2100 1970; x_wconf 75' lang='grc' dir='ltr'>ἀλγοῦν</span> <span class='ocrx_word' id='word_1_331' title='bbox 2116 1935 2130 1959; x_wconf 90' lang='grc'><em>,</em></span> <span class='ocrx_word' id='word_1_332' title='bbox 2170 1898 2275 1948; x_wconf 82' lang='grc' dir='ltr'>οὔτι</span> <span class='ocrx_word' id='word_1_333' title='bbox 2314 1896 2371 1947; x_wconf 82' lang='grc' dir='ltr'>τὸ</span> <span class='ocrx_word' id='word_1_334' title='bbox 2396 1897 2566 1947; x_wconf 80' lang='grc' dir='ltr'>λυπού-</span> 
     </span>
     <span class='ocr_line' id='line_1_53' title="bbox 1539 1974 2421 2052; baseline -0.01 -19"><span class='ocrx_word' id='word_1_335' title='bbox 1539 2000 1676 2052; x_wconf 77' lang='grc' dir='ltr'>μενον</span> <span class='ocrx_word' id='word_1_336' title='bbox 1709 1981 1920 2046; x_wconf 71' lang='grc' dir='ltr'>ἔχουσιν,</span> <span class='ocrx_word' id='word_1_337' title='bbox 1940 1978 2054 2048; x_wconf 78' lang='grc' dir='ltr'>ὅπερ</span> <span class='ocrx_word' id='word_1_338' title='bbox 2075 1974 2148 2036; x_wconf 60' lang='lat' dir='ltr'>tet</span> <span class='ocrx_word' id='word_1_339' title='bbox 2178 1976 2233 2028; x_wconf 79' lang='grc' dir='ltr'>τὸ</span> <span class='ocrx_word' id='word_1_340' title='bbox 2259 1976 2421 2026; x_wconf 70' lang='grc' dir='ltr'>κακόν.</span> 
     </span>
    </p>

    <p class='ocr_par' dir='ltr' id='par_1_9' title="bbox 1538 2056 2568 2193">
     <span class='ocr_line' id='line_1_54' title="bbox 1619 2056 2568 2120; baseline -0.008 -10"><span class='ocrx_word' id='word_1_341' title='bbox 1619 2078 1698 2112; x_wconf 86' lang='lat'>11.</span> <span class='ocrx_word' id='word_1_342' title='bbox 1722 2065 1869 2119; x_wconf 80' lang='lat' dir='ltr'>Sunt,</span> <span class='ocrx_word' id='word_1_343' title='bbox 1911 2059 2133 2107; x_wconf 87' lang='lat' dir='ltr'>additum</span> <span class='ocrx_word' id='word_1_344' title='bbox 2176 2076 2202 2106; x_wconf 89' lang='lat' dir='ltr'>e</span> <span class='ocrx_word' id='word_1_345' title='bbox 2243 2056 2438 2120; x_wconf 88' lang='lat' dir='ltr'>scriptis</span> <span class='ocrx_word' id='word_1_346' title='bbox 2477 2071 2568 2120; x_wconf 89' lang='lat' dir='ltr'>per</span> 
     </span>
     <span class='ocr_line' id='line_1_55' title="bbox 1538 2135 2538 2193; baseline -0.009 -2"><span class='ocrx_word' id='word_1_347' title='bbox 1538 2144 1706 2193; x_wconf 70' lang='lat' dir='ltr'>Daris.</span> <span class='ocrx_word' id='word_1_348' title='bbox 1729 2135 1881 2191; x_wconf 87' lang='lat' dir='ltr'>codd.</span> <span class='ocrx_word' id='word_1_349' title='bbox 1906 2150 2186 2187; x_wconf 88' lang='lat' dir='ltr'>nostrorum</span> <span class='ocrx_word' id='word_1_350' title='bbox 2214 2137 2429 2184; x_wconf 89' lang='lat' dir='ltr'>omnium</span> <span class='ocrx_word' id='word_1_351' title='bbox 2452 2146 2538 2183; x_wconf 87' lang='lat' dir='ltr'>est.</span> 
     </span>
    </p>

    <p class='ocr_par' dir='ltr' id='par_1_10' title="bbox 1531 2215 2565 4249">
     <span class='ocr_line' id='line_1_56' title="bbox 1617 2215 2563 2282; baseline -0.01 -12"><span class='ocrx_word' id='word_1_352' title='bbox 1617 2239 1698 2270; x_wconf 67' lang='grc' dir='ltr'>ια.</span> <span class='ocrx_word' id='word_1_353' title='bbox 1719 2222 2044 2277; x_wconf 78' lang='lat' dir='ltr'>Haberemus,</span> <span class='ocrx_word' id='word_1_354' title='bbox 2071 2218 2208 2282; x_wconf 81' lang='lat' dir='ltr'>quod</span> <span class='ocrx_word' id='word_1_355' title='bbox 2228 2215 2563 2281; x_wconf 72' lang='lat' dir='ltr'>reprehendet.</span> 
     </span>
     <span class='ocr_line' id='line_1_57' title="bbox 1539 2294 2565 2365; baseline -0.007 -16"><span class='ocrx_word' id='word_1_356' title='bbox 1539 2302 1761 2365; x_wconf 66' lang='lat' dir='ltr'>Vulgata!</span> <span class='ocrx_word' id='word_1_357' title='bbox 1780 2301 1892 2347; x_wconf 89' lang='lat' dir='ltr'>loco</span> <span class='ocrx_word' id='word_1_358' title='bbox 1909 2302 2040 2363; x_wconf 73' lang='lat' dir='ltr'>(quae</span> <span class='ocrx_word' id='word_1_359' title='bbox 2054 2298 2168 2344; x_wconf 87' lang='lat' dir='ltr'>item</span> <span class='ocrx_word' id='word_1_360' title='bbox 2187 2313 2215 2344; x_wconf 88' lang='lat' dir='ltr'>a</span> <span class='ocrx_word' id='word_1_361' title='bbox 2233 2296 2433 2343; x_wconf 80' lang='lat' dir='ltr'>Davisio</span> <span class='ocrx_word' id='word_1_362' title='bbox 2447 2294 2540 2360; x_wconf 86' lang='lat' dir='ltr'>est)</span> <span class='ocrx_word' id='word_1_363' title='bbox 2552 2329 2565 2351; x_wconf 91' lang='lat'>,</span> 
     </span>
     <span class='ocr_line' id='line_1_58' title="bbox 1544 2374 2565 2441; baseline -0.001 -18"><span class='ocrx_word' id='word_1_364' title='bbox 1544 2401 1565 2423; x_wconf 77' lang='grc' dir='ltr'>ι</span> <span class='ocrx_word' id='word_1_365' title='bbox 1578 2380 1864 2428; x_wconf 78' lang='lat' dir='ltr'>haberemus</span> <span class='ocrx_word' id='word_1_366' title='bbox 1873 2412 1888 2435; x_wconf 86' lang='lat'>,</span> <span class='ocrx_word' id='word_1_367' title='bbox 1907 2377 2044 2441; x_wconf 90' lang='lat' dir='ltr'>quod</span> <span class='ocrx_word' id='word_1_368' title='bbox 2055 2374 2565 2440; x_wconf 74' lang='lat' dir='ltr'>reprehenderemus»,</span> 
     </span>
     <span class='ocr_line' id='line_1_59' title="bbox 1541 2453 2562 2522; baseline -0.005 -17"><span class='ocrx_word' id='word_1_369' title='bbox 1541 2458 1593 2505; x_wconf 89' lang='lat' dir='ltr'>in</span> <span class='ocrx_word' id='word_1_370' title='bbox 1628 2459 1829 2522; x_wconf 79' lang='lat' dir='ltr'>optimis</span> <span class='ocrx_word' id='word_1_371' title='bbox 1868 2456 2022 2504; x_wconf 88' lang='lat' dir='ltr'>tribus</span> <span class='ocrx_word' id='word_1_372' title='bbox 2063 2454 2243 2502; x_wconf 87' lang='lat' dir='ltr'>nostris</span> <span class='ocrx_word' id='word_1_373' title='bbox 2281 2453 2562 2501; x_wconf 73' lang='lat' dir='ltr'>haberemus</span> 
     </span>
     <span class='ocr_line' id='line_1_60' title="bbox 1539 2530 2564 2600; baseline -0.003 -16"><span class='ocrx_word' id='word_1_374' title='bbox 1539 2536 1739 2600; x_wconf 82' lang='lat' dir='ltr'>legitur,</span> <span class='ocrx_word' id='word_1_375' title='bbox 1774 2551 1925 2599; x_wconf 89' lang='lat' dir='ltr'>quum</span> <span class='ocrx_word' id='word_1_376' title='bbox 1966 2536 2017 2581; x_wconf 87' lang='lat' dir='ltr'>in</span> <span class='ocrx_word' id='word_1_377' title='bbox 2053 2532 2253 2596; x_wconf 70' lang='lat' dir='ltr'>renquis</span> <span class='ocrx_word' id='word_1_378' title='bbox 2278 2530 2564 2581; x_wconf 69' lang='lat' dir='ltr'>haereremus</span> 
     </span>
     <span class='ocr_line' id='line_1_61' title="bbox 1538 2611 2562 2679; baseline -0.005 -16"><span class='ocrx_word' id='word_1_379' title='bbox 1538 2614 1749 2679; x_wconf 57' lang='lat' dir='ltr'>legatum</span> <span class='ocrx_word' id='word_1_380' title='bbox 1777 2613 1920 2661; x_wconf 83' lang='lat' dir='ltr'>verba</span> <span class='ocrx_word' id='word_1_381' title='bbox 1939 2623 2099 2661; x_wconf 82' lang='lat' dir='ltr'>autem</span> <span class='ocrx_word' id='word_1_382' title='bbox 2116 2648 2130 2671; x_wconf 88' lang='lat'><strong>‚</strong></span> <span class='ocrx_word' id='word_1_383' title='bbox 2150 2611 2289 2674; x_wconf 78' lang='lat' dir='ltr'>quod</span> <span class='ocrx_word' id='word_1_384' title='bbox 2307 2611 2562 2679; x_wconf 80' lang='lat' dir='ltr'>reprehen-</span> 
     </span>
     <span class='ocr_line' id='line_1_62' title="bbox 1539 2691 2563 2754; baseline -0.005 -13"><span class='ocrx_word' id='word_1_385' title='bbox 1539 2693 1763 2741; x_wconf 79' lang='lat' dir='ltr'>deremus</span> <span class='ocrx_word' id='word_1_386' title='bbox 1781 2729 1794 2751; x_wconf 95' lang='lat'>,</span> <span class='ocrx_word' id='word_1_387' title='bbox 1846 2692 1897 2739; x_wconf 87' lang='lat' dir='ltr'>in</span> <span class='ocrx_word' id='word_1_388' title='bbox 1943 2691 2081 2738; x_wconf 88' lang='lat' dir='ltr'>nullo</span> <span class='ocrx_word' id='word_1_389' title='bbox 2128 2705 2332 2753; x_wconf 83' lang='lat' dir='ltr'>usquam</span> <span class='ocrx_word' id='word_1_390' title='bbox 2379 2691 2563 2754; x_wconf 87' lang='lat' dir='ltr'>scripto</span> 
     </span>
     <span class='ocr_line' id='line_1_63' title="bbox 1538 2768 2561 2837; baseline -0.006 -17"><span class='ocrx_word' id='word_1_391' title='bbox 1538 2783 1880 2837; x_wconf 78' lang='lat' dir='ltr'>compareant,</span> <span class='ocrx_word' id='word_1_392' title='bbox 1929 2787 1990 2818; x_wconf 80' lang='lat' dir='ltr'>ex</span> <span class='ocrx_word' id='word_1_393' title='bbox 2032 2770 2150 2817; x_wconf 82' lang='lat' dir='ltr'>solis</span> <span class='ocrx_word' id='word_1_394' title='bbox 2185 2770 2352 2833; x_wconf 82' lang='lat' dir='ltr'>graecis</span> <span class='ocrx_word' id='word_1_395' title='bbox 2387 2768 2561 2816; x_wconf 85' lang='lat' dir='ltr'>Laertii</span> 
     </span>
     <span class='ocr_line' id='line_1_64' title="bbox 1537 2848 2562 2912; baseline -0.004 -15"><span class='ocrx_word' id='word_1_396' title='bbox 1537 2851 1719 2900; x_wconf 87' lang='lat' dir='ltr'>addita.</span> <span class='ocrx_word' id='word_1_397' title='bbox 1745 2850 1841 2899; x_wconf 79' lang='lat' dir='ltr'>Sed</span> <span class='ocrx_word' id='word_1_398' title='bbox 1866 2851 1970 2897; x_wconf 82' lang='lat' dir='ltr'>baec</span> <span class='ocrx_word' id='word_1_399' title='bbox 1982 2865 2131 2912; x_wconf 87' lang='lat' dir='ltr'>quum</span> <span class='ocrx_word' id='word_1_400' title='bbox 2151 2848 2259 2895; x_wconf 84' lang='lat' dir='ltr'>data</span> <span class='ocrx_word' id='word_1_401' title='bbox 2283 2864 2427 2910; x_wconf 82' lang='lat' dir='ltr'>opera</span> <span class='ocrx_word' id='word_1_402' title='bbox 2458 2864 2562 2894; x_wconf 77' lang='lat' dir='ltr'>ver-</span> 
     </span>
     <span class='ocr_line' id='line_1_65' title="bbox 1540 2926 2564 2987; baseline -0.007 -9"><span class='ocrx_word' id='word_1_403' title='bbox 1540 2930 1659 2978; x_wconf 89' lang='lat' dir='ltr'>bum</span> <span class='ocrx_word' id='word_1_404' title='bbox 1692 2948 1718 2978; x_wconf 88' lang='lat' dir='ltr'>e</span> <span class='ocrx_word' id='word_1_405' title='bbox 1755 2929 1907 2977; x_wconf 79' lang='lat' dir='ltr'>verbo</span> <span class='ocrx_word' id='word_1_406' title='bbox 1937 2944 2072 2975; x_wconf 81' lang='lat' dir='ltr'>versa</span> <span class='ocrx_word' id='word_1_407' title='bbox 2092 2926 2255 2973; x_wconf 81' lang='lat' dir='ltr'>videas</span> <span class='ocrx_word' id='word_1_408' title='bbox 2274 2961 2288 2985; x_wconf 87' lang='lat'>‚</span> <span class='ocrx_word' id='word_1_409' title='bbox 2317 2940 2564 2987; x_wconf 85' lang='lat' dir='ltr'>quumque</span> 
     </span>
     <span class='ocr_line' id='line_1_66' title="bbox 1540 3001 2564 3058; baseline -0.006 -3"><span class='ocrx_word' id='word_1_410' title='bbox 1540 3009 1705 3057; x_wconf 88' lang='lat' dir='ltr'>eadem</span> <span class='ocrx_word' id='word_1_411' title='bbox 1744 3009 1831 3056; x_wconf 80' lang='lat' dir='ltr'>ista</span> <span class='ocrx_word' id='word_1_412' title='bbox 1869 3023 1912 3054; x_wconf 89' lang='lat' dir='ltr'>c.</span> <span class='ocrx_word' id='word_1_413' title='bbox 1942 3008 1970 3054; x_wconf 86' lang='lat'>3</span> <span class='ocrx_word' id='word_1_414' title='bbox 2007 3005 2112 3057; x_wconf 77' lang='lat' dir='ltr'>init,</span> <span class='ocrx_word' id='word_1_415' title='bbox 2141 3012 2413 3058; x_wconf 85' lang='lat' dir='ltr'>recurrant;</span> <span class='ocrx_word' id='word_1_416' title='bbox 2442 3001 2564 3049; x_wconf 87' lang='lat' dir='ltr'>nihil</span> 
     </span>
     <span class='ocr_line' id='line_1_67' title="bbox 1541 3079 2564 3146; baseline -0.004 -13"><span class='ocrx_word' id='word_1_417' title='bbox 1541 3086 1867 3135; x_wconf 77' lang='lat' dir='ltr'>dubitavimus</span> <span class='ocrx_word' id='word_1_418' title='bbox 1889 3084 2127 3146; x_wconf 77' lang='lat' dir='ltr'>vulgatam</span> <span class='ocrx_word' id='word_1_419' title='bbox 2165 3096 2191 3127; x_wconf 84' lang='lat' dir='ltr'>a</span> <span class='ocrx_word' id='word_1_420' title='bbox 2230 3079 2426 3126; x_wconf 80' lang='lat' dir='ltr'>Davisio</span> <span class='ocrx_word' id='word_1_421' title='bbox 2448 3081 2564 3129; x_wconf 88' lang='lat' dir='ltr'>inde</span> 
     </span>
     <span class='ocr_line' id='line_1_68' title="bbox 1539 3159 2562 3229; baseline -0.003 -18"><span class='ocrx_word' id='word_1_422' title='bbox 1539 3176 1771 3229; x_wconf 86' lang='lat' dir='ltr'>repetere.</span> <span class='ocrx_word' id='word_1_423' title='bbox 1794 3165 1920 3210; x_wconf 84' lang='lat' dir='ltr'>Nam</span> <span class='ocrx_word' id='word_1_424' title='bbox 1938 3163 2052 3209; x_wconf 86' lang='lat' dir='ltr'>licet</span> <span class='ocrx_word' id='word_1_425' title='bbox 2073 3159 2364 3207; x_wconf 69' lang='lat' dir='ltr'>haereremus</span> <span class='ocrx_word' id='word_1_426' title='bbox 2378 3163 2562 3224; x_wconf 88' lang='lat' dir='ltr'>optime</span> 
     </span>
     <span class='ocr_line' id='line_1_69' title="bbox 1539 3239 2562 3307; baseline -0.007 -16"><span class='ocrx_word' id='word_1_427' title='bbox 1539 3260 1632 3307; x_wconf 85' lang='lat' dir='ltr'>pro</span> <span class='ocrx_word' id='word_1_428' title='bbox 1669 3244 1745 3290; x_wconf 89' lang='lat' dir='ltr'>bis</span> <span class='ocrx_word' id='word_1_429' title='bbox 1777 3241 1899 3306; x_wconf 90' lang='lat' dir='ltr'>poni</span> <span class='ocrx_word' id='word_1_430' title='bbox 1923 3239 2109 3304; x_wconf 87' lang='lat' dir='ltr'>possit,</span> <span class='ocrx_word' id='word_1_431' title='bbox 2146 3249 2304 3286; x_wconf 82' lang='lat' dir='ltr'>tamen</span> <span class='ocrx_word' id='word_1_432' title='bbox 2323 3273 2337 3295; x_wconf 83' lang='lat'>,</span> <span class='ocrx_word' id='word_1_433' title='bbox 2375 3256 2435 3285; x_wconf 82' lang='lat' dir='ltr'>ex</span> <span class='ocrx_word' id='word_1_434' title='bbox 2462 3257 2562 3304; x_wconf 87' lang='lat' dir='ltr'>quo</span> 
     </span>
     <span class='ocr_line' id='line_1_70' title="bbox 1540 3316 2561 3383; baseline -0.003 -14"><span class='ocrx_word' id='word_1_435' title='bbox 1540 3321 1686 3369; x_wconf 85' lang='lat' dir='ltr'>semel</span> <span class='ocrx_word' id='word_1_436' title='bbox 1706 3320 1775 3367; x_wconf 86' lang='lat' dir='ltr'>sic</span> <span class='ocrx_word' id='word_1_437' title='bbox 1793 3334 1880 3383; x_wconf 85' lang='lat' dir='ltr'>per</span> <span class='ocrx_word' id='word_1_438' title='bbox 1899 3318 2158 3381; x_wconf 83' lang='lat' dir='ltr'>compend.</span> <span class='ocrx_word' id='word_1_439' title='bbox 2183 3316 2408 3381; x_wconf 88' lang='lat' dir='ltr'>(propter</span> <span class='ocrx_word' id='word_1_440' title='bbox 2427 3320 2561 3381; x_wconf 88' lang='lat' dir='ltr'>quod</span> 
     </span>
     <span class='ocr_line' id='line_1_71' title="bbox 1541 3394 2558 3461; baseline -0.001 -16"><span class='ocrx_word' id='word_1_441' title='bbox 1541 3398 1685 3445; x_wconf 84' lang='lat' dir='ltr'>verba</span> <span class='ocrx_word' id='word_1_442' title='bbox 1727 3398 1814 3445; x_wconf 82' lang='lat' dir='ltr'>ista</span> <span class='ocrx_word' id='word_1_443' title='bbox 1852 3395 2113 3460; x_wconf 68' lang='lat' dir='ltr'>saepissime</span> <span class='ocrx_word' id='word_1_444' title='bbox 2140 3394 2192 3443; x_wconf 90' lang='lat' dir='ltr'>in</span> <span class='ocrx_word' id='word_1_445' title='bbox 2227 3397 2420 3461; x_wconf 86' lang='lat' dir='ltr'>scriptis</span> <span class='ocrx_word' id='word_1_446' title='bbox 2449 3414 2558 3461; x_wconf 84' lang='lat' dir='ltr'>per-</span> 
     </span>
     <span class='ocr_line' id='line_1_72' title="bbox 1542 3474 2555 3540; baseline -0.001 -15"><span class='ocrx_word' id='word_1_447' title='bbox 1542 3474 1816 3540; x_wconf 84' lang='lat' dir='ltr'>mutantur)</span> <span class='ocrx_word' id='word_1_448' title='bbox 1851 3477 2084 3540; x_wconf 85' lang='lat' dir='ltr'>scriptum</span> <span class='ocrx_word' id='word_1_449' title='bbox 2126 3486 2277 3529; x_wconf 82' lang='lat' dir='ltr'>esset,</span> <span class='ocrx_word' id='word_1_450' title='bbox 2317 3475 2456 3523; x_wconf 82' lang='lat' dir='ltr'>facile</span> <span class='ocrx_word' id='word_1_451' title='bbox 2482 3477 2555 3524; x_wconf 90' lang='lat' dir='ltr'>in-</span> 
     </span>
     <span class='ocr_line' id='line_1_73' title="bbox 1541 3554 2556 3619; baseline 0 -15"><span class='ocrx_word' id='word_1_452' title='bbox 1541 3556 1694 3619; x_wconf 80' lang='lat' dir='ltr'>telligi</span> <span class='ocrx_word' id='word_1_453' title='bbox 1715 3564 1903 3619; x_wconf 83' lang='lat' dir='ltr'>potest.</span> <span class='ocrx_word' id='word_1_454' title='bbox 1931 3555 2110 3617; x_wconf 83' lang='lat' dir='ltr'>reliqua</span> <span class='ocrx_word' id='word_1_455' title='bbox 2130 3554 2357 3602; x_wconf 81' lang='lat' dir='ltr'>consulto</span> <span class='ocrx_word' id='word_1_456' title='bbox 2382 3557 2556 3604; x_wconf 81' lang='lat' dir='ltr'>omissa</span> 
     </span>
     <span class='ocr_line' id='line_1_74' title="bbox 1539 3634 2555 3683; baseline 0.001 -2"><span class='ocrx_word' id='word_1_457' title='bbox 1539 3651 1656 3683; x_wconf 83' lang='lat' dir='ltr'>esse.</span> <span class='ocrx_word' id='word_1_458' title='bbox 1688 3636 1748 3683; x_wconf 83' lang='lat' dir='ltr'>G.</span> <span class='ocrx_word' id='word_1_459' title='bbox 1782 3662 1851 3670; x_wconf 88' lang='lat'>—-</span> <span class='ocrx_word' id='word_1_460' title='bbox 1880 3634 1945 3682; x_wconf 83' lang='lat' dir='ltr'>Id</span> <span class='ocrx_word' id='word_1_461' title='bbox 1980 3645 2050 3680; x_wconf 82' lang='lat' dir='ltr'>ese</span> <span class='ocrx_word' id='word_1_462' title='bbox 2088 3643 2249 3680; x_wconf 70' lang='lat' dir='ltr'>anetem</span> <span class='ocrx_word' id='word_1_463' title='bbox 2289 3634 2472 3682; x_wconf 78' lang='lat' dir='ltr'>malum</span> <span class='ocrx_word' id='word_1_464' title='bbox 2504 3636 2555 3682; x_wconf 84' lang='lat' dir='ltr'>in</span> 
     </span>
     <span class='ocr_line' id='line_1_75' title="bbox 1537 3712 2552 3776; baseline 0 -15"><span class='ocrx_word' id='word_1_465' title='bbox 1537 3712 1653 3761; x_wconf 80' lang='lat' dir='ltr'>fine.</span> <span class='ocrx_word' id='word_1_466' title='bbox 1694 3712 1844 3776; x_wconf 88' lang='lat' dir='ltr'>Quod</span> <span class='ocrx_word' id='word_1_467' title='bbox 1894 3712 2110 3760; x_wconf 87' lang='lat' dir='ltr'>Bremius</span> <span class='ocrx_word' id='word_1_468' title='bbox 2156 3722 2204 3760; x_wconf 88' lang='lat' dir='ltr'>et</span> <span class='ocrx_word' id='word_1_469' title='bbox 2243 3714 2388 3761; x_wconf 66' lang='lat' dir='ltr'>Rath.</span> <span class='ocrx_word' id='word_1_470' title='bbox 2433 3715 2552 3761; x_wconf 85' lang='lat' dir='ltr'>scri-</span> 
     </span>
     <span class='ocr_line' id='line_1_76' title="bbox 1536 3790 2552 3856; baseline -0.001 -16"><span class='ocrx_word' id='word_1_471' title='bbox 1536 3793 1637 3856; x_wconf 83' lang='lat' dir='ltr'>ptis</span> <span class='ocrx_word' id='word_1_472' title='bbox 1680 3790 1990 3849; x_wconf 87' lang='lat' dir='ltr'>auctoribus,</span> <span class='ocrx_word' id='word_1_473' title='bbox 2023 3803 2213 3850; x_wconf 79' lang='lat' dir='ltr'>autem,</span> <span class='ocrx_word' id='word_1_474' title='bbox 2258 3808 2318 3839; x_wconf 80' lang='lat' dir='ltr'>ex</span> <span class='ocrx_word' id='word_1_475' title='bbox 2359 3792 2459 3839; x_wconf 78' lang='lat' dir='ltr'>Pal.</span> <span class='ocrx_word' id='word_1_476' title='bbox 2502 3811 2520 3839; x_wconf 81' lang='grc' dir='ltr'><strong><em>ι</em></strong></span> <span class='ocrx_word' id='word_1_477' title='bbox 2541 3829 2552 3845; x_wconf 80' lang='grc'><strong>.</strong></span> 
     </span>
     <span class='ocr_line' id='line_1_77' title="bbox 1533 3871 2555 3934; baseline 0.001 -16"><span class='ocrx_word' id='word_1_478' title='bbox 1533 3886 1628 3934; x_wconf 82' lang='lat' dir='ltr'>pro</span> <span class='ocrx_word' id='word_1_479' title='bbox 1678 3883 1766 3918; x_wconf 76' lang='lat' dir='ltr'>aue</span> <span class='ocrx_word' id='word_1_480' title='bbox 1822 3880 2066 3934; x_wconf 83' lang='lat' dir='ltr'>receptum</span> <span class='ocrx_word' id='word_1_481' title='bbox 2082 3907 2095 3927; x_wconf 84' lang='lat'>‚</span> <span class='ocrx_word' id='word_1_482' title='bbox 2132 3882 2181 3919; x_wconf 88' lang='lat' dir='ltr'>et</span> <span class='ocrx_word' id='word_1_483' title='bbox 2219 3889 2244 3918; x_wconf 74' lang='lat' dir='ltr'>a</span> <span class='ocrx_word' id='word_1_484' title='bbox 2285 3871 2415 3918; x_wconf 86' lang='lat' dir='ltr'>binis</span> <span class='ocrx_word' id='word_1_485' title='bbox 2459 3873 2555 3919; x_wconf 78' lang='lat' dir='ltr'>illis</span> 
     </span>
     <span class='ocr_line' id='line_1_78' title="bbox 1531 3947 2552 4013; baseline 0 -17"><span class='ocrx_word' id='word_1_486' title='bbox 1531 3950 1709 3998; x_wconf 80' lang='lat' dir='ltr'>nostris</span> <span class='ocrx_word' id='word_1_487' title='bbox 1732 3947 2102 4013; x_wconf 80' lang='lat' dir='ltr'>comprobatum</span> <span class='ocrx_word' id='word_1_488' title='bbox 2124 3984 2139 4007; x_wconf 87' lang='lat'>,</span> <span class='ocrx_word' id='word_1_489' title='bbox 2177 3950 2323 3997; x_wconf 83' lang='lat' dir='ltr'>deleri</span> <span class='ocrx_word' id='word_1_490' title='bbox 2347 3949 2520 4011; x_wconf 82' lang='lat' dir='ltr'>jubent</span> <span class='ocrx_word' id='word_1_491' title='bbox 2539 3984 2552 4003; x_wconf 80' lang='grc'>,</span> 
     </span>
     <span class='ocr_line' id='line_1_79' title="bbox 1534 4023 2551 4091; baseline 0 -15"><span class='ocrx_word' id='word_1_492' title='bbox 1534 4028 1700 4076; x_wconf 88' lang='lat' dir='ltr'>abesse</span> <span class='ocrx_word' id='word_1_493' title='bbox 1728 4028 1777 4075; x_wconf 90' lang='lat' dir='ltr'>id</span> <span class='ocrx_word' id='word_1_494' title='bbox 1808 4028 2002 4091; x_wconf 87' lang='lat' dir='ltr'>quidem</span> <span class='ocrx_word' id='word_1_495' title='bbox 2028 4028 2090 4076; x_wconf 88' lang='lat' dir='ltr'>ab</span> <span class='ocrx_word' id='word_1_496' title='bbox 2117 4031 2322 4077; x_wconf 86' lang='lat' dir='ltr'>Oxonu.</span> <span class='ocrx_word' id='word_1_497' title='bbox 2351 4031 2409 4076; x_wconf 84' lang='lat' dir='ltr'>E.</span> <span class='ocrx_word' id='word_1_498' title='bbox 2442 4039 2490 4075; x_wconf 86' lang='lat' dir='ltr'>et</span> <span class='ocrx_word' id='word_1_499' title='bbox 2511 4023 2551 4084; x_wconf 79' lang='grc' dir='ltr'>ξ.</span> 
     </span>
     <span class='ocr_line' id='line_1_80' title="bbox 1533 4106 2554 4171; baseline -0.003 -16"><span class='ocrx_word' id='word_1_500' title='bbox 1533 4107 1717 4171; x_wconf 86' lang='lat' dir='ltr'>ubique</span> <span class='ocrx_word' id='word_1_501' title='bbox 1739 4108 1836 4154; x_wconf 80' lang='lat' dir='ltr'>sere</span> <span class='ocrx_word' id='word_1_502' title='bbox 1854 4106 2055 4153; x_wconf 82' lang='lat' dir='ltr'>seorsim</span> <span class='ocrx_word' id='word_1_503' title='bbox 2072 4107 2389 4156; x_wconf 84' lang='lat' dir='ltr'>sentientibus</span> <span class='ocrx_word' id='word_1_504' title='bbox 2401 4141 2416 4164; x_wconf 92' lang='lat'>,</span> <span class='ocrx_word' id='word_1_505' title='bbox 2434 4121 2554 4153; x_wconf 87' lang='lat' dir='ltr'>con·</span> 
     </span>
     <span class='ocr_line' id='line_1_81' title="bbox 1534 4183 2554 4249; baseline -0.002 -15"><span class='ocrx_word' id='word_1_506' title='bbox 1534 4186 1750 4234; x_wconf 77' lang='lat' dir='ltr'>cedimus</span> <span class='ocrx_word' id='word_1_507' title='bbox 1775 4200 1788 4233; x_wconf 73' lang='grc' dir='ltr'><strong><em>ε</em></strong></span> <span class='ocrx_word' id='word_1_508' title='bbox 1817 4184 1903 4233; x_wconf 85' lang='lat' dir='ltr'>sed</span> <span class='ocrx_word' id='word_1_509' title='bbox 1927 4184 1966 4231; x_wconf 88' lang='lat' dir='ltr'>si</span> <span class='ocrx_word' id='word_1_510' title='bbox 1988 4185 2158 4249; x_wconf 90' lang='lat' dir='ltr'>scripti</span> <span class='ocrx_word' id='word_1_511' title='bbox 2177 4184 2250 4233; x_wconf 85' lang='lat' dir='ltr'>illi</span> <span class='ocrx_word' id='word_1_512' title='bbox 2279 4184 2354 4232; x_wconf 84' lang='lat' dir='ltr'>vel</span> <span class='ocrx_word' id='word_1_513' title='bbox 2379 4183 2554 4248; x_wconf 85' lang='lat' dir='ltr'>optimi</span> 
     </span>
    </p>
   </div>
  </div>
 </body>
</html>
