3217 4784
697 446 839 518 650
1377 450 1471 515 Μ.
1526 451 1601 517 Τ.
1657 445 2142 516 CICERONIS

698 572 789 641 sit
825 568 1101 639 bonum
1148 570 1465 665 positum
1499 622 1518 655 ,
1568 591 1944 664 quumque
1985 592 2120 637 nec
2163 571 2432 650 virtus,
2468 581 2551 635 ut
2592 566 2827 663 placet

698 679 873 762 illis,
913 704 1049 750 nec
1077 678 1461 749 honestum
1501 691 1812 765 crescat,
1846 678 2068 775 idque
2101 676 2380 748 bonum
2418 676 2650 748 solum
2690 679 2825 762 sit,

694 815 845 886 qno
893 791 1020 885 qui
1081 789 1429 884 potiatur,
1476 812 1769 859 necesse
1826 802 1933 857 est
1986 787 2240 858 beatus
2291 788 2416 873 sit,
2468 812 2691 883 quum
2749 788 2823 856 id

694 894 978 994 augeri³
1019 920 1175 967 ⁴non
1210 899 1474 994 possit,
1517 902 1590 966 in
1636 885 1786 995 quo
1826 921 1975 966 uno
2024 899 2341 995 positum
2386 911 2496 968 est
2530 896 2823 969 beatum

692 1033 846 1080 esse
887 1034 903 1075 ε
965 1011 1093 1103 qui
1147 1022 1385 1103 potest
1451 1032 1602 1079 esse
1647 1012 2031 1105 quisquam
2093 1008 2274 1077 alius
2321 1007 2462 1078 alio
2506 1007 2822 1079 beatior?

689 1116 1040 1203 Videsne,
1085 1130 1168 1186 ut
1211 1116 1359 1188 haec
1409 1118 1882 1188 concinant4?
1934 1122 2022 1187 Et
2061 1118 2357 1189 hercule
2394 1115 2819 1214 (fatendum

691 1240 800 1296 est
841 1227 1031 1296 enim
1058 1280 1077 1313 ,
1118 1224 1320 1322 'quod
1357 1227 1642 1321 sentio)
1693 1225 2037 1297 mirabilis
2069 1241 2177 1297 est
2209 1226 2406 1325 apud
2444 1228 2605 1299 illos
2645 1251 2821 1298 con·

692 1352 927 1408 textus
997 1359 1262 1405 rerum.
1335 1336 1809 1434 Respondent
1863 1353 2178 1408 extrema
2237 1339 2528 1435 primiS‚
2586 1337 2822 1410 media

690 1449 1052 1543 utrisque,
1101 1449 1344 1517 omnia
1393 1446 1733 1518 omnibus
1770 1476 1785 1518 ε
1826 1447 2006 1544 quid
2047 1461 2421 1545 sequatur,
2477 1448 2650 1544 quid
2705 1474 2818 1520 re-

693 1571 998 1654 pugnet,
1027 1554 1291 1626 vident.
1331 1561 1414 1627 In
1446 1559 1837 1653 geometria
1872 1561 2100 1655 prima
2131 1560 2191 1628 si
2231 1555 2547 1646 dederiS,
2585 1557 2818 1629 danda

693 1683 865 1739 sunt
890 1669 1154 1738 omnia.
1187 1666 1524 1738 Concede
1552 1667 1731 1739 nihil
1768 1693 1920 1739 esse
1948 1667 2225 1739 bonum
2246 1722 2264 1752 ‚
2304 1673 2437 1738 nisi
2458 1665 2821 1764 quod'ho-

691 1792 981 1849 nestum
1010 1777 1100 1846 sit
1128 1804 1144 1844 :
1186 1775 1730 1848 concedendum
1763 1792 1905 1865 est,
1929 1781 2006 1848 in
2036 1783 2301 1849 virtute
2335 1778 2483 1850 sola
2514 1775 2817 1876 positam

586 1895 650 1958 84
691 1912 854 1958 esse.
877 1885 1161 1957 beatam
1199 1887 1438 1957 vitam.
1474 1887 1657 1959 Vide
1692 1913 1938 1959 rursus
1973 1902 2190 1958 retro.
2226 1892 2412 1959 Dato
2450 1888 2624 1972 hoc,
2652 1888 2819 1986 dan-

692 1997 868 2067 dum
908 1999 1044 2067 erit
1075 1996 1275 2067 illud.
1316 1997 1533 2086 Quod
1572 1999 1789 2069 vestri
1823 2023 1970 2067 non
1994 1999 2188 2067 item.
2217 1999 2377 2068 Tria
2412 2022 2673 2094 genera
2702 1997 2823 2067 bo-

693 2133 978 2177 norum.
1025 2107 1413 2177 Proclivius
1443 2111 1666 2178 currit
1690 2110 1921 2178 oratio
1938 2105 1989 2176 5.
2010 2111 2229 2178 Venit
2260 2107 2347 2177 ad
2386 2123 2818 2179 extremum:

691 2217 908 2287 haeret
946 2219 1020 2285 in
1058 2216 1333 2287 salebra
1355 2213 1408 2286 6.
1450 2220 1669 2316 Cupit
1709 2217 1897 2288 enim
1942 2216 2212 2305 dicere,
2248 2217 2444 2287 Nihil
2483 2242 2692 2316 posse
2732 2218 2821 2288 ad

688 2325 967 2398 beatam
998 2329 1214 2400 vitam
1245 2327 1488 2399 deesse
1519 2329 1845 2425 sapienti.
1896 2331 2213 2399 Honesta
2250 2329 2481 2398 oratio
2513 2355 2529 2395 :
2572 2332 2820 2398 Socra-

689 2440 860 2524 tica,
896 2436 1209 2508 Platonis
1249 2442 1483 2508 etiam.
1507 2436 1774 2508 ‘Audeo
1812 2436 2086 2522 dicere,
2126 2439 2368 2533 inquit
2383 2448 2437 2506 7.
2482 2441 2649 2508 Non
2687 2460 2821 2533 po-

690 2622 755 2670 85
776 2635 788 2667 :
812 2623 1026 2668 «Tamen
1041 2619 1317 2668 aberramus
1341 2637 1367 2668 a
1388 2623 1648 2686 proposito
1663 2644 1705 2668 a.

688 2702 832 2748 Grut.
850 2715 911 2747 ex
924 2698 1039 2745 Pan.
1057 2704 1480 2753 4‚erramus.--In
1499 2703 1708 2767 repetito

687 2780 888 2842 inquam
907 2794 968 2825 ue
986 2777 1192 2824 haereas:
1211 2793 1336 2840 saepe
1349 2779 1421 2825 sic
1438 2781 1576 2827 Plato
1596 2780 1708 2844 ἔφην

685 2868 735 2905 et
759 2855 844 2923 ἔφη
863 2856 1072 2920 reponit.
1091 2855 1169 2903 cf.
1188 2856 1332 2919 Legg.
1351 2859 1420 2916 11,
1439 2859 1526 2918 26,
1543 2858 1628 2914 64.
1645 2859 1705 2906 G.

760 2937 806 2985 3.
835 2937 995 2999 Quum
1019 2934 1077 2982 id
1097 2934 1286 2998 augeri.
1327 2936 1532 2982 Goerenz
1565 2953 1708 3000 quem

687 3016 862 3082 augeri
871 3014 939 3063 id.
960 3017 1079 3063 Haec
1094 3052 1109 3075 ,
1126 3014 1315 3078 inquit,
1335 3015 1480 3062 series
1494 3018 1708 3081 Spirensi

685 3108 734 3144 et
759 3096 862 3144 Erl.
888 3096 1119 3154 debetur,
1149 3093 1322 3140 melior
1347 3096 1504 3144 multo
1539 3096 1707 3159 vulga-

689 3188 763 3237 ta,
789 3191 899 3238 quae
926 3174 1135 3238 languet.
1166 3174 1358 3237 Augeri
1381 3175 1478 3220 vim
1509 3187 1706 3222 senteu-

689 3258 768 3302 13ae
790 3256 1037 3311 continet,
1064 3267 1213 3316 quum
1240 3252 1336 3299 loci
1358 3262 1499 3299 tenor
1517 3253 1597 3300 hic
1623 3254 1710 3312 sit,

685 3358 708 3374 ··
722 3350 870 3398 quum
913 3333 963 3378 in
1008 3333 1105 3379 vita
1144 3332 1284 3379 beata
1309 3332 1440 3379 nulla
1489 3332 1711 3395 gradatio

686 3413 775 3471 sit,
807 3411 1027 3474 gradatio
1062 3412 1178 3457 item
1216 3409 1350 3457 nulia
1385 3410 1435 3457 in
1476 3410 1572 3457 hoc
1607 3425 1712 3459 esse

688 3501 850 3555 potest
862 3523 878 3548 ‚
893 3488 1029 3552 quod
1046 3490 1187 3536 unice
1207 3489 1356 3535 vitam
1374 3489 1563 3536 beatam
1584 3504 1713 3537 com·

688 3569 968 3631 plectitur».
995 3565 1063 3616 G.

760 3654 806 3701 4.
851 3645 1083 3701 Videsne,
1128 3657 1183 3692 ue
1235 3644 1342 3693 lta-c
1394 3644 1668 3694 concinant
1684 3652 1711 3693 ,ν’

686 3724 866 3788 Scripti
900 3724 1040 3770 multi
1067 3723 1395 3780 concinnam,
1428 3723 1534 3782 vel,
1571 3725 1708 3788 quod

685 3821 746 3853 ex
771 3801 943 3851 eodem
973 3802 1110 3848 fonte
1135 3804 1376 3861 manavit,
1404 3802 1707 3852 continuam.

633 3881 644 3892 ⁸
687 3887 746 3932 Et
773 3898 886 3930 saue
906 3881 1012 3929 haec
1038 3879 1184 3927 lectio
1218 3873 1320 3927 hon
1355 3880 1477 3928 adeo
1500 3882 1708 3930 absurda

687 3963 854 4023 fuerit,
873 3961 915 4008 si
941 3960 1011 4008 sic
1037 3960 1307 4022 acceperis,
1332 3971 1546 4023 «quantu
1584 3977 1707 4009 con-

684 4044 915 4089 cinnitate
943 4041 1048 4088 haec
1063 4040 1218 4088 Stoici
1246 4052 1532 4104 proponunt
1551 4062 1592 4088 ι.
1615 4041 1710 4089 Sed

686 4120 867 4184 ubique
893 4120 1064 4168 scrihae
1090 4120 1140 4166 in
1172 4135 1215 4167 v.
1242 4117 1492 4167 concinere
1509 4120 1578 4167 sic
1601 4137 1710 4183 pec-

687 4209 817 4246 cant.
849 4198 1079 4259 Accedit,
1106 4199 1239 4261 quod
1281 4209 1450 4247 auctor
1477 4210 1586 4261 post
1620 4198 1706 4245 Vi-

1797 2622 1945 2672 deme
1962 2658 1977 2682 ‚
1997 2634 2052 2671 ue
2068 2622 2364 2683 subjunctiv.
2379 2621 2579 2670 modum
2599 2631 2742 2668 amat.
2755 2621 2820 2667 G.

1870 2703 1918 2752 5.
1946 2702 2205 2749 Proclivius
2230 2700 2380 2748 currit
2404 2700 2581 2747 oratio.
2609 2699 2818 2746 Goerenz

1797 2781 1992 2837 scribit,
2024 2779 2242 2844 proclivi·
2267 2781 2337 2824 Ita
2369 2811 2384 2836 ,
2434 2777 2623 2840 inquit,
2661 2778 2817 2824 nostri

1798 2876 1993 2914 omnen
2010 2861 2077 2908 ita
2094 2859 2395 2909 Oxonienses
2418 2871 2432 2905 ι
2448 2874 2557 2904 nam
2588 2869 2682 2905 tren
2699 2891 2715 2912 ‚
2732 2857 2818 2919 qui

1794 2939 1990 3004 providi
2010 2949 2238 3003 peccaut,
2265 2948 2470 3003 peccaut
2492 2951 2553 2984 ex
2571 2935 2738 2983 eodem
2760 2931 2815 2997 ψ.

1799 3040 1821 3060 ι
1838 3018 2031 3082 providi
2058 3017 2119 3066 al’
2141 3017 2409 3081 proclivi».
2438 3016 2544 3065 'Nee
2567 3016 2704 3063 aliter
2720 3016 2818 3061 Dn-

1797 3098 1886 3143 vis.
1911 3112 1972 3143 ex
2002 3096 2119 3143 Pau.
2144 3105 2194 3142 et
2219 3095 2249 3140 5
2277 3094 2408 3153 suis,
2443 3093 2644 3141 laudans
2675 3091 2818 3138 etiam

1795 3175 1943 3222 Tunc.
1976 3175 2068 3232 IV,
2107 3174 2202 3228 18,
2242 3174 2487 3220 «Incitata
2529 3171 2673 3219 semel
2700 3185 2820 3233 pro-

1800 3253 1916 3301 clivi
1941 3251 2207 3299 labuntur·
2234 3251 2353 3310 3ubi
2378 3266 2511 3299 nune
2526 3287 2543 3312 ‚
2568 3249 2740 3298 dubito
2757 3265 2823 3296 au

1800 3330 1979 3380 rectius
1990 3329 2205 3395 proclive
2222 3330 2472 3378 scribitur.
2486 3329 2609 3376 Inde
2631 3328 2823 3375 Ern.ad

1799 3410 2049 3473 vulgatum
2068 3409 2327 3472 proclivius
2355 3409 2513 3456 redire
2546 3423 2650 3455 nou
2675 3407 2821 3454 debe-

1800 3488 1898 3536 bat.
1926 3489 2249 3552 Comparatur
2274 3497 2435 3536 autem
2476 3486 2631 3535 oratio
2666 3486 2773 3532 rivo
2800 3520 2820 3544 ,

1801 3569 1942 3616 initio
1979 3567 2189 3631 proclivi
2219 3579 2270 3615 et
2305 3565 2540 3631 expedito
2562 3579 2708 3613 cursu
2733 3562 2824 3627 qui

1800 3649 1886 3706 eit,
1914 3647 2090 3694 deinde
2115 3662 2231 3694 vero
2271 3647 2430 3695 arenis
2461 3657 2509 3694 et
2530 3643 2715 3693 salebra
2748 3659 2825 3690 me-

1800 3736 2032 3774 moretur.

1870 3806 1924 3852 6.
1947 3805 2173 3854 Salebra.
2198 3804 2401 3869 Proprie
2430 3803 2489 3850 de
2511 3803 2671 3850 areni·
2694 3803 2827 3848 rivo-

1799 3901 1906 3932 rum
1929 3883 2286 3948 fluviorumque
2303 3918 2316 3943 ‚
2343 3897 2462 3947 quus
2488 3896 2719 3943 aquarum
2736 3880 2830 3927 im·

1800 3975 1941 4027 petus
1958 3964 2205 4026 congessit
2223 3977 2238 4011 x
2254 3977 2366 4026 que
2388 3961 2440 4007 in
2455 3959 2664 4025 proclivi
2684 3960 2830 4008 alveo

1800 4057 1901 4089 nou
1928 4044 2250 4106 reperiuntur.
2288 4038 2623 4087 G.—Vem't...
2641 4037 2829 4086 dicere.

1800 4123 1917 4167 Haec
1940 4121 2131 4168 Nonius
2160 4120 2210 4167 in
2240 4136 2283 4166 v.
2303 4119 2521 4166 salebra.

1873 4216 1917 4258 7.
1953 4199 2123 4246 Audeo
2145 4197 2335 4257 dicere,
2365 4196 2542 4260 inquit.
2563 4198 2833 4259 lutei-pun-
