3217 4784
773 421 897 489 DE
945 422 1115 491 FIN.
1167 422 1372 491 BON.
1420 424 1539 492 ET
1586 422 1804 491 MAL.
1849 423 1969 507 IV,
2015 444 2118 489 12.
2179 494 2184 501 ,
2366 421 2512 517 469

483 548 637 617 XII.
704 548 869 616 Uno
921 560 1159 616 autern
1205 545 1470 617 modo¹
1531 547 1609 617 in
1654 547 1917 617 virtute
1960 544 2108 617 sola
2145 568 2506 617 summum

386 654 666 726 bonum
703 669 897 726 recte
945 670 1374 754 poneretur,
1411 659 1467 727 si
1506 655 1711 753 quod
1748 670 1933 727 esset
1975 654 2272 742 animal,
2308 654 2504 752 quod

388 780 617 857 totum
658 791 745 837 ex
786 777 1077 837 mente²
1124 779 1487 836 constaret
1525 792 1540 833 ε
1580 764 1651 835 id
1693 768 1929 862 ipsum
1966 779 2209 837 tamen
2245 766 2382 850 sic,
2425 780 2508 835 ut

386 899 471 945 ea
514 899 718 946 meus
765 874 942 945 nihil
990 872 1293 945 haberet
1339 874 1413 960 in
1465 898 1573 961 se,
1600 871 1828 970 1quod
1877 888 2064 944 esset
2112 873 2506 945 secundum

386 1000 709 1055 naturam
728 1011 761 1071 ς,
787 998 868 1054 ut
909 980 1227 1054 valitudo
1274 998 1404 1055 est.
1442 983 1580 1056 Sed
1625 982 1699 1053 id
1741 1007 1835 1053 ne
1880 985 2175 1080 cogitari
2211 982 2505 1080 quidem

388 1108 661 1189 potest,
710 1092 923 1189 quale
966 1094 1095 1176 sit,
1137 1106 1221 1163 ut
1271 1100 1421 1165 'non
1474 1108 1831 1192 repugnet
1877 1094 2111 1190 ipsum
2164 1091 2323 1165 sibi.
2382 1096 2506 1165 Sin

2547 1010 2608 1058 29

383 1203 559 1275 dicit
606 1202 975 1273 obscurari
1026 1196 1448 1299 quaedam3,
1485 1227 1622 1276 nec
1668 1226 2052 1300 apparere,
2096 1204 2264 1298 quia
2299 1202 2546 1295 valde„

384 1336 596 1410 parva
634 1315 819 1399 sint,
849 1337 983 1383 nos
1020 1336 1325 1410 quoque
1362 1309 1844 1383 concedimus.
1879 1309 2092 1400 Quod
2127 1308 2298 1380 dicit
2335 1314 2507 1408 Epi-

382 1447 599 1493 curus
624 1421 715 1494 de
740 1422 1113 1521 voluptate
1134 1419 1190 1510 4,
1219 1446 1379 1518 quae
1407 1422 1718 1491 minimae
1736 1421 1878 1492 sint
1892 1419 2300 1517 voluptates
2320 1412 2374 1505 ⁵,
2391 1444 2507 1491 eas

381 1533 751 1605 obscurari
789 1556 978 1631 saepe
1008 1546 1080 1603 et
1111 1529 1346 1601 obrui.
1393 1529 1532 1601 Sed
1569 1554 1720 1600 non
1747 1543 1919 1600 sunt
1959 1531 2033 1598 iu
2067 1524 2201 1598 eo6
2243 1550 2506 1623 genere

380 1658 590 1714 tantae
629 1641 1175 1723 commoditates
1201 1643 1525 1737 corporis
1544 1693 1564 1719 ,
1598 1652 1895 1735 tamque
1927 1636 2292 1735 productae
2323 1649 2502 1706 tem-

384 1750 720 1849 poribus»,
771 1766 1061 1846 tamque
1097 1750 1363 1821 multae.
1403 1736 1694 1848 Itaque,
1738 1752 1811 1820 in
1850 1747 2152 1847 quibu5‚
2208 1761 2505 1844 propter

447 1941 564 1987 lm.
595 1955 615 1985 1
630 1973 641 1985 .
660 1938 764 1985 Uno
788 1948 951 1984 autem
968 1937 1134 1984 modo.
1152 1935 1283 1985 Gud.
1306 1952 1325 1983 1
1345 1948 1395 1985 et

379 2018 484 2064 Bas.
530 2028 721 2077 tamen,
763 2031 854 2080 pro
901 2027 1093 2077 autem,
1134 2032 1197 2063 ex
1232 2026 1397 2080 aperta

377 2097 554 2161 glossa.
577 2096 693 2145 Nou
715 2094 943 2144 viderunt
960 2095 1089 2143 enim
1107 2095 1280 2143 scriboe
1298 2096 1397 2143 vim

377 2177 430 2224 iu
451 2178 557 2223 Uno
575 2175 828 2240 proemisso
843 2209 859 2233 ‚
886 2186 942 2223 ut
964 2192 1063 2223 uno
1081 2186 1270 2223 tantum
1284 2212 1300 2237 ,
1320 2175 1397 2223 vel

376 2253 517 2301 unico
554 2253 726 2301 valeat.
759 2255 882 2301 Tum
912 2269 1110 2318 quoque
1132 2252 1398 2312 vidissent,

376 2342 536 2379 autem
573 2330 849 2379 transitioni
870 2364 886 2389 ‚
924 2343 984 2380 ut
1019 2331 1202 2395 ubique
1243 2331 1397 2389 solet,

375 2411 472 2458 hoc
496 2426 587 2458 suo
609 2410 722 2458 loco
744 2409 942 2458 servire.

447 2505 500 2538 α.
552 2491 722 2537 Totum
760 2504 827 2537 ex
867 2500 1044 2538 mente.
1083 2490 1172 2538 Est
1188 2523 1202 2545 ‚
1240 2486 1402 2536 reiner-

377 2566 538 2626 GeiseJ
568 2567 695 2616 ohne
728 2569 858 2615 Her-z
899 2571 1031 2630 (tout
1070 2567 1238 2632 espre‘e,
1278 2583 1398 2615 sans

374 2649 530 2709 σεται)
563 2665 582 2695 .·
624 2664 738 2695 mm
790 2649 841 2695 iu
890 2663 1156 2713 praegresso
1208 2646 1401 2695 animus

375 2736 634 2789 utrumque
654 2729 892 2790 jungitur.
910 2728 1040 2775 Hiuo
1064 2742 1240 2790 supra,
1262 2726 1398 2773 simi-

374 2805 437 2852 lis
488 2805 708 2869 quedam
761 2806 812 2852 in
867 2806 964 2853 hoc
1015 2821 1126 2853 cum
1186 2820 1398 2870 corpore

374 2901 506 2943 esse,
555 2883 747 2931 dixerut
789 2898 803 2932 ε
846 2884 1104 2931 affectibus
1139 2893 1400 2947 utrumque

374 2961 823 3019 commoventibus,
860 2973 953 3011 etc.
984 2962 1071 3026 qui
1096 2961 1160 3009 sd
1192 2974 1398 3010 mentem

376 3041 495 3090 nihil
520 3040 791 3106 pertinent.
812 3040 875 3087 G.

446 3118 494 3170 3.
510 3120 594 3167 Sin
612 3118 733 3166 dicit
741 3116 989 3165 obscurari
1003 3117 1246 3181 quadam.
1263 3123 1396 3170 Goer.

379 3209 559 3261 transp.
594 3197 669 3245 sin
698 3196 749 3244 d.
773 3196 1001 3261 quadam
1027 3196 1153 3247 obse.
1176 3215 1279 3247 uon
1305 3199 1398 3247 sd·

376 3276 564 3324 monito
588 3275 795 3333 lectore,
813 3284 1044 3338 notatque
1065 3277 1185 3324 :His
1204 3293 1398 3342 respon·

378 3356 520 3405 detur
550 3353 614 3402 sd
648 3370 730 3413 ea,
762 3370 872 3418 quae
909 3355 1017 3414 111,
1056 3361 1149 3414 14,
1188 3357 1255 3411 45
1294 3371 1395 3419 seq.

378 3435 710 3500 ponebantun
735 3445 784 3481 et
816 3432 937 3481 dicit
971 3432 1036 3481 sd
1066 3432 1397 3501 Chrysippum

378 3514 680 3563 referendum
697 3522 784 3559 est.
807 3514 930 3574 Quoe
943 3512 1033 3558 uisi
1065 3514 1296 3572 tenueris,
1315 3514 1401 3565 vix,

348 3582 351 3585 ¹
381 3604 427 3640 te
451 3608 513 3640 ex
537 3591 613 3639 his
643 3589 888 3654 expedies.
912 3589 1032 3636 Vult
1058 3591 1186 3639 euim
1209 3601 1403 3648 auctor,

381 3694 400 3711 ιι
422 3670 519 3718 vim
552 3686 710 3718 rerum
740 3684 1079 3733 corporearum
1110 3670 1175 3719 ad
1211 3671 1401 3719 virtutis

382 3749 687 3814 splendorem
708 3763 989 3795 evanescere
1010 3748 1106 3806 sic,
1131 3760 1184 3796 ut
1209 3750 1399 3797 nullum

382 3839 679 3877 momentum
702 3828 881 3876 faciant
898 3850 940 3875 ιο.

1484 1936 1631 1986 σείσω
1655 1936 1825 1995 ιεὶᾱὶῑς
1857 1946 2001 2000 atque
2037 1935 2100 1982 ita
2138 1948 2336 1998 quoque
2370 1934 2500 1982 Crat.

1484 2017 1641 2067 Debet
1659 2016 1854 2082 quidem
1869 2014 2006 2080 quod
2018 2030 2111 2079 pro
2124 2013 2211 2061 scd
2222 2013 2313 2061 Ιιοσ
2323 2012 2501 2077 accipi:

1484 2109 1535 2146 at
1577 2098 1628 2144 iu
1668 2096 1788 2154 hoe,
1832 2096 1920 2159 qui
1956 2093 2019 2140 ad
2054 2092 2266 2139 auctoris
2306 2091 2500 2138 dicendi

1485 2176 1724 2224 rationem
1747 2175 1837 2222 rite
1858 2171 2116 2221 attenderit
2131 2206 2145 2230 ,
2168 2170 2386 2218 nondum
2403 2169 2503 2233 ple·

1486 2271 1548 2303 ue
1566 2254 1855 2317 acquiescet.
1875 2248 2176 2315 Accipienda
2191 2251 2340 2313 igitur
2356 2249 2502 2296 eciam

1483 2334 1601 2393 erit,
1635 2332 1712 2380 vel
1735 2332 1828 2379 alin
1859 2330 1937 2378 via
1959 2329 2074 2378 ioco
2101 2327 2500 2377 succurrendum.

1485 2412 1590 2460 Nos
1609 2411 1805 2475 quidem
1826 2419 1944 2474 post
1967 2406 2110 2467 dicit,
2140 2406 2250 2454 item
2274 2406 2504 2454 excidisse

1480 2492 1752 2551 iudicamus
1768 2524 1782 2549 ‚
1807 2487 1943 2553 quod
1959 2521 1972 2544 ,
1995 2502 2085 2550 pro
2105 2485 2252 2533 etiam
2270 2485 2504 2550 positum,

1484 2568 1618 2617 haud
1635 2569 1777 2616 semel
1791 2585 1821 2615 a
1834 2565 2006 2614 scribis
2018 2565 2260 2625 abjicitur,
2273 2566 2337 2611 cf.
2355 2565 2503 2612 Beck.

1483 2646 1547 2694 sd
1586 2646 1738 2696 Arch.
1775 2648 1919 2694 Poet.
1948 2660 2008 2708 9,
2049 2645 2142 2702 32,
2179 2644 2265 2691 ubi
2288 2644 2431 2692 multi
2456 2655 2505 2690 et

1485 2725 1606 2775 boui
1652 2724 1799 2773 codd.
1841 2725 1966 2771 hauc
2006 2734 2133 2788 part.
2171 2724 2506 2789 intempestive

1482 2806 1726 2870 ignorant.
1753 2804 1914 2866 Hujus
1944 2802 2152 2868 glossam
2181 2815 2297 2867 puts
2320 2820 2347 2853 ι
2371 2802 2504 2853 Gud.

1487 2900 1516 2932 ο
1554 2884 1768 2933 additam
1798 2898 1811 2931 :
1847 2898 1958 2931 unm
1986 2882 2127 2930 eciam
2152 2897 2211 2929 eo
2245 2882 2384 2942 loco,
2406 2898 2505 2947 quo

1483 2964 1703 3028 ponitur,
1728 2963 1888 3011 miuus
1909 2961 2189 3025 probamus.
2211 2955 2276 3007 G.

1558 3038 1607 3091 5.
1652 3045 1777 3106 Quae
1816 3039 2031 3087 mim'moe
2077 3038 2174 3085 sim
2206 3038 2505 3101 leuptates.

1484 3121 1655 3170 Daris.
1694 3120 1921 3168 utilitates
1965 3115 2115 3164 scribi
2165 3116 2333 3163 suadet
2370 3132 2385 3165 ε
2421 3117 2509 3165 sed

1485 3215 1677 3247 causam
1721 3198 1951 3244 idoneam
1989 3194 2172 3242 nullam
2212 3194 2509 3259 dispicimus.

1485 3278 1611 3324 Nam
1641 3276 1776 3341 quod
1802 3274 1952 3322 modo
1987 3273 2218 3336 voluptas
2243 3276 2509 3338 praecessit,

1484 3356 1581 3404 hoc
1600 3355 1740 3403 nullo
1771 3353 1922 3402 modo
1941 3352 2005 3401 sd
2026 3352 2152 3401 hanc
2181 3353 2511 3414 conjecturam

1485 3433 1693 3482 invitare
1719 3431 1945 3481 debebat.
1971 3431 2210 3496 Epicurus
2238 3432 2366 3479 euim
2402 3449 2511 3481 cor-

1485 3513 1621 3578 poris
1659 3512 1960 3578 voluptstes,
1994 3510 2330 3576 voluptatibus
2363 3513 2512 3560 animi

1487 3602 1819 3655 comparatas,
1855 3589 2082 3639 minimas
2121 3589 2339 3647 dicebat,
2377 3590 2513 3657 illas·

1487 3687 1582 3735 que
1622 3669 1682 3718 ab
1718 3670 1796 3718 his
1831 3668 2085 3717 obscurari
2111 3678 2161 3716 et
2190 3666 2330 3715 obrui
2340 3702 2355 3723 ,
2395 3671 2428 3716 i.
2468 3687 2515 3717 e.

1488 3752 1585 3798 vim
1614 3766 1776 3797 earum
1796 3749 1949 3813 frangi
1969 3760 2017 3797 et
2043 3748 2275 3797 hebetan'.
2297 3748 2357 3796 G.

1563 3830 1616 3878 6.
1645 3830 1705 3876 In
1731 3844 1788 3876 eo
1809 3843 2003 3893 genere.
2022 3829 2061 3875 1.
2090 3844 2134 3875 e.
2160 3826 2254 3874 Ιιαο
2271 3843 2340 3875 ez·
2359 3838 2514 3890 parte.

454 3907 798 3970 4.Quodde'cic
815 3905 1045 3971 Epicurus
1059 3907 1122 3954 de
1136 3908 1402 3972 voluptate.
1494 3910 1612 3956 Htec
1660 3907 1804 3955 verba
1851 3907 2134 3955 reseruntur
2173 3906 2234 3955 ad
2278 3922 2332 3954 ca
2354 3943 2367 3964 ‚
2410 3923 2517 3969 quae

388 3985 522 4033 Nihil
555 3986 606 4035 h.
634 3987 669 4034 l.
699 3998 897 4035 monent
924 3990 1030 4035 VV.
1059 3988 1166 4035 DD.
1191 4003 1278 4034 cnr
1299 3988 1404 4034 haec
1495 3987 1834 4045 obscurantur,
1852 4002 1942 4033 nec
1966 3988 2433 4048 apparene.G.-In
2461 4001 2518 4031 eo

387 4065 458 4109 sic
500 4063 702 4129 abrupte
745 4066 986 4114 dicautur.
1045 4067 1239 4113 Sensere
1286 4066 1406 4113 adeo
1492 4081 1671 4128 genere
1714 4082 1801 4128 per
1842 4080 1891 4112 se
1932 4064 2046 4110 satis
2087 4062 2389 4127 intelligitur,
2427 4078 2518 4109 uec

390 4142 559 4189 scribae
594 4156 606 4189 :
639 4144 768 4191 (iud.
800 4161 828 4191 α
853 4146 981 4192 enim
999 4156 1111 4209 post
1144 4145 1374 4210 Epicurus
1394 4181 1409 4206 ,
1500 4156 1602 4207 eget
1635 4147 1807 4210 interp.
1832 4144 1926 4192 hac
1950 4160 2015 4191 ex
2034 4154 2192 4207 parte.
2275 4180 2282 4189 .
