3217 4784
684 346 825 425 386

1359 354 1452 420 Μ.
1506 350 1580 419 Τ.
1636 348 2121 421 CICERONIS

681 484 969 558 effectio
1010 485 1420 578 (κατόρθωσιν
1455 486 1648 553 enim
1694 484 1789 552 ita
1840 480 2127 578 appello
2153 534 2171 567 ‚
2220 480 2568 577 quoniam
2614 497 2820 552 recte

680 574 995 663 factum⁵
1025 590 1470 685 κατόρθωμα),
1500 598 1694 658 recta
1720 588 1938 683 igitur
1978 583 2297 673 effecti0‚
2344 589 2514 657 item
2544 608 2814 658 conve-—

681 704 991 785 nitentia,
1028 696 1343 795 denique
1383 702 1624 796 ipsum
1670 692 1987 781 bouum,
2034 694 2236 791 quod
2266 697 2341 764 in
2368 716 2459 766 eo
2493 697 2816 793 positum

681 825 789 884 est
816 865 836 898 ,
890 822 973 880 ut
1029 821 1303 878 naturae
1356 807 1796 892 consentiat,
1857 802 2273 876 crescendi⁶
2327 806 2809 885 accessionem

574 955 642 1016 ⁴6
683 920 951 993 nullam
1001 916 1239 988 habet.
1290 921 1392 987 Ut
1434 919 1631 991 enim
1691 917 2199 1014 opportunitas
2250 915 2408 1004 illa,
2459 916 2559 986 sic
2624 915 2816 997 haec,

677 1030 771 1102 de
799 1022 1065 1128 quibus
1097 1026 1278 1113 dixi4
1316 1040 1467 1098 non
1510 1025 1701 1097 fiunt
1740 1028 2094 1124 temporis
2133 1024 2620 1124 productione
2665 1046 2816 1096 ma-

670 1143 875 1236 joi-az
910 1140 1011 1211 ob
1056 1152 1362 1235 eamque
1393 1158 1680 1208 cai‘isam
1711 1138 1952 1208 stoicis
1992 1158 2141 1206 non
2190 1135 2478 1208 videtur
2515 1134 2806 1233 optabi·

679 1249 889 1336 lion,
921 1264 1056 1325 uec
1098 1251 1321 1345 magis
1367 1239 1773 1344 expetenda
1809 1245 2016 1318 beata
2045 1248 2226 1335 vita,
2282 1247 2342 1317 si
2401 1250 2493 1317 sit
2548 1245 2762 1342 longa
2788 1302 2807 1329 ‚

675 1373 892 1454 quam
944 1359 1002 1428 st
1057 1354 1341 1443 brevisg

1409 1368 1867 1454 utunturque
1920 1356 2155 1426 simili.
2203 1360 2304 1427 Ut
2352 1357 2408 1428 si
2463 1355 2803 1427 cothurni

675 1468 833 1539 laus
864 1467 983 1537 ina
1012 1480 1198 1538 esset
1219 1522 1238 1553 ‚
1266 1465 1357 1536 ad
1394 1464 1656 1564 pedem
1676 1479 1843 1564 apte
1876 1467 2262 1537 convenire
2281 1521 2300 1553 ‚
2335 1488 2574 1563 neque
2599 1466 2805 1536 multi

680 1580 1020 1650 cothurni
1056 1578 1303 1675 paucis
1330 1591 1970 1675 anteponerentur,
2013 1598 2150 1648 nec
2178 1577 2485 1672 majores
2519 1580 2809 1647 minori-

680 1688 819 1761 bus
861 1716 879 1758 ε

933 1692 1035 1760 sic
1076 1712 1389 1784 quorum
1453 1712 1673 1759 omne
1722 1686 2001 1758 bonum
2052 1688 2556 1758 convenientia
2593 1702 2808 1782 atque

675 1799 1220 1925 opportunitate
1258 1795 1530 1885 finitur,
1560 1814 1695 1868 nec
1732 1797 1938 1895 plura
1962 1795 2466 1895 paucioribus,
2494 1814 2629 1866 nec
2654 1795 2802 1865 lon-

571 1934 639 1999 47
676 1908 1059 2006 ginquiora
1110 1904 1566 1980 brevioribus
1612 1921 2169 2005 anteponentur.
2215 1908 2367 1979 Nec
2414 1928 2589 1977 vero
2637 1906 2807 1977 satis

663 2025 885 2089 acute
911 2009 1265 2088 dicunt⁸=
1303 2019 1375 2089 Si
1419 2017 1617 2088 bona
1652 2016 1977 2088 valitudo
2017 2017 2245 2114 pluris
2277 2016 2688 2088 oestimanda
2716 2016 2806 2087 sit

679 2127 928 2222 longa,
961 2148 1180 2222 quam
1214 2124 1495 2214 brevis,
1543 2128 1751 2225 sapie·
1730 2128 1910 2197 -atiae
1937 2148 2235 2223 quoque
2271 2150 2444 2197 usus
2482 2126 2805 2225 longissi-

677 2258 839 2305 mus
862 2232 1175 2331 quisque
1212 2236 1303 2308 sit
1343 2237 1662 2335 plurimi.
1707 2241 1874 2311 Non
1906 2237 2363 2335 intelligunt,
2399 2236 2809 2308 valitudinis

675 2344 1219 2417 aestimationem
1247 2348 1483 2446 spatio
1498 2347 1804 2443 judicari
1822 2372 1841 2437 ;
1869 2350 2154 2420 virtutis
2172 2403 2192 2434 ‚
2221 2350 2767 2447 opportunitate
2787 2373 2808 2431 ;

675 2464 757 2530 ut
793 2454 1177 2530 videantur
1205 2462 1331 2557 qui
1366 2456 1544 2532 illud
1573 2454 1813 2534 dicant
1830 2473 1883 2546 9,
1909 2460 2129 2533 iidem
2165 2461 2307 2533 hoc
2333 2485 2486 2532 esse
2514 2459 2810 2545 dicturi,

750 2692 800 2746 5.
820 2694 959 2745 Recte
956 2695 1168 2761 sactum.
1190 2700 1324 2747 Goer.
1349 2698 1495 2747 scrib.
1515 2684 1700 2749 rectum

669 2774 883 2839 sactum.
929 2772 1004 2824 Ita
1022 2810 1036 2833 ‚
1084 2777 1243 2840 inquit
1265 2812 1280 2836 ,
1324 2778 1479 2824 nostri
1506 2795 1704 2843 quoque

676 2857 845 2922 scripti
865 2873 880 2915 ς
920 2854 1057 2920 quod
1075 2857 1179 2905 sine
1202 2858 1327 2919 justa
1343 2875 1483 2909 eausa
1503 2859 1620 2909 Ern.
1635 2858 1701 2911 <ab

676 2951 785 3001 cap.
810 2937 890 2996 18,
913 2937 965 2984 iu
983 2938 1167 3001 rec-tes:
1178 2938 1401 2987 mutavit.
1425 2936 1520 2987 Sed
1539 2938 1700 2987 Brem.

676 3014 924 3079 vulgatum
960 3016 1071 3078 jure
1119 3015 1340 3073 reduxit;
1392 3030 1544 3081 quum
1576 3029 1703 3066 recte

661 3094 861 3156 sactum
881 3130 897 3153 ‚
922 3102 976 3143 ut
996 3094 1307 3159 participium
1329 3131 1343 3155 ,
1380 3097 1539 3143 minus
1574 3096 1700 3143 bene

677 3173 981 3222 substantivo
1023 3190 1183 3238 graeeo
1222 3174 1529 3239 respondeat.

748 3253 799 3302 ⁶.
825 3248 1084 3300 Crescenffi
1097 3253 1439 3302 accessionem.
1461 3256 1603 3303 Hauc
1617 3270 1698 3319 ge-

678 3330 841 3379 rundii
868 3338 1161 3379 structuram
1187 3328 1473 3382 illustratam
1499 3333 1612 3381 vide
1635 3332 1700 3382 ad

622 3400 627 3409 '
675 3408 864 3458 Acade.
893 3410 969 3466 11,
1001 3410 1063 3463 ai
1085 3443 1099 3466 ,
1143 3411 1259 3459 ηε.
1283 3412 1345 3459 c.

686 3504 693 3511 ·
749 3500 795 3547 7.
817 3484 991 3533 Stoicis
1019 3498 1170 3535 non...
1198 3486 1477 3552 optabilior,
1500 3498 1598 3540 etc.
1617 3488 1698 3537 Ad

673 3567 780 3615 hee
810 3576 924 3631 apte
952 3565 1142 3614 confert
1168 3565 1332 3617 Davis.
1366 3569 1612 3618 Plutarch.
1639 3566 1700 3617 de

673 3647 938 3710 Repugun.
959 3645 1137 3694 Stoice.
1157 3660 1210 3711 p.
1244 3644 1391 3708 1046,
1420 3667 1473 3709 ος
1493 3642 1700 3697 Advers.

676 3726 833 3774 Stoie.
861 3726 1009 3785 1061,
1038 3727 1092 3789 f3
1134 3724 1270 3793 Lips.
1301 3726 1598 3776 Manuduet.
1637 3726 1699 3773 ad

676 3802 827 3854 Stoic.
844 3806 970 3854 Phil.
992 3806 1089 3867 111,
1121 3806 1167 3857 3.

747 3888 798 3935 8.
822 3887 929 3934 Nec
948 3902 1072 3935 vero
1087 3887 1206 3935 satis
1223 3896 1367 3933 acute
1378 3878 1562 3933 dieunt.
1581 3882 1695 3932 Nou

674 3960 824 4013 Stoici
846 4003 861 4027 ,
891 3966 978 4014 sed
1005 3967 1089 4029 qui
1123 3964 1220 4013 illis
1246 3964 1522 4013 Stoicorum
1548 3963 1695 4013 ratio·

672 4042 817 4093 uibus
836 4054 1102 4092 occurrunt
1118 4077 1132 4100 ‚
1154 4040 1433 4091 Academici
1450 4078 1464 4100 ‚
1497 4052 1582 4091 aut
1608 4043 1694 4092 Pe-

672 4121 932 4185 ripatetici.
961 4121 1107 4169 Malis
1124 4120 1273 4185 igitur
1294 4123 1418 4170 forte
1444 4134 1555 4185 post
1576 4140 1691 4170 acu·

1789 2715 1860 2761 te,
1907 2682 2079 2753 contra
2110 2702 2375 2764 adjectum,
2414 2698 2552 2766 quod
2595 2717 2657 2750 eo
2697 2701 2810 2748 loco

1787 2782 1926 2831 facile
1950 2782 2174 2830 excidere
2198 2780 2576 2847 potuit.—-Quae
2597 2782 2811 2845 sequitur

1787 2860 2000 2922 obiectio
2041 2861 2206 2926 paullo
2253 2860 2512 2910 obscurius
2557 2876 2779 2925 expressa
2795 2896 2808 2913 2

1786 2941 1911 2989 hane
1939 2943 2037 2990 vim
2060 2942 2208 2990 habet
2232 2957 2245 2992 :
2278 2955 2382 2991 tum
2410 2940 2563 2991 modo
2585 2954 2713 2989 recte
2732 2957 2804 2988 sa·

1786 3019 1984 3084 pientia:
2031 3038 2170 3069 usum
2188 3058 2203 3083 ,
2249 3038 2394 3085 quam
2443 3020 2773 3085 longissimum
2792 3053 2807 3075 ,

1784 3098 1979 3163 plurimi
2005 3098 2282 3148 faciendum
2310 3118 2440 3159 esse,
2475 3102 2516 3146 si
2536 3098 2665 3145 bona
2687 3096 2807 3145 vali·

1785 3176 1908 3225 tudo
1933 3178 2086 3243 pluris
2113 3176 2392 3227 aestimanda
2409 3212 2426 3237 ‚
2453 3178 2493 3225 si
2520 3174 2692 3240 longa,
2713 3189 2814 3225 etc.

1784 3256 2029 3305 Posterius
2049 3260 2353 3305 enuntiatum
2377 3254 2487 3304 ideo
2506 3257 2807 3320 premissum

1784 3345 1901 3399 puta
1922 3370 1937 3395 ,
1966 3335 2200 3400 quoniam
2223 3334 2276 3382 in
2297 3332 2392 3383 hoc
2415 3335 2489 3381 vis
2513 3332 2810 3393 objectionIs

1784 3415 2019 3463 cernitur.
2047 3417 2174 3478 Quae
2208 3416 2311 3478 ipsa
2342 3430 2483 3461 cansa
2507 3423 2604 3469 est,
2644 3427 2731 3457 cur
2757 3409 2808 3456 in

1783 3493 2096 3543 consectariis
2144 3494 2242 3542 fere
2289 3490 2514 3540 omnibus
2564 3486 2811 3537 conditio-

1785 3572 1906 3621 nalis
1933 3571 2208 3621 enuntiatio
2238 3571 2561 3635 praemittitur.
2587 3568 2653 3619 G.

1857 3669 1907 3716 9.
1932 3651 2171 3718 Qm'illud
2184 3648 2374 3700 dicant.
2398 3644 2530 3697 Gud.
2563 3663 2590 3693 2
2624 3658 2672 3693 et
2695 3642 2803 3693 Bas.

1784 3730 1970 3779 dicunt.
2015 3734 2146 3780 Bene
2196 3746 2282 3793 per
2325 3745 2376 3775 se
2424 3724 2622 3789 quidem
2665 3739 2680 3774 :
2724 3723 2808 3771 sed

1785 3810 1976 3875 vulgata
1997 3810 2153 3874 proba
2173 3819 2245 3855 est
2264 3822 2443 3870 ,quum
2464 3805 2652 3864 valeat,
2675 3802 2810 3868 aqui

1785 3886 1910 3946 tale,
1971 3888 2112 3954 quale
2162 3885 2286 3934 illud
2332 3896 2404 3933 est
2425 3919 2440 3943 ,
2485 3884 2647 3933 dicere
2690 3901 2810 3951 pos-

1784 3978 1894 4016 sunt
1918 3990 1959 4017 ».
1980 3969 2040 4015 G.
2065 3993 2133 4004 ·-
2153 3967 2295 4013 Grut.
2317 3960 2609 4013 auctoritate
2632 3962 2735 4015 Pal.
2767 3980 2812 4019 ι,

1785 4044 1872 4095 tria
1911 4047 2014 4095 haee
2041 4042 2186 4093 verba
2226 4043 2484 4092 resecanda
2516 4040 2645 4101 vult,
2689 4057 2811 4094 tam·

1781 4142 1927 4188 quam
1954 4142 1981 4171 a
2010 4122 2295 4186 glossemate
2313 4122 2528 4172 lectoris.
