3217 4784
847 408 970 474 DE
1020 407 1194 477 FIN.
1250 407 1462 478 BON.
1516 411 1632 477 ET
1682 408 1896 477 MAL.
1951 413 2050 494 11,
2115 408 2217 479 13.

2428 415 2567 487 205

434 527 656 626 rentJ.
711 531 887 620 Quae
940 524 1171 627 quum
1226 531 1540 602 Aristoni
1579 546 1654 602 et
1689 530 2044 627 Pyrrhoni
2080 535 2382 607 omnino
2426 541 2570 609 visa
2610 551 2676 613 43

433 654 603 710 sunt
641 664 772 738 pro
807 640 1070 726 nihilo,
1107 655 1190 711 ut
1222 642 1410 711 inter
1439 645 1717 739 optime
1746 642 1982 712 valere
2007 698 2025 727 ,
2056 656 2130 715 et
2157 648 2573 741 gravissime
2606 672 2632 691 ·

433 765 816 845 aegrotare,
879 750 1061 820 nihil
1124 774 1419 846 prorsus
1479 749 1803 821 dicerent
1859 753 2317 842 interesse¹⁹,
2376 774 2573 829 recte

426 861 571 955 jam
620 860 903 958 pridem
958 873 1211 930 contra
1262 883 1388 961 eos
1431 859 1745 931 desitum
1802 874 1910 930 est
1952 861 2325 960 disputari.
2379 870 2571 937 Dum

424 974 629 1042 enim
661 974 736 1041 in
768 994 914 1042 una
943 971 1210 1041 virtute
1244 971 1346 1040 sic
1377 972 1621 1040 omnia
1655 993 1808 1041 esse
1837 969 2226 1044 voluerunt
2248 1027 2268 1059 ,
2301 988 2384 1045 ut
2415 1000 2574 1047 eam

434 1105 677 1152 rerum
703 1080 1089 1151 selectione
1109 1079 1593 1178 exspoliarent
1616 1090 1706 1167 ²⁰3
1747 1104 1883 1150 nec
1915 1081 1980 1149 ei
2015 1080 2576 1181 quidquam,aut

434 1192 631 1262 unde
678 1192 1012 1277 oriretur,
1071 1189 1364 1276 darent,
1411 1204 1537 1260 aut
1587 1190 1714 1260 ubi
1771 1192 2173 1277 niteretur;
2231 1198 2573 1267 virtutem

434 1303 700 1398 ipsam,
752 1325 979 1399 quam
1043 1299 1672 1398 amplexabantur,
1738 1299 2207 1373 sustulerunt.
2266 1306 2576 1379 Herillus

434 1425 675 1481 autem
712 1410 803 1482 ad
840 1412 1211 1482 scientiam
1242 1412 1487 1482 omnia
1529 1434 1912 1494 revocans,
1944 1434 2174 1480 unum
2206 1414 2576 1510 quoddam

433 1520 711 1592 bonum
754 1521 1055 1609 vidit213
1096 1520 1222 1592 sed
1277 1545 1412 1591 nec
1460 1522 1858 1616 optimum,
1907 1544 2040 1590 nee
2089 1546 2239 1617 quo
2277 1527 2420 1596 vita
2453 1552 2581 1623 gu-

433 1629 720 1702 bernari
788 1632 1030 1729 possit.
1098 1634 1356 1725 Itaque
1419 1627 1539 1698 hic
1602 1629 1756 1725 ipse
1822 1628 1976 1724 jam
2033 1629 2314 1726 pridem
2339 1643 2404 1675 ²¹
2473 1653 2581 1708 est

432 1855 592 1892 mnata
615 1858 642 1890 s
663 1846 788 1891 Dav.
809 1843 924 1891 Em.
952 1852 1001 1889 et
1028 1840 1245 1899 Bremio,
1271 1838 1457 1900 abjecta

435 1933 545 1971 ante
567 1922 709 1970 etiam
735 1937 762 1968 a
790 1919 1025 1969 lambino
1043 1954 1057 1978 ,
1080 1934 1232 1983 quum
1268 1919 1321 1966 in
1356 1919 1460 1979 ejus

435 2001 625 2063 optimo
648 2016 752 2048 non
772 2008 1138 2062 comparerent:
1162 1997 1212 2045 id
1234 1997 1367 2062 quod
1387 1998 1460 2045 in·

436 2077 497 2124 de
531 2075 678 2125 fidem
702 2077 897 2141 planam
916 2077 1120 2141 accipit,
1137 2094 1289 2141 quum
1315 2078 1458 2125 etiam

433 2157 624 2203 aMarsi
644 2155 723 2202 ed.
735 2152 914 2203 absint.
941 2156 1016 2203 Ne
1040 2168 1329 2220 repetamus,
1349 2172 1458 2221 quae

435 2246 509 2283 sat
535 2234 695 2297 gravia
722 2234 883 2281 Breuni
906 2235 1101 2282 monuit
1136 2234 1199 2282 ad
1225 2250 1460 2297 gramma-

435 2315 578 2362 ticam
607 2316 845 2361 rationem
858 2347 873 2372 ,
895 2324 943 2362 et
964 2313 1125 2378 ipsum
1146 2314 1247 2361 loci
1264 2330 1458 2361 sensum

434 2394 720 2456 spectantia.
761 2392 1016 2442 Addamus
1060 2393 1255 2457 potins,
1294 2393 1458 2440 locum

433 2472 565 2521 hunc
592 2488 790 2536 prorsus
808 2488 869 2519 ex
905 2488 1074 2520 eornm
1100 2488 1304 2521 numero
1322 2489 1456 2531 esse,

431 2553 494 2600 ad
511 2567 636 2615 quos
658 2550 842 2615 ubique
866 2551 1038 2599 scribae
1070 2551 1356 2615 glossemata
1371 2568 1456 2600 sua

432 2631 820 2696 appingantVix
838 2632 970 2679 enim
984 2645 1212 2694 nmquam
1232 2630 1313 2677 isti
1330 2641 1457 2678 stru·

432 2721 617 2759 ctnram
643 2710 871 2775 capiunt,
900 2710 987 2758 ubi
1015 2710 1215 2759 verbum
1236 2709 1455 2773 pramis-

433 2806 538 2838 sum
566 2790 728 2838 denuo
758 2790 962 2852 cogitari
992 2788 1155 2837 debet.
1174 2789 1227 2837 si
1245 2791 1373 2836 enim
1404 2789 1455 2837 in

432 2868 678 2933 praecedd.
704 2868 937 2915 vidissent
950 2868 1037 2929 ,ad
1057 2885 1108 2917 ν.
1132 2867 1354 2933 singulas
1372 2868 1457 2916 de·

433 2963 536 2995 nuo
561 2948 756 2996 addunt
773 2946 1116 3010 applicandum
1137 2963 1239 2994 esse
1257 2980 1273 3007 ,
1300 2946 1457 2995 turbis

431 3026 486 3075 h.
517 3029 551 3076 l.
583 3027 984 3091 supersedissent.
1013 3028 1072 3072 In
1094 3024 1318 3088 pluribus
1343 3027 1458 3090 qui-

432 3104 541 3153 dem
566 3105 713 3153 codd.
738 3105 960 3169 binisqffl
998 3105 1177 3152 nostris
1212 3103 1459 3153 honestate

432 3200 525 3248 pro
555 3184 811 3248 wltepcaee
846 3183 1056 3247 legitur:
1085 3183 1170 3231 sed
1202 3199 1262 3230 ex
1290 3199 1452 3230 corre·

434 3265 624 3321 ctione,
657 3274 713 3311 ut
733 3262 860 3310 clare
887 3262 938 3310 in
961 3262 1062 3311 Erl.
1090 3260 1336 3319 cernitur,
1372 3263 1458 3325 qni

434 3351 566 3390 totus
587 3356 615 3389 a
634 3341 720 3390 Pal
748 3358 766 3387 ι
793 3353 843 3389 et
873 3339 1263 3406 Spir.pendens,
1291 3341 1342 3386 in
1361 3339 1457 3388 hoc

431 3420 493 3468 ab
519 3421 599 3469 his
631 3421 870 3470 dissentit.
901 3422 964 3469 G.

508 3516 587 3563 ¹9·
634 3499 752 3547 Visa
779 3511 897 3547 seme
926 3515 1023 3563 pro
1067 3496 1299 3546 nihilo...
1337 3497 1464 3547 nihil

424 3596 624 3645 prorsus
648 3578 871 3627 dicerene
898 3577 1138 3627 interesse.
1165 3577 1308 3624 Putat
1324 3578 1456 3624 Ten-

429 3674 725 3719 nemannns,
743 3658 917 3707 Gesch.
944 3658 996 3705 d.
1021 3656 1203 3705 Philas.
1230 3667 1349 3705 tom.
1369 3659 1458 3715 lv,

430 3756 543 3805 pag.
573 3757 600 3788 a
615 3756 675 3803 19
690 3775 705 3799 ‚
733 3741 838 3788 haec
859 3753 1076 3803 pugnare
1099 3753 1211 3784 cum
1236 3737 1296 3784 iis
1314 3772 1330 3797 ,
1348 3753 1459 3801 quae

430 3820 555 3868 infra
595 3822 686 3878 lv,
718 3820 807 3878 16,
848 3818 912 3873 43
936 3855 951 3879 ,
978 3816 1039 3864 de
1074 3816 1152 3863 bis
1184 3815 1458 3864 duumviris

431 3900 679 3950 dicuntur.
700 3901 751 3948 Si
772 3898 896 3963 quid
915 3899 967 3948 h.
987 3898 1021 3948 l.
1047 3909 1296 3946 auctorem
1320 3912 1462 3945 accu-

432 3980 575 4039 saris,
598 3979 739 4029 facile
765 3981 806 4026 is
830 3979 922 4027 bac
962 3978 1064 4043 ipsa
1110 3977 1346 4024 brevitate
1373 3993 1459 4025 sua

432 4073 484 4104 se
507 4057 750 4108 desendet.
781 4058 940 4116 Infra,
963 4068 1136 4122 utpote
1164 4056 1279 4104 loco
1322 4072 1460 4105 com-

433 4136 681 4200 modiore,
703 4156 756 4185 ea
793 4138 852 4185 de
878 4154 928 4185 re
952 4136 1226 4186 accuratius
1248 4151 1458 4199 agemus.

1550 1840 1661 1886 Hoc
1686 1838 1798 1887 loco
1825 1839 1876 1887 id
1904 1849 2093 1888 tantum
2111 1856 2390 1899 monemus,
2416 1860 2477 1893 ne
2498 1862 2581 1896 vv.

1548 1940 1573 1959 ι-
1592 1918 1822 1966 omnino.
1840 1954 1882 1967 ..
1934 1935 2029 1983 pro
2056 1920 2212 1968 nihilo
2235 1954 2250 1978 ,
2298 1921 2445 1985 plane
2489 1941 2582 1989 pro

1547 1998 1706 2045 nihilo
1721 2020 1745 2039 ι·
1766 1997 1897 2047 dicta
1917 1999 2149 2062 accipias,
2169 2000 2302 2065 quod
2323 2011 2456 2049 vetat
2478 2020 2582 2052 ver·

1546 2077 1722 2126 borum
1750 2079 1941 2143 positus
1963 2094 1977 2128 z
2006 2078 2092 2126 sed
2111 2079 2311 2128 omniuo
2339 2080 2480 2137 vaiet,
2499 2105 2524 2124 α
2538 2084 2580 2130 si

1546 2157 1598 2204 in
1627 2157 1906 2206 universum
1950 2174 2052 2205 rem
2077 2170 2269 2223 spectes
2289 2181 2333 2208 n.
2378 2160 2460 2209 Sic
2485 2159 2579 2208 bos

1546 2235 1672 2283 duos
1695 2247 1869 2284 auctor
1903 2238 1956 2284 in
1983 2237 2189 2301 singulis
2231 2237 2467 2303 distingui
2487 2257 2578 2288 vo·

1544 2314 1652 2361 luit.
1681 2315 1910 2363 Ceterum
1936 2314 2044 2363 baec
2067 2317 2172 2381 ipsa
2201 2334 2364 2381 presse
2388 2319 2450 2367 ad
2477 2319 2576 2367 vir-

1547 2403 1700 2441 tutem
1739 2392 2054 2458 intelligenda
2090 2411 2221 2456 esse,
2258 2413 2335 2445 res
2368 2398 2470 2463 ipsa
2503 2398 2578 2448 lo·

1546 2472 1728 2536 quitur.
1764 2474 1828 2521 G.

1620 2566 1704 2600 ao.
1724 2552 1850 2599 Eam
1877 2567 1974 2601 rer.
2001 2551 2257 2599 selectione
2276 2570 2420 2619 exsp.
2448 2558 2574 2608 Nam

1544 2647 1697 2694 quum
1742 2642 1903 2680 cetera
1949 2632 2114 2680 omnia
2150 2646 2311 2683 essent
2347 2638 2573 2701 equalis,

1545 2710 1875 2759 indifferentia
1895 2745 1909 2768 ,
1960 2711 2082 2759 nihil
2149 2711 2360 2763 habebat
2421 2719 2574 2766 virtus

1544 2788 1682 2854 quod
1708 2791 1984 2854 praeferret,
2014 2790 2151 2854 quod
2174 2792 2410 2853 rejiceret.

1618 2884 1702 2917 at.
1732 2873 1888 2918 Unum
1932 2869 2181 2933 quoddam
2208 2871 2385 2920 bomem
2426 2875 2573 2924 vidie.

1543 2950 1652 2998 Bas.
1676 2949 1890 3012 quidem.
1918 2948 2016 2997 Sed
2036 2951 2105 2996 ita
2126 2965 2319 2996 necesse
2345 2967 2446 2999 non
2465 2964 2568 3001 est:

1543 3044 1672 3091 saepe
1690 3028 1819 3075 enim
1836 3029 1908 3075 sic
1935 3027 2092 3073 Latini
2111 3037 2223 3073 ante
2242 3026 2572 3078 adversativas

1545 3103 1744 3169 quidem
1784 3102 2093 3167 cogitandam
2120 3104 2374 3153 omittunt.
2403 3108 2571 3171 Quod-

1545 3182 1663 3229 dam
1683 3199 1840 3247 graeco
1857 3198 1996 3230 more
2009 3181 2222 3240 additur,
2248 3181 2293 3232 ἔν
2311 3200 2359 3232 τι
2378 3183 2569 3255 ἀγαθόν.

1620 3276 1705 3310 aa.
1731 3262 1827 3308 Hic
1854 3260 1954 3324 ipse
1969 3258 2079 3324 jam
2092 3259 2302 3324 pridem.
2336 3264 2573 3317 Praeteriri

1546 3353 1650 3386 non
1675 3338 1847 3396 debet,
1872 3337 2123 3387 subaudiri
2149 3340 2200 3388 in
2229 3340 2359 3405 ipse,
2385 3345 2533 3395 etiam
2551 3386 2567 3407 ,

1546 3418 1819 3483 respiciqne
1854 3418 1924 3466 sic
1953 3418 2016 3466 ad
2044 3418 2167 3467 illud
2192 3418 2300 3484 jam
2332 3425 2528 3488 pridem
2554 3463 2570 3486 ‚

1548 3495 1685 3561 quod
1708 3509 2033 3560 precesserat.
2063 3498 2208 3547 Haud
2228 3500 2364 3549 enim
2379 3520 2491 3554 raro
2518 3524 2573 3554 ea

1547 3576 1695 3637 hujus
1722 3578 2028 3641 pronominis
2073 3578 2148 3625 vis
2186 3580 2392 3629 offertur
2415 3618 2430 3639 ‚
2476 3602 2573 3649 qua

1548 3666 1719 3703 nostro
1742 3653 1982 3719 cbensalls
2007 3657 2290 3720 respondet.
2323 3661 2458 3711 Orat.
2482 3680 2573 3724 ao,

1548 3734 1618 3783 66
1635 3769 1650 3791 ,
1670 3755 1692 3776 ι
1715 3749 1918 3783 numero
1946 3736 2155 3784 maxime
2182 3736 2505 3802 videbantur,
2526 3756 2576 3791 et

1550 3830 1692 3863 versu
1719 3813 1955 3879 (differre
1994 3829 2214 3866 oratores
2250 3835 2280 3866 a
2321 3821 2521 3888 poetis)
2557 3838 2570 3872 ε

1549 3910 1682 3942 nunc
1708 3894 1841 3959 apud
1860 3907 2074 3944 oratores
2086 3898 2185 3957 jam
2213 3898 2354 3964 ipse(
2372 3900 2574 3957 bereits.

1550 3974 1817 4039 ebenfalls)
1838 3991 2070 4024 numerus
2088 3977 2356 4027 increbruit
2373 4003 2416 4031 a.
2439 3982 2573 4030 Nihil

1547 4056 1699 4118 igitur
1731 4065 1862 4110 erat,
1902 4069 1990 4103 cur
2011 4055 2080 4103 ibi
2113 4072 2271 4118 nuper
2295 4058 2397 4121 ipse
2423 4070 2574 4106 tenta-

1549 4145 1697 4181 retur.
1730 4133 1794 4181 G.
