3217 4784
666 412 800 499 164

1336 415 1433 482 M.
1487 415 1561 481 T.
1616 411 2094 483 CICERONIS

656 536 1169 633 Iosophorum‚
1211 559 1359 603 non
1419 548 1664 604 nostra
1703 533 1821 603 illa
1855 530 2124 603 forensi
2174 558 2189 600 :
2240 554 2462 627 quam
2494 555 2788 604 necesse

659 660 799 730 est,
835 669 1065 741 quum
1095 642 1537 740 populariter
1564 643 1927 740 loquatur,
1965 666 2118 712 esse
2147 640 2512 712 interdum
2543 641 2790 739 paullo

562 768 623 823 ιε
657 754 1107 827 hebetiorem
1125 765 1178 822 9.
1234 752 1370 824 Sed
1415 750 1589 822 dum
1637 752 2118 836 dialecticam,
2161 756 2557 848 Torquate,
2610 776 2787 822 con-

659 867 918 938 temnit
943 866 1323 961 EpicuruS,
1355 887 1517 959 quae
1545 885 1693 932 una
1722 863 2047 933 continet
2080 884 2375 931 omnem
2402 874 2475 931 et
2509 862 2787 957 perspi-

661 973 898 1046 ciendi
933 973 1109 1069 quid
1157 976 1230 1042 in
1281 996 1572 1069 quaque
1613 996 1692 1042 re
1728 975 1851 1059 sit,
1881 971 2288 1058 scientiam,
2316 984 2388 1041 et
2412 969 2786 1065 judicandi

661 1083 872 1182 quale
910 1082 1232 1180 quidque
1270 1084 1384 1167 sit,
1402 1096 1473 1153 et
1511 1082 1792 1153 ratione
1822 1105 1903 1152 ac
1943 1082 2052 1150 via
2085 1079 2501 1179 disputandi
2523 1091 2618 1168 ¹⁰;
2643 1083 2788 1150 ruit

664 1199 737 1265 in
768 1191 1105 1279 dicende,
1133 1205 1213 1261 ut
1257 1190 1432 1261 mihi
1470 1189 1767 1289 quidem
1809 1190 2114 1275 videtur,
2151 1214 2284 1261 nec
2311 1215 2428 1277 ea,
2461 1215 2619 1287 quae
2654 1188 2787 1261 do-

664 1328 826 1375 cere
850 1300 1181 1389 vult,ulla
1199 1315 1351 1372 arte
1378 1300 1781 1397 distinguit¹
1798 1309 1817 1342 ¹
1843 1314 1963 1371 :ut
1988 1299 2140 1369 haec
2167 1300 2354 1397 ipsa,
2378 1324 2542 1397 quae
2565 1300 2791 1372 modo

666 1410 1165 1510 loquebamur.

764 1527 1139 1595 Summum
1166 1545 1210 1599 a
1237 1519 1444 1592 vobis
1475 1520 1757 1592 bonum
1784 1518 2118 1616 voluptas
2144 1515 2425 1590 dicitur.
2460 1522 2800 1618 Aperien-

667 1632 840 1704 dum
880 1647 988 1704 est
1027 1634 1280 1729 igitur,
1320 1630 1499 1728 quid
1543 1631 1636 1701 sit
1672 1628 2006 1726 voluptas
2052 1654 2068 1697 ε
2109 1626 2313 1699 aliter
2351 1629 2543 1699 enim
2574 1628 2796 1726 expli-

738 1869 787 1918 9.
807 1852 1130 1901 Hebetiorem.
1159 1853 1200 1899 1.
1220 1867 1264 1899 e.
1283 1866 1382 1898 non
1412 1849 1487 1897 ad
1498 1849 1689 1910 vivum,

668 1943 723 1981 nt
749 1934 913 1992 aiunt,
942 1946 1043 1979 rem
1068 1939 1257 1977 resecat
1271 1947 1292 1986 ,·
1314 1927 1391 1976 vel
1406 1962 1423 1986 ,
1455 1928 1497 1975 si
1522 1928 1660 1976 malis
1676 1963 1692 1990 ‚

668 2012 815 2061 simili
838 2027 865 2059 a
893 2009 991 2059 telo
1020 2009 1278 2073 desumpto
1297 2042 1311 2066 ,
1350 2007 1413 2054 cs.
1452 2006 1513 2055 de
1537 2010 1689 2071 Resp-

669 2094 881 2153 Harusp.
921 2105 966 2148 1,
1002 2105 1051 2145 a,
1077 2086 1163 2135 ubi
1185 2086 1306 2135 ctela
1332 2085 1512 2135 leviora
1533 2095 1581 2133 et
1607 2085 1690 2133 be-

668 2170 882 2217 betioran»
891 2171 1190 2230 iunguntur:
1204 2177 1464 2229 utrumque
1482 2163 1545 2213 ad
1561 2163 1690 2212 idem

673 2248 770 2294 fere
798 2244 940 2293 redit.
963 2246 1024 2294 G.
1264 2302 1267 2305 y

749 2340 829 2374 ιο.
850 2323 1109 2372 Seleuciam
1125 2358 1140 2382 ,
1164 2334 1209 2370 et
1210 2323 1481 2389 judicandi
1502 2358 1517 2383 ,
1542 2323 1693 2387 quale

673 2405 886 2470 quidque
910 2403 991 2461 sit,
1023 2415 1072 2453 ee
1091 2403 1282 2452 ratione
1317 2420 1379 2452 ac
1401 2404 1492 2453 via
1527 2404 1693 2468 dispu-

674 2484 828 2533 candi.
862 2485 1015 2532 Brem.
1037 2482 1379 2531 difficultatem·
1395 2483 1492 2532 loci
1511 2483 1692 2541 sensit3

674 2563 758 2612 sed
785 2565 1048 2621 rationem,
1074 2562 1168 2625 ἐμω
1188 2578 1290 2609 eam
1324 2562 1555 2621 solveret,
1582 2560 1694 2608 iniit

675 2642 806 2690 baud
850 2640 1169 2705 probandam.
1215 2641 1521 2689 Auctoritate
1564 2640 1692 2687 enim

672 2721 765 2768 viri
792 2719 928 2766 «loeti
968 2718 1018 2765 in
1046 2719 1185 2765 Actis
1224 2718 1435 2765 Eruditt.
1463 2718 1663 2781 corrigit
1680 2750 1694 2775 ,

678 2822 703 2841 α
718 2808 765 2846 et
790 2797 1022 2844 rationem
1040 2812 1098 2843 ac
1120 2796 1244 2842 viam
1260 2817 1300 2842 a.
1324 2795 1357 2841 J
1359 2795 1522 2842 udicat
1535 2806 1697 2843 autem

674 2879 767 2926 hos
779 2876 1017 2924 ablativos
1028 2873 1353 2922 soloecismum
1369 2873 1544 2920 inferre
1560 2875 1698 2921 omni

562 2958 571 2967 ⁶
614 2950 622 2958 ⁶
677 2955 997 3023 grammaticae
1015 2954 1287 3002 adversum.
1306 2953 1402 3001 Sed
1422 2952 1593 3016 seipse
1619 2952 1698 3000 de-

677 3037 833 3102 cepit,
856 3051 1007 3103 quum
1044 3033 1189 3082 verba
1235 3054 1256 3075 ι
1279 3033 1464 3079 ratione
1488 3046 1544 3079 ac
1575 3033 1651 3079 via
1673 3054 1695 3075 ι

679 3133 782 3164 nou
810 3115 1054 3180 proxime,
1069 3111 1156 3160 sed
1172 3129 1258 3176 per
1270 3108 1423 3159 subst.
1444 3110 1697 3159 scienciam

681 3194 742 3243 ad
770 3193 983 3241 continet
1008 3191 1287 3239 referantur.
1314 3192 1401 3238 Est
1426 3190 1556 3238 euim
1583 3206 1700 3238 con·

681 3273 888 3320 structio
905 3305 922 3331 ‚
951 3294 975 3313 κ
1003 3270 1251 3319 dialectica
1281 3270 1501 3319 continet
1545 3272 1703 3319 scien-

686 3351 800 3398 tiam
844 3348 1123 3412 disputandi
1159 3349 1293 3414 (quo
1348 3346 1569 3416 modo?)
1621 3366 1700 3398 ra·

685 3429 819 3475 tione
845 3438 893 3474 et
920 3429 1057 3483 via»,
1078 3429 1113 3475 i.
1137 3444 1181 3475 e.
1203 3439 1255 3475 ut
1278 3427 1450 3492 vulgus
1466 3429 1704 3494 loquitur,

685 3504 965 3554 methodica.
988 3505 1274 3553 Tenendum
1299 3517 1457 3556 autem
1485 3520 1585 3566 est,
1615 3525 1703 3557 vo-

688 3599 791 3630 cem
819 3582 1092 3647 primariam
1127 3583 1290 3634 scient.
1331 3603 1482 3650 quum
1510 3587 1704 3634 initium

688 3662 936 3710 sententiae
964 3660 1096 3711 verb.
1125 3663 1340 3712 continet
1381 3676 1666 3728 occupasset
1687 3701 1703 3726 ,

686 3742 886 3806 proprie
905 3751 1022 3805 post
1033 3740 1313 3804 disputandi
1328 3744 1446 3806 poni
1467 3741 1705 3803 debuisse3

688 3819 773 3866 sed
795 3836 945 3882 quum
969 3819 1041 3866 sic
1066 3834 1222 3867 nexus
1248 3820 1535 3868 cohaerentia
1562 3820 1707 3870 altius

687 3898 1094 3962 suspenderetur,
1130 3899 1358 3948 consulto
1396 3910 1568 3947 auctor
1600 3916 1706 3947 eam

687 3977 738 4024 in
766 3976 921 4024 medis
946 3977 1178 4025 sententia
1206 3979 1402 4041 posuit,
1419 3989 1473 4026 ut
1492 3977 1552 4025 ad
1567 3994 1703 4044 seqq.

682 4057 930 4106 enuntiata
958 4055 1100 4103 simul
1118 4055 1455 4120 applicaretur.
1479 4059 1590 4104 Huc
1606 4058 1706 4105 fere

685 4139 846 4186 omnia
888 4135 967 4184 illa
1012 4134 1120 4183 loca
1163 4135 1406 4198 pertinent
1427 4172 1443 4198 ‚
1488 4134 1550 4183 ad
1595 4153 1706 4201 que

1774 1854 1905 1905 idem
1923 1855 2079 1905 subst-
2103 1855 2267 1906 denuo
2291 1854 2681 1905 subaudiendum
2703 1863 2795 1902 est.

1775 1935 1852 1986 cf.
1887 1934 2075 1984 Acadd.
2123 1938 2176 1994 1,
2209 1952 2265 1998 7,
2299 1937 2366 1989 26
2389 1949 2404 1984 ε
2427 1951 2527 1983 «ex
2551 1935 2613 1982 iis
2637 1944 2801 1982 autem

1777 2026 1898 2063 orne
1935 2014 2251 2064 aniinantium
2292 2016 2460 2063 forme
2474 2049 2491 2076 ,
2540 2028 2802 2077 earumque

1776 2109 1939 2141 rerum
1958 2091 2188 2162 (formae)
2216 2111 2326 2159 quat
2352 2096 2620 2161 gignuntur
2646 2112 2675 2143 e
2697 2104 2798 2143 ter-

1778 2187 1830 2220 rs
1848 2193 1891 2219 n.
1912 2173 2055 2237 Legg.
2077 2176 2150 2233 11,
2179 2175 2237 2234 5,
2277 2176 2337 2223 13
2361 2190 2375 2224 τ
2395 2175 2608 2239 «Neque
2647 2173 2802 2222 medi·

1778 2268 1946 2300 corum
1981 2266 2224 2318 precepta
2250 2254 2347 2302 dici
2368 2271 2477 2302 vere
2496 2252 2802 2319 (precepta)

1777 2331 2017 2395 possint».
2037 2332 2167 2379 Vide
2195 2331 2258 2379 ad
2294 2332 2485 2381 Acadd.
2513 2334 2590 2390 11,
2629 2330 2687 2391 8,
2716 2332 2800 2379 30.

1779 2410 1965 2458 Eodem
1993 2409 2138 2473 plane
2165 2409 2314 2457 modo
2344 2410 2490 2456 verba
2528 2425 2726 2473 quoque
2746 2408 2805 2457 fi-

1779 2488 1881 2535 nita
1907 2498 2176 2551 ponuntur.
2218 2486 2407 2559 Acgdd.
2440 2489 2488 2534 11
2505 2524 2519 2547 ‚
2547 2488 2606 2534 31
2626 2521 2641 2544 ‚
2686 2502 2802 2536 101.

1781 2565 2006 2613 Ceterum
2030 2564 2140 2626 pari
2161 2564 2348 2611 ntione
2381 2562 2486 2610 baec
2522 2564 2624 2627 ipsa
2652 2561 2802 2612 diale-
2861 2598 2864 2601 ι

1782 2643 1905 2690 ctica
1930 2645 2064 2690 Orat.
2101 2644 2176 2702 11,
2209 2644 2307 2705 38,
2352 2642 2638 2712 157zoArs
2679 2641 2805 2691 bene

1783 2720 2072 2781 disserendi,
2102 2733 2150 2769 et
2176 2739 2288 2769 vera
2308 2732 2357 2769 et
2381 2722 2498 2770 falsa
2537 2721 2805 2783 diiudican-

1783 2798 1871 2844 di»
1888 2831 1904 2858 ,
1932 2797 2140 2848 dicitur:
2164 2801 2299 2864 quod
2329 2801 2455 2848 enim
2483 2816 2543 2849 eo
2563 2800 2678 2849 loco
2694 2816 2806 2848 «ars

1781 2877 1907 2925 bene
1958 2877 2295 2940 disserendi»,
2347 2879 2400 2927 id
2446 2880 2542 2928 boc
2591 2892 2763 2929 nostro
2788 2913 2804 2940 ,

1784 2979 1808 2997 κ
1823 2955 2027 3004 scientia
2051 2959 2238 3007 ratione
2260 2969 2309 3007 et
2335 2958 2412 3007 via
2456 2957 2739 3024 disputandi
2755 2983 2804 3020 u,

1786 3036 2013 3086 variatur.
2050 3038 2112 3086 G.
2239 3078 2242 3081 .

1866 3129 1885 3163 ι
1900 3131 1947 3164 1.
1990 3118 2113 3181 Quoe
2154 3117 2328 3165 docere
2373 3117 2486 3166 vult
2501 3151 2518 3178 ,
2563 3116 2667 3166 ulla
2700 3127 2809 3165 arte

1788 3192 2060 3259 distinguit.
2093 3196 2171 3248 sic
2198 3212 2225 3243 e
2252 3196 2351 3246 Pal.
2382 3212 2401 3244 r
2433 3207 2681 3261 receptum
2703 3205 2806 3254 est,

1789 3288 1900 3321 cum
1932 3290 2031 3337 quo
2051 3274 2195 3321 etiam
2220 3276 2375 3323 nostri
2395 3274 2467 3323 illi
2487 3275 2590 3323 bini
2606 3276 2810 3333 faciunt,

1788 3353 1882 3399 nisi
1906 3351 2042 3416 quod
2062 3352 2165 3401 Erl.
2187 3351 2275 3400 illa
2301 3354 2486 3417 praebet
2504 3368 2518 3402 ε
2537 3351 2809 3417 quod,bac

1791 3431 1975 3495 protasi
2005 3431 2338 3494 praecedente,
2358 3448 2449 3480 nec
2475 3432 2635 3496 ipsum
2661 3430 2807 3479 abso·

1791 3524 1907 3556 num
1932 3509 2143 3558 videtur.
2172 3509 2268 3557 Sed
2291 3511 2343 3558 in
2366 3526 2486 3558 voce
2517 3522 2622 3558 arte
2637 3518 2811 3558 auctor

1790 3604 1880 3651 per
1897 3603 1947 3635 se
1967 3588 2269 3638 dialecticam
2313 3591 2545 3654 cogitasse
2564 3588 2812 3653 putandus

1793 3675 1862 3712 est
1879 3699 1895 3724 ‚
1930 3677 1980 3713 et
1999 3666 2103 3714 ulla
2127 3678 2259 3724 arte,
2288 3678 2342 3715 ut
2378 3683 2506 3730 sape
2541 3664 2691 3725 solet,
2717 3680 2811 3729 pro

1795 3761 1895 3792 «ex
1922 3744 2019 3792 ulla
2044 3757 2183 3810 parte
2218 3746 2281 3794 ad
2302 3746 2550 3794 dialectica
2569 3754 2812 3809 praecepta

1794 3824 2166 3872 convenienter»
2177 3859 2193 3883 ‚
2213 3826 2472 3890 accepisse.
2490 3824 2812 3888 Reliquorum

1795 3903 1944 3951 codd.
1988 3904 2205 3951 omnium
2251 3905 2427 3963 lectio,
2461 3920 2604 3969 «qnae
2629 3901 2805 3959 docet,

1793 3981 1901 4029 vult
1925 3981 2020 4029 ulla
2048 3993 2149 4029 arte
2195 3982 2428 4048 distingui
2449 4006 2500 4041 n,
2546 3983 2812 4032 scribarum

1793 4062 2004 4125 palatum
2040 4063 2199 4126 sapit,
2240 4075 2287 4113 et
2322 4076 2452 4113 recte
2490 4082 2519 4112 a
2547 4065 2659 4114 Π.
2692 4063 2808 4112 m).

1792 4140 1980 4203 abjecta
2009 4151 2099 4192 est.
2125 4143 2188 4192 G.
