3217 4784
699 513 789 531 m
796 513 885 532 m
891 512 1531 534 mmm-mmm
1538 512 2311 539 ”Um—”mmm
2325 520 2820 544 &mm

997 659 1197 762 JO.
1278 659 1631 763 AUG.
1709 661 2513 771 GOERENZII

1284 800 2220 939 iNTRoDUCTlo

1416 1014 1500 1058 AD
1530 1013 1853 1061 CICERONIS
1882 1016 2097 1061 LIBROS

877 1156 1000 1223 DE
1050 1156 1405 1227 FINIBUS
1453 1160 1912 1229 BONORUM
1958 1161 2070 1229 ET
2118 1161 2614 1230 MALORUM.

689 1424 900 1557 Qum
923 1456 1168 1521 aditum
1193 1457 1275 1521 ad
1303 1458 1423 1522 hos
1455 1458 1655 1522 libros
1684 1456 2144 1548 expeditiorem
2171 1460 2459 1547 aperiant
2478 1508 2497 1543 ,
2526 1483 2598 1526 ea
2620 1465 2816 1550 potis·

682 1565 917 1629 simum
948 1564 1071 1628 bac
1111 1564 1341 1653 triplici
1391 1565 1745 1654 quaestione
1779 1564 2327 1652 comprehendere
2372 1564 2630 1633 licebit:
2677 1591 2812 1658 quo

682 1686 973 1758 tempore
1017 1687 1083 1735 et
1117 1671 1237 1759 ipsi
1276 1670 1511 1760 scripti,
1542 1670 1832 1759 editique
1867 1670 1998 1734 sint
2022 1719 2040 1751 ,
2086 1658 2152 1734 et
2204 1693 2533 1736 sermones
2584 1694 2809 1739 eorum

678 1773 882 1839 habiti
927 1773 1295 1865 fingantur:
1341 1798 1485 1862 quae
1521 1774 1602 1839 sit
1649 1776 1931 1839 universi
1966 1775 2178 1862 operis
2223 1772 2607 1841 delineatio:
2643 1800 2808 1865 quos

679 1879 962 1969 denique
995 1903 1212 1943 rerum
1249 1896 1660 1944 tractatarum
1690 1897 1984 1944 auctores
2023 1881 2249 1944 Cicero
2274 1882 2354 1944 sit
2382 1882 2449 1944 in
2482 1882 2635 1970 ipsis
2672 1884 2805 1945 sin·

678 1986 842 2074 gulis
886 1984 1063 2047 libris
1109 2000 1447 2071 sequutus,
1490 1983 1590 2049 Ad
1642 1984 1782 2048 haec
1811 1984 1899 2064 si,
1937 2001 2255 2071 quantum
2296 1983 2434 2048 fieri
2488 2001 2553 2048 et
2594 2003 2806 2074 potest

676 2106 741 2155 et
783 2089 1123 2170 convenit,
1170 2089 1729 2178 responderimus,
1771 2088 1934 2153 facili
1978 2089 2078 2152 via
2115 2113 2249 2153 non
2298 2089 2509 2154 solum
2556 2114 2804 2174 errores

674 2194 852 2259 haud
912 2196 1098 2284 pauci
1153 2195 1689 2277 declinabuntur,
1740 2218 1910 2285 quos
1954 2217 2158 2282 quum
2208 2195 2332 2283 ipsi
2382 2195 2801 2285 interpretes»,

672 2316 809 2365 tum
845 2301 890 2364 ii
920 2300 1350 2379 admiserunt,
1377 2302 1492 2389 qui
1520 2301 1742 2365 usibus
1780 2302 1917 2365 aliis
1949 2302 2081 2365 suis
2117 2300 2236 2363 hos
2267 2301 2461 2364 libros
2494 2301 2804 2364 adhibue-

670 2425 861 2490 runt3
906 2407 1021 2472 sed
1069 2409 1342 2496 plurima
1393 2431 1658 2496 quoque
1709 2410 1847 2472 loca
1893 2431 2007 2470 sua
2052 2422 2285 2492 sponte
2328 2405 2685 2491 patebunt,
2733 2406 2798 2469 in

667 2514 901 2601 quibus
938 2515 1088 2579 alias
1130 2516 1277 2596 jure
1318 2515 1574 2578 baeseris
1609 2537 1627 2577 ;
1662 2530 1856 2599 atque
1899 2511 2170 2574 omnino
2212 2530 2283 2572 ea
2320 2506 2623 2591 habebis,
2660 2532 2802 2597 quae

665 2618 765 2683 his
794 2618 971 2684 libris
993 2619 1139 2701 jure
1169 2616 1618 2708 praemittenda
1650 2631 1853 2679 erant.
2056 2627 2063 2635 ’

750 2728 799 2790 Ι.
816 2729 913 2791 De
926 2724 1279 2791 scribendis
1302 2726 1497 2811 igitur
1514 2723 1616 2785 his
1630 2721 1810 2785 libris
1826 2721 2079 2809 integro
2100 2718 2439 2805 septennio
2465 2736 2795 2785 auctorem

660 2826 815 2896 ante'
838 2832 1183 2920 cogitasse,
1221 2848 1412 2917 quam
1450 2847 1561 2889 eos
1592 2823 1799 2888 editos
1831 2844 1972 2887 esse
1998 2822 2236 2886 scimus
2257 2870 2273 2901 ,
2295 2838 2474 2910 patet
2498 2846 2576 2889 ex
2600 2827 2793 2915 Legg.

662 2938 719 3019 1,
744 2959 798 3001 c.
817 2958 924 3018 20,
945 2933 1183 3021 522ubi
1201 2963 1225 2987 κ
1243 2930 1439 2995 finem
1459 2929 1789 2992 bonorum
1810 2937 2286 2991 'controversam
2305 2950 2440 2990 rem
2455 2928 2666 3011 »dicit,
2681 2961 2708 2986 «ι
2731 2948 2796 2996 et

656 3043 913 3130 plenam
945 3035 1358 3104 dissensionis
1392 3035 1562 3097 inter
1593 3033 2000 3096 doctissimos
2018 3080 2036 3114 ,
2062 3030 2174 3095 sed
2200 3032 2549 3119 aliquando
2578 3051 2791 3099 tamen

652 3144 1066 3228 judicandam
1093 3173 1141 3206 ιι.
1176 3140 1425 3205 Promit
1453 3138 1626 3203 idem
1660 3161 1924 3228 quoque
1949 3139 2012 3202 in
2045 3138 2147 3202 bis
2167 3186 2185 3222 ,
2217 3161 2362 3226 quae
2389 3137 2478 3202 ibi
2511 3160 2797 3229 sequun-

657 3270 798 3332 tur,
841 3248 1133 3314 eamdem
1168 3247 1371 3334 ipsam
1408 3246 1824 3327 sententiam,
1861 3268 2056 3333 quam
2089 3244 2157 3308 in
2186 3244 2366 3309 libris
2405 3244 2488 3310 de
2520 3246 2790 3312 Finibus

655 3353 1083 3441 amplectitur.
1108 3346 1375 3414 Dudum
1401 3366 1620 3414 autem
1646 3346 1910 3437 coepisse
1937 3348 2060 3412 sibi
2084 3349 2468 3412 Ciceronem
2492 3350 2789 3439 colligere

657 3459 988 3523 materiem
1010 3504 1027 3538 ,
1062 3478 1258 3544 quam
1307 3470 1372 3518 et
1405 3454 1646 3518 horum
1669 3503 1687 3536 ,
1726 3474 1892 3543 quos
1936 3452 2255 3518 edidimus
2276 3499 2295 3533 ,
2332 3453 2684 3538 librorum,
2725 3473 2790 3521 et

653 3566 1054 3651 reliquorum
1111 3564 1382 3626 omnino
1430 3561 2034 3649 philosophicorum
2082 3560 2351 3625 suorum
2405 3582 2787 3649 argumento

652 3670 1023 3733 inclusurus
1042 3683 1207 3749 erat,
1235 3683 1309 3730 ut
1334 3667 1524 3754 plane
1550 3666 1755 3730 multa
1783 3663 2018 3729 indicia
2040 3681 2196 3728 sunt
2221 3666 2342 3752 (cf.
2365 3689 2426 3731 v.
2456 3689 2511 3729 c.
2544 3667 2783 3733 Acadd.

650 3774 715 3854 Ι,
758 3773 827 3855 3,
881 3794 953 3837 11
977 3772 1036 3860 >2
1069 3772 1155 3835 ita
1185 3772 1316 3835 boc
1353 3771 1703 3834 maximum
1742 3770 2299 3856 certissimumque
2329 3771 2744 3836 statuendum
2766 3823 2782 3854 ,

650 3874 830 3965 quod
847 3923 864 3956 ,
893 3877 946 3939 si
979 3898 1130 3939 cum
1159 3876 1336 3939 libris
1368 3875 1451 3940 de
1479 3875 1830 3963 Republica
1857 3891 1922 3938 et
1949 3873 2029 3938 de
2059 3874 2337 3963 Legibus
2363 3875 2780 3941 Hortensium

649 3981 1007 4068 exceperis,
1050 3997 1261 4044 cetera
1299 3981 1435 4061 ejus
1470 3980 1915 4068 philosophica
1953 3981 2170 4043 omnia
2206 3980 2361 4043 anni
2390 4002 2780 4068 paucorum-

651 4107 777 4172 que
826 4086 1148 4149 mensium
1194 4087 1402 4174 spatio
1447 4085 1743 4150 absoluta
1784 4102 1850 4149 et
1886 4085 1957 4147 in
2001 4084 2331 4171 publicum
2374 4085 2602 4149 emissa
2643 4111 2779 4154 esse

647 4205 917 4255 constat.
967 4192 1097 4254 Tot
1139 4206 1354 4255 autem
1403 4192 1559 4255 varii
1606 4190 1860 4281 generis
1905 4189 2136 4276 scripta
2179 4188 2427 4254 tantillo
2472 4195 2778 4281 temporis
