3217 4784
1076 387 1871 457 ARGUMENTUM.
2402 391 2534 473 [131

490 509 674 581 uiant,
702 528 757 566 v.
776 528 826 566 c.
852 508 1097 567 alterum
1125 527 1257 566 cum
1282 506 1633 579 valitudine,
1659 509 1902 566 alten-mn
1929 525 2060 565 cum
2081 506 2324 582 morbo,
2353 521 2547 569 utrum

490 621 695 666 natura
723 607 871 665 duce
902 606 1178 684 sequaris.
1204 610 1578 665 Honestatem
1609 621 1802 665 autem
1837 619 2058 665 tantum
2085 604 2254 665 rebus
2276 608 2546 667 omnibus

486 705 833 782 praevalere,
862 715 927 761 ut
967 702 1130 761 nullo
1164 721 1271 759 nec
1304 714 1560 774 terrore,
1594 720 1706 760 nec
1746 722 1850 780 spe
1882 701 1956 760 ab
1981 722 2088 774 eo,
2134 703 2294 780 quod
2324 719 2546 765 rectum

486 821 609 861 esse
650 801 1006 871 decreverit,
1051 798 1456 856 dimoveatur:
1502 798 1655 856 dura
1699 811 1894 857 autem
1946 800 2306 879 adversaque
2352 805 2545 861 omnia

485 897 799 957 virtutibus
828 897 954 963 his,
996 893 1210 971 quibus
1257 914 1293 951 a
1334 906 1543 952 natura
1582 894 1850 953 instructi
1889 896 2101 970 simus,
2149 898 2383 957 elevari.
2428 903 2548 959 Has

484 995 720 1073 quidem
754 1012 878 1051 esse
909 1011 1017 1049 nec
1051 988 1268 1069 adeptu
1308 991 1530 1064 faciles,
1556 1011 1665 1050 nec
1698 1010 1818 1049 non
1848 992 2040 1070 magni
2074 993 2361 1054 faciendas
2389 995 2548 1075 (alias

487 1093 641 1150 enim
669 1110 788 1148 non
829 1101 1051 1147 tantum
1080 1089 1143 1146 in
1175 1088 1393 1147 virtute
1424 1089 1680 1167 pretium
1719 1089 1896 1167 foret)
1924 1112 1938 1146 ε
1972 1090 2072 1148 sed
2103 1091 2217 1150 hoc
2244 1112 2368 1152 esse
2381 1094 2546 1171 jndi—

483 1187 762 1259 candum,
791 1205 909 1245 non
948 1186 1007 1243 in
1038 1186 1128 1244 his
1155 1184 1229 1244 ad
1262 1184 1433 1244 beate
1458 1185 1770 1244 vivendum
1799 1187 1985 1245 inesse
2015 1188 2294 1266 pleraque
2330 1192 2544 1248 omnia.

485 1284 772 1356 Omnino,
792 1303 921 1361 qnae
948 1287 1107 1340 Zeno
1134 1283 1194 1341 in
1224 1282 1604 1356 oestimandis,
1631 1282 1957 1355 sumendis,
1990 1296 2211 1342 naturae
2237 1287 2419 1364 aptis,
2445 1309 2546 1345 nn-

485 1383 753 1454 merarit,
780 1382 906 1440 haec
928 1381 1041 1440 illis
1071 1380 1228 1439 bona
1258 1382 1570 1460 appellari:
1600 1383 1779 1440 vitam
1809 1395 2000 1440 autem
2024 1379 2251 1442 beatam
2279 1399 2547 1444 constare

482 1481 543 1537 in
585 1480 796 1538 horum
840 1478 1133 1536 bonorum
1168 1479 1433 1556 plurimis
1470 1490 1530 1536 et
1572 1479 1858 1540 maximis.
1909 1483 2197 1537 Zenonem
2241 1496 2443 1541 contra
2484 1486 2543 1542 id

486 1579 672 1636 solum
701 1576 921 1636 bonum
955 1575 1180 1646 dicere,
1217 1574 1376 1651 quod
1414 1594 1483 1632 ex
1527 1593 1651 1632 sese
1687 1574 1817 1652 ipso
1854 1576 2246 1652 appetendum
2287 1578 2398 1649 sit;
2456 1582 2544 1638 vi-

480 1686 715 1752 tamque
738 1671 965 1731 beatam
994 1672 1054 1728 in
1082 1670 1205 1727 sola
1234 1670 1448 1728 virtute
1475 1671 1822 1743 consistere,
1860 1677 1892 1744 S
1923 1671 2123 1745 57-60.

560 1774 649 1828 De
684 1790 748 1828 re
786 1770 939 1826 inter
969 1774 1251 1844 uniusque
1283 1767 1503 1824 nullam
1540 1767 1599 1824 in
1634 1766 1726 1825 his
1754 1786 1877 1825 esse
1910 1768 2322 1827 dissensionem
2349 1792 2364 1827 :
2391 1771 2542 1831 idem

481 1867 723 1938 sentire,
760 1864 1128 1923 commutatis
1155 1863 1334 1921 modo
1362 1863 1573 1922 verbis.
1615 1870 1824 1942 Neque
1861 1864 1923 1922 id
1963 1870 2254 1923 Zenonem
2293 1886 2410 1925 non
2450 1867 2540 1927 vi-

480 1962 659 2034 disse3
694 1963 797 2020 sed
820 1962 1135 2040 magnificis
1160 1959 1352 2020 verbis
1380 1980 1504 2019 esse
1534 1961 1902 2020 delectatum.
1935 1964 1996 2022 Si
2034 1964 2187 2021 enim
2227 1965 2311 2022 ita
2338 1966 2539 2042 plane,

478 2075 544 2121 ut
574 2062 763 2133 dicat,
791 2062 1055 2133 sentiret,
1076 2061 1295 2118 nullum
1323 2061 1479 2118 inter
1502 2061 1723 2138 ipsum,
1745 2061 2103 2137 Pyrrhonem
2129 2076 2186 2121 et
2208 2064 2538 2121 Aristonem

480 2161 633 2219 soret
658 2160 964 2218 discrimen
983 2204 1000 2232 ‚
1028 2166 1059 2232 5
1087 2161 1189 2231 60,
1227 2161 1323 2217 61.
1354 2159 1648 2218 Admonet
1669 2159 1881 2219 deinde
1904 2165 2182 2219 Catonem
2209 2163 2439 2233 cicero,
2476 2176 2539 2219 ut

479 2280 539 2317 se
581 2257 653 2316 ad
696 2270 916 2316 veteres
948 2256 1331 2317 Academicos
1353 2258 1648 2335 accingat,
1675 2271 1859 2334 prout
1885 2257 1982 2316 ille
2022 2259 2182 2317 hunc
2211 2259 2283 2317 ad
2315 2262 2538 2338 ample-

476 2356 747 2414 ctendam
781 2355 1037 2414 Stoicam
1063 2354 1347 2411 rationem
1382 2353 1722 2410 cohortatus
1761 2367 1887 2410 erat
1924 2354 2073 2434 (III,
2117 2358 2182 2427 3,
2225 2356 2345 2435 ιο),
2385 2360 2542 2428 §60-

479 2454 574 2511 63.
627 2452 828 2530 Carpit
880 2450 1091 2509 deinde
1136 2450 1540 2509 similitudines
1586 2450 1863 2522 istorum,
1909 2464 1972 2507 ut
2018 2452 2089 2509 ad
2139 2470 2261 2510 rem
2302 2454 2542 2512 minime

477 2563 679 2628 aptas;
708 2563 770 2606 nt
797 2548 872 2606 de
903 2570 973 2606 ex
1003 2550 1123 2606 alto
1145 2547 1602 2625 emergentibus,
1637 2560 1695 2605 et
1728 2547 1803 2605 de
1835 2548 2039 2606 catulis
2069 2548 2304 2627 jamjam
2340 2550 2539 2629 dispe-

478 2647 693 2719 cturis,
722 2646 793 2704 ad
824 2644 1285 2723 progressionem
1316 2645 1376 2701 in
1401 2644 1619 2702 virtute
1646 2663 1827 2723 prave
1851 2646 2335 2705 accommodatis:
2367 2648 2537 2706 simul

476 2744 650 2802 etiam
682 2762 881 2801 eornm
910 2741 1255 2800 sententiam
1284 2740 1559 2818 exagitat,
1596 2761 1714 2819 qna
1742 2743 2203 2820 progressionem
2242 2744 2312 2802 ad
2343 2745 2536 2802 virtu-

478 2853 590 2898 tem
614 2840 739 2897 fleri
763 2839 989 2911 dicant,
1020 2838 1367 2897 levationem
1392 2838 1670 2895 vitiorum
1697 2852 1933 2915 negent,
1967 2846 1998 2911 §
2024 2840 2219 2908 64-68.

534 2936 801 2997 'Causam
827 2939 1093 3008 istarum,
1130 2936 1342 3014 quibus
1379 2958 1439 2995 se
1463 2937 1644 2996 Stoici
1677 2938 2079 3016 impedierint,
2116 2940 2538 3016 angustiarum,

481 3038 538 3094 in
561 3056 630 3093 eo
652 3031 1021 3111 quaerendam
1045 3052 1194 3106 esse,
1234 3034 1391 3110 quod
1426 3054 1711 3092 summum
1735 3034 1951 3092 bonum
1973 3054 2043 3090 ex
2067 3035 2317 3110 gloriosa
2339 3050 2536 3092 osten-

477 3134 691 3190 tatione
719 3129 885 3188 aliter
920 3129 1367 3186 constituissent.
1407 3129 1553 3188 Inde
1591 3131 1701 3187 ista
1743 3142 1910 3186 enata
1953 3150 2106 3200 esse,
2136 3151 2298 3208 quae,
2340 3133 2532 3209 quoad

476 3228 686 3299 verba,
724 3227 835 3285 illis
859 3225 1141 3283 Aristonis
1169 3225 1259 3282 vel
1286 3225 1576 3283 deteriora
1599 3224 1917 3302 judicanda
1945 3226 2092 3282 sint:
2118 3246 2246 3303 quae
2277 3240 2532 3286 tractan-

477 3341 571 3387 tur
599 3324 834 3384 uberius
856 3366 872 3395 ,
901 3330 932 3395 S
960 3323 1166 3395 68-72.
1211 3321 1325 3381 Sed
1366 3326 1658 3379 Zenonem
1697 3341 1826 3379 cum
1857 3323 2133 3381 Aristone
2161 3322 2378 3395 verbis,
2415 3346 2531 3383 non

472 3444 565 3496 re,
607 3421 967 3489 consentire;
998 3431 1061 3475 ut
1091 3432 1294 3476 contra
1327 3437 1459 3475 cum
1489 3416 1796 3475 Aristotele
1830 3430 1888 3474 et
1911 3417 2272 3476 Academicis
2296 3438 2389 3492 re,
2414 3442 2531 3479 non

469 3520 690 3591 verbis,
719 3517 1031 3595 conspiret.
1054 3522 1164 3572 Ant
1205 3515 1381 3592 igitur
1409 3514 1617 3571 usitate
1643 3512 1999 3590 loquendum
2025 3514 2162 3573 huic
2190 3516 2393 3590 fuisse,
2434 3533 2534 3577 aut

470 3613 795 3675 docendum
815 3655 832 3684 ,
881 3610 1197 3689 paratiores
1249 3609 1515 3666 homines
1566 3607 1692 3665 fieri
1733 3628 1785 3666 v.
1833 3629 1881 3665 c.
1930 3609 2006 3666 ad
2055 3609 2287 3669 divitias
2330 3627 2534 3671 conte-

468 3712 779 3784 mnendas,
830 3711 878 3767 si
925 3709 1014 3766 hae
1059 3709 1118 3764 in
1174 3707 1532 3785 praepositis,
1591 3726 1765 3784 quam
1821 3707 1864 3762 si
1919 3707 1975 3764 in
2025 3706 2194 3766 bonis
2235 3723 2534 3787 putentur,

470 3818 501 3882 S
529 3831 636 3883 72,
680 3811 775 3882 73.

552 3906 641 3965 Ad
676 3908 843 3964 finem
887 3905 961 3962 de
1002 3906 1301 3982 παραδόξοις
1327 3944 1344 3972 ,
1385 3921 1512 3978 quae
1559 3901 1675 3959 dici
1722 3903 1848 3960 vult
1888 3906 2284 3978 admirabilia,
2338 3908 2529 3969 addit.

469 4006 804 4060 admirandi
817 4000 1291 4076 controversiqne
1318 3997 1476 4076 quod
1506 3998 1790 4071 habeant,
1815 4002 2091 4058 continno
2115 4002 2339 4074 cadere,
2350 4025 2526 4082 quum

471 4097 543 4155 ad
583 4118 648 4156 ea
685 4100 924 4176 propius
970 4099 1306 4169 accesseriS,
1334 4111 1387 4157 ct
1429 4117 1559 4173 qnae
1598 4098 1808 4175 cuique
1855 4098 1938 4153 rei
1972 4098 2133 4156 notio
2171 4099 2525 4175 subjiciatur,
