3217 4784
849 472 975 538 DE
1023 470 1194 539 FlN.
1250 471 1454 538 BON.
1509 472 1623 538 ET
1672 470 2075 556 MAL.-111‚
2120 473 2188 554 4.

2435 471 2562 557 34ι

458 590 634 660 tudo
669 589 1009 662 diuturna
1055 591 1254 661 trivit
1284 619 1298 661 ε
1349 589 1527 687 quid
1563 614 1813 661 censes
1846 593 1925 662 in
1955 591 2180 662 latino
2221 591 2420 664 sore?
2455 599 2577 664 Fa·

455 698 789 771 ciendum
844 698 919 770 id
967 698 1263 797 quidem
1310 713 1417 769 est
1445 709 1528 785 ¹¹,
1578 703 1899 796 inquam.
1953 704 2018 770 Si
2060 702 2249 772 enim
2304 704 2576 773 Zenoni

457 810 691 895 licuit,
718 834 947 906 quum
975 834 1127 880 rein
1153 810 1469 905 aliquam
1506 810 1896 882 invenisset
1921 813 2355 900 inusitatam,
2380 814 2576 884 inau-

454 917 687 990 ditum
717 944 1016 1016 quoque
1047 920 1113 990 ei
1151 921 1255 989 rei
1282 930 1549 989 nomen
1587 921 1996 1016 imponere,
2030 946 2161 993 cur
2190 947 2344 993 non
2373 922 2578 994 liceat

455 1030 715 1099 Catoni
739 1028 846 1097 ¹²?
873 1030 1025 1100 Nec
1059 1042 1299 1099 tamen
1322 1029 1625 1126 exprimi
1644 1027 1944 1099 verbum
1985 1055 2024 1100 e
2046 1029 2269 1102 verbo
2289 1055 2577 1103 necesse

455 1139 626 1220 erit,
681 1151 761 1208 ut
806 1137 1236 1234 interpretes
1284 1137 1612 1209 indiserti
1659 1138 1941 1225 solent,
1993 1164 2220 1236 quum
2275 1142 2366 1211 sit
2418 1167 2577 1214 ver-

460 1245 637 1318 bum
659 1299 679 1331 ,
714 1244 864 1344 quo
893 1245 1085 1318 idem
1113 1247 1461 1334 declaret,
1486 1249 1710 1344 magis
1739 1250 2082 1320 usitatum
2106 1245 2191 1317 ¹³.
2227 1251 2578 1347 Eqmdem

454 1357 656 1429 soleo
695 1358 934 1442 etiam,
978 1355 1181 1454 quod
1216 1382 1367 1429 uno
1397 1360 1664 1445 Graeci,
1708 1359 1765 1429 si
1806 1358 2015 1429 aliter
2050 1383 2201 1429 non
2243 1383 2536 1456 possum
2559 1416 2578 1447 ‚

456 1467 644 1539 idem
688 1467 1020 1566 pluribus
1064 1467 1301 1540 verbis
1338 1492 1724 1565 exponere.
1766 1474 1854 1539 Et
1903 1482 2144 1539 tamen
2179 1484 2362 1566 puto
2401 1495 2576 1541 con·

408 1633 417 1643 .
453 1577 612 1649 cedi
632 1576 843 1649 nobis
867 1592 1228 1675 oportere,
1255 1591 1338 1648 ut
1361 1601 1592 1674 graeco
1621 1576 1848 1648 verbo
1867 1590 2179 1663 utamur,
2208 1578 2580 1674 siquando

454 1690 696 1759 minus
735 1702 1066 1759 occurret
1106 1687 1407 1757 latinum
1432 1740 1451 1771 ,
1491 1711 1587 1757 ne
1625 1685 1766 1757 hoc
1805 1685 2243 1783 ephippiis¹4
2283 1701 2355 1757 et
2387 1710 2579 1756 acra-

454 1903 581 1941 terea
607 1892 743 1957 quod
765 1908 919 1956 pravo
942 1888 1056 1940 loeo
1084 1892 1301 1957 ponitur,
1329 1891 1472 1955 friget

452 1972 598 2020 etlam
620 1972 871 2036 quondam
903 1971 1228 2036 proeeedrnte.
1270 1972 1323 2019 P.
1359 1972 1472 2018 Ma·

453 2059 563 2098 nut.
584 2065 648 2097 ex
663 2051 861 2113 iugenio
874 2050 1036 2109 «ledit,
1058 2066 1252 2098 «rerum
1273 2051 1473 2099 nomina

455 2142 689 2176 novarum
715 2143 841 2175 nova
871 2127 1013 2175 vid.»
1038 2144 1245 2192 eumque
1279 2128 1473 2193 sequuti

451 2217 569 2254 sunt
610 2205 778 2255 Lamb.
825 2207 969 2255 Grut.
1013 2208 1178 2255 navis.
1227 2207 1314 2255 sed
1352 2207 1472 2255 falso

454 2286 646 2349 podtu3
682 2295 854 2333 auctor
882 2286 1149 2350 scripsisset
1174 2306 1200 2327 e«
1233 2302 1363 2333 nova
1397 2302 1473 2334 re-

453 2381 561 2412 rum
595 2381 832 2414 novarum
869 2367 1067 2415 nomina
1088 2403 1102 2428 ,
1124 2388 1150 2407 ι·
1182 2366 1318 2430 quod
1340 2365 1474 2414 idem

452 2454 624 2492 contra
648 2445 892 2493 Bremium
918 2444 1242 2503 monendum,
1264 2444 1350 2507 qui
1369 2444 1475 2508 ipse

454 2521 516 2569 de
536 2538 651 2581 suo,
688 2522 964 2570 «novarum
982 2538 1143 2570 rerum
1161 2523 1360 2570 nomina
1386 2538 1477 2569 no-

452 2617 510 2648 va
534 2621 584 2660 a,
607 2600 777 2649 edidit.
795 2601 872 2650 Cf.
891 2618 1038 2668 supr:
1055 2600 1088 2665 S
1116 2602 1164 2648 3.
1191 2601 1373 2649 Nostra
1402 2611 1476 2648 tot

449 2680 642 2744 seriptis
659 2679 974 2744 comprobata
1000 2678 1148 2727 lectio
1174 2679 1358 2742 optima
1379 2690 1474 2727 est.

450 2759 677 2806 Genitivs
695 2769 857 2806 autem
880 2769 1127 2823 regentem
1154 2772 1318 2805 casum
1336 2774 1475 2806 suum

452 2836 826 2902 complectentis
843 2837 1022 2901 sepius
1047 2849 1312 2885 occurrunt
1329 2873 1344 2898 ,
1358 2854 1406 2884 v.
1432 2853 1476 2886 c.

452 2916 600 2978 Legg.
627 2917 702 2962 111
711 2946 727 2969 ,
772 2927 857 2973 xo,
899 2916 987 2962 23.
1029 2914 1168 2964 Adde
1196 2932 1258 2963 ex
1292 2916 1477 2980 ingenti

451 2992 674 3040 locorum
682 3026 698 3049 ,
734 2996 878 3055 quem
920 2991 1231 3056 collegimus,
1270 3010 1476 3042 numero

452 3072 575 3135 hcc,
593 3074 730 3121 Orat.
750 3074 846 3135 111,
866 3075 950 3135 37,
985 3073 1082 3120 150
1098 3088 1111 3121 ε
1128 3096 1153 3116 ιι
1172 3077 1231 3121 ln
1250 3075 1349 3123 hoo
1371 3092 1477 3124 ver-

453 3149 628 3199 borum
655 3166 827 3215 genere
852 3151 1164 3216 propriorum
1182 3174 1232 3211 a,
1260 3162 1308 3200 et
1332 3170 1476 3217 supra

454 3228 560 3275 Fin.
578 3231 653 3289 11,
675 3231 723 3288 3,
754 3247 779 3290 7
800 3243 816 3278 :
834 3251 859 3271 σι
877 3244 978 3277 non
1004 3244 1125 3287 suo,
1152 3228 1239 3277 sed
1265 3230 1478 3294 populo·

454 3322 562 3355 rum
578 3307 809 3371 suffragio
835 3306 1050 3355 omnium
1064 3340 1080 3365 ‚
1106 3318 1201 3358 etc.
1222 3329 1246 3348 π

531 3402 551 3434 1
566 3402 611 3435 ι.
639 3388 802 3434 Foru?
827 3385 1129 3435 Faciendum
1174 3386 1231 3434 id
1279 3385 1476 3450 quidem

452 3476 538 3513 est.
573 3465 718 3513 Solus
748 3464 817 3512 sic
842 3481 870 3512 e
889 3466 1072 3513 nostris
1108 3481 1219 3513 eum
1243 3465 1421 3514 Eliensi
1448 3482 1469 3512 1

452 3554 503 3592 et
526 3562 577 3607 χ.
602 3545 712 3593 Bas.
735 3543 932 3607 Reliqui
959 3545 1036 3594 vel
1041 3543 1345 3609 facillimum
1360 3580 1376 3603 ,
1400 3544 1477 3593 vel

438 3611 557 3688 fin
565 3620 863 3688 fidendum
878 3622 1209 3690 ae'facillimnm
1226 3660 1241 3687 ,
1261 3634 1319 3671 ut
1334 3623 1477 3673 multi

452 3702 657 3752 aliorum
690 3702 922 3751 referunt.
950 3704 1126 3751 Ortum
1151 3704 1326 3753 vitium
1361 3703 1477 3752 inde

453 3794 549 3841 est,
579 3782 719 3847 quod
759 3781 931 3830 scribae
959 3782 1077 3849 olim
1102 3782 1499 3848 bisfaciendum'

453 3876 580 3925 opus
603 3878 708 3911 esse
722 3872 956 3928 putarunt
970 3898 987 3922 ,
1007 3875 1064 3912 ut
1091 3880 1202 3912 eum
1220 3864 1328 3913 aliis
1350 3881 1471 3929 qua-

456 3950 568 3988 tuor
592 3942 792 3990 Oxonu.
819 3942 1060 4007 prabent.
1084 3944 1161 3991 Ex
1182 3943 1476 4008 compendio

453 4027 615 4065 autem
637 4035 808 4084 perum
827 4021 1054 4071 distincte
1081 4024 1265 4087 scripto
1284 4020 1474 4088 facilli-

446 4101 585 4142 'mum
610 4108 771 4146 mum
798 4111 887 4148 est.
909 4101 1172 4166 vulgatum
1204 4101 1323 4150 editi
1352 4113 1472 4151 vett.

1560 1890 1693 1957 qm'd.
1732 1903 1816 1942 ese.
1860 1892 2001 1941 Nova
2032 1893 2176 1941 nobis
2213 1891 2356 1939 verba
2393 1891 2581 1939 edenda

1561 1982 1675 2019 sunt
1688 2008 1704 2033 ,
1726 1982 1780 2019 ut
1800 1972 1955 2020 fecere
1979 1972 2159 2020 Graeci.

1639 2066 1717 2098 ω.
1740 2040 1840 2099 Cur
1863 2066 1963 2098 mm
1994 2050 2138 2098 liceat
2162 2047 2376 2098 Catoni?
2393 2049 2576 2097 Similia

1559 2139 1826 2178 occurrunt
1851 2129 1961 2176 init.
1980 2127 2169 2176 Aeadd.
2189 2127 2274 2175 lib.
2291 2128 2331 2173 1.

1637 2210 1717 2257 13.
1755 2207 1918 2273 Magis
1969 2206 2206 2255 usitatum.
2254 2208 2385 2254 Ante
2438 2205 2579 2252 Grut.

1561 2284 1713 2351 magis
1737 2285 1988 2349 minusque
2011 2286 2275 2349 legebatur,
2294 2283 2431 2348 quod
2447 2283 2528 2331 bic
2554 2299 2580 2330 e

1561 2365 1663 2414 Pal.
1698 2381 1718 2412 ι
1755 2363 1953 2425 abjecit.
1978 2366 2149 2413 Recte.
2190 2367 2423 2428 Ignorant
2451 2362 2582 2410 idem

1561 2443 1690 2507 Spir.
1708 2453 1756 2492 et
1781 2443 1885 2492 Erl.
1904 2458 2013 2490 cum
2031 2444 2197 2490 Marso
2217 2457 2232 2490 τ
2263 2452 2310 2489 et
2329 2442 2417 2489 vix
2435 2440 2580 2506 quid-

1560 2537 1705 2585 quam
1728 2521 2028 2584 frequentius
2055 2518 2139 2581 fit,
2164 2535 2308 2584 quam
2333 2528 2388 2568 ut
2413 2519 2583 2567 scribe

1562 2611 1676 2664 post
1710 2598 1864 2665 magis
1879 2634 1894 2658 ‚
1939 2599 2098 2647 mima
2137 2598 2336 2647 addant.
2383 2601 2457 2646 Itu
2501 2614 2583 2645 su-

1560 2695 1648 2743 pra
1686 2682 1713 2727 3
1736 2714 1750 2738 ,
1783 2694 1864 2736 11,
1893 2679 1958 2727 ad
1993 2695 2081 2727 vv.
2110 2679 2214 2727 alia
2249 2676 2414 2742 magis
2447 2676 2582 2735 alia,

1563 2756 1703 2805 multi
1761 2756 1906 2805 codd.
1971 2756 2126 2805 minus
2178 2756 2403 2804 adsutum
2456 2755 2582 2803 refe·

1562 2846 1697 2903 runt.
1723 2836 1788 2883 G.

1641 2925 1725 2973 14.
1762 2916 1843 2963 No
1880 2913 1973 2963 hoc
2009 2913 2261 2978 ephippiis.
2284 2947 2299 2962 .
2320 2911 2583 2959 «renuda-

1563 3005 1657 3041 tur.
1683 2993 1854 3041 Malim
1887 3014 1913 3033 α
1937 3008 1999 3040 ne
2024 2992 2120 3039 hoc
2146 2991 2198 3037 in
2235 2989 2501 3054 ephippiis.
2522 3023 2535 3036 .
2557 3025 2570 3037 .

1561 3088 1706 3135 quam
1732 3073 1786 3119 in
1811 3085 2032 3136 proegm.
2053 3092 2079 3111 a
2105 3074 2177 3118 Its
2206 3069 2334 3116 enim
2363 3065 2583 3130 putidior-

1560 3144 1924 3217 προσωποποιΐα
1941 3147 2193 3195 vitabitur.
2217 3145 2312 3193 Sed
2338 3146 2441 3192 sine
2461 3145 2582 3191 scri-

1563 3228 1661 3290 ptis
1677 3229 1731 3275 in
1752 3226 1927 3274 talibus
1951 3225 2077 3273 nihil
2097 3222 2372 3271 audendum
2401 3232 2485 3270 est.
2516 3223 2580 3270 G.

1562 3332 1631 3342 —
1667 3303 1931 3369 Ephippe'is.
1978 3302 2332 3368 Ephippiorum
2386 3302 2586 3350 nomine

1562 3385 1761 3443 utimur,
1816 3399 1908 3449 pro
1945 3383 2059 3447 equi
2103 3381 2311 3445 tegmine
2356 3381 2419 3428 sd
2455 3380 2585 3429 mol·

1563 3462 1657 3509 lem
1693 3473 1937 3511 vecturam
1963 3472 2163 3527 parato,
2193 3471 2248 3508 nt
2280 3460 2350 3508 ait
2375 3459 2588 3508 Nonius.

1565 3543 1689 3590 Ceto
1741 3542 1803 3590 de
1845 3541 2008 3590 liberis
2055 3538 2321 3590 educandis
2336 3575 2351 3599 ,
2392 3560 2416 3583 e
2457 3539 2585 3587 Mihi

1562 3636 1721 3685 puero
1748 3620 1939 3669 modica
1962 3621 2056 3669 suit
2080 3635 2174 3667 una
2193 3619 2355 3668 tunica
2381 3628 2432 3666 et
2457 3629 2587 3681 toga,

1565 3700 1669 3748 sine
1693 3700 1855 3747 fasciis
1882 3700 2256 3748 calceamentum
2271 3734 2287 3759 ‚
2312 3713 2467 3760 equus
2483 3698 2587 3744 sine

1566 3778 1804 3843 ephippio
1828 3800 1872 3827 υ.
1908 3780 1970 3826 Et
2006 3788 2154 3825 notus
2191 3787 2264 3824 est
2291 3776 2587 3833 versiculus,

1564 3879 1591 3900 ι
1612 3859 1766 3922 Optat
1782 3856 2012 3923 ephippia
2029 3856 2122 3905 bos
2134 3856 2287 3922 piger,
2300 3864 2439 3919 optat
2455 3869 2587 3902 arere

1568 3944 1832 3993 caballus».
1840 3944 2099 3992 vocabulo
2111 3941 2421 4007 acratophon'
2430 3943 2588 3988 Varro

1574 4024 1728 4072 utitur
1752 4024 1813 4072 de
1839 4024 1912 4071 Re
1939 4034 2058 4072 rust.
2083 4023 2171 4071 lib.
2194 4026 2217 4070 1
2247 4035 2261 4070 2
2286 4044 2310 4063 α
2337 4022 2405 4069 Ea
2430 4021 2591 4066 minus

1572 4113 1856 4168 sumptuosa
1875 4102 2037 4161 vinea,
2066 4117 2179 4167 qun
2205 4102 2309 4150 sine
2340 4100 2461 4176 jugo
2497 4097 2591 4143 mi·

453 4173 619 4237 plures
656 4173 863 4227 firmant.
894 4183 957 4229 G.
988 4208 1058 4218 -
1086 4180 1386 4230 Faciendum
1425 4178 1481 4227 id
1576 4182 1749 4231 nisu-st
1770 4180 2093 4245 acratophoro
2124 4180 2291 4229 vinum
2319 4200 2361 4226 ι.
2385 4180 2598 4242 Ant-paxo«
