<?xml version="1.0" encoding="UTF-8"?>
<!DOCTYPE html PUBLIC "-//W3C//DTD XHTML 1.0 Transitional//EN"
    "http://www.w3.org/TR/xhtml1/DTD/xhtml1-transitional.dtd">
<html xmlns="http://www.w3.org/1999/xhtml" xml:lang="en" lang="en">
 <head>
  <title>
</title>
<meta http-equiv="Content-Type" content="text/html;charset=utf-8" />
  <meta name='ocr-system' content='tesseract 3.04.00' />
  <meta name='ocr-capabilities' content='ocr_page ocr_carea ocr_par ocr_line ocrx_word'/>
</head>
<body>
  <div class='ocr_page' id='page_1' title='image "./mtciceronisquae00clergoog/mtciceronisquae00clergoog_0473.png"; bbox 0 0 3217 4784; ppageno 0'>
   <div class='ocr_carea' id='block_1_1' title="bbox 810 430 2547 518">
    <p class='ocr_par' dir='ltr' id='par_1_1' title="bbox 810 430 2547 529">
     <span class='ocr_line' id='line_1_1' title="bbox 810 430 2547 518; baseline 0.002 -19"><span class='ocrx_word' id='word_1_1' title='bbox 810 431 930 499; x_wconf 89' lang='lat' dir='ltr'>DE</span> <span class='ocrx_word' id='word_1_2' title='bbox 975 431 1148 502; x_wconf 88' lang='lat' dir='ltr'>FlN.</span> <span class='ocrx_word' id='word_1_3' title='bbox 1202 432 1412 501; x_wconf 89' lang='lat' dir='ltr'>BON.</span> <span class='ocrx_word' id='word_1_4' title='bbox 1460 434 1575 502; x_wconf 90' lang='grc' dir='ltr'>ΕΤ</span> <span class='ocrx_word' id='word_1_5' title='bbox 1625 433 1839 503; x_wconf 82' lang='lat' dir='ltr'>MAL.</span> <span class='ocrx_word' id='word_1_6' title='bbox 1883 433 2022 517; x_wconf 86' lang='lat' dir='ltr'>lv,</span> <span class='ocrx_word' id='word_1_7' title='bbox 2073 430 2141 501; x_wconf 89' lang='grc'>6.</span> <span class='ocrx_word' id='word_1_8' title='bbox 2404 430 2547 518; x_wconf 77' lang='grc'>453</span> 
     </span>
    </p>
   </div>
   <div class='ocr_carea' id='block_1_2' title="bbox 415 551 2560 1857">
    <p class='ocr_par' dir='ltr' id='par_1_2' title="bbox 415 551 2560 1857">
     <span class='ocr_line' id='line_1_2' title="bbox 416 551 2548 649; baseline 0 -25"><span class='ocrx_word' id='word_1_9' title='bbox 416 554 553 624; x_wconf 89' lang='lat' dir='ltr'>bus</span> <span class='ocrx_word' id='word_1_10' title='bbox 594 553 712 638; x_wconf 83' lang='lat' dir='ltr'>iis,</span> <span class='ocrx_word' id='word_1_11' title='bbox 743 575 904 649; x_wconf 85' lang='lat' dir='ltr'>quae</span> <span class='ocrx_word' id='word_1_12' title='bbox 935 551 1333 624; x_wconf 85' lang='lat' dir='ltr'>secundum</span> <span class='ocrx_word' id='word_1_13' title='bbox 1371 567 1703 624; x_wconf 84' lang='lat' dir='ltr'>naturam</span> <span class='ocrx_word' id='word_1_14' title='bbox 1737 555 1982 641; x_wconf 87' lang='lat' dir='ltr'>sint¹¹‚</span> <span class='ocrx_word' id='word_1_15' title='bbox 2019 551 2413 641; x_wconf 85' lang='lat' dir='ltr'><strong>fruentem,</strong></span> <span class='ocrx_word' id='word_1_16' title='bbox 2441 558 2548 624; x_wconf 85' lang='lat' dir='ltr'>vi-</span> 
     </span>
     <span class='ocr_line' id='line_1_3' title="bbox 415 660 2552 760; baseline 0.002 -28"><span class='ocrx_word' id='word_1_17' title='bbox 415 687 613 746; x_wconf 83' lang='lat' dir='ltr'>vere,</span> <span class='ocrx_word' id='word_1_18' title='bbox 665 660 808 734; x_wconf 91' lang='lat' dir='ltr'>hoc</span> <span class='ocrx_word' id='word_1_19' title='bbox 855 687 1006 733; x_wconf 89' lang='lat' dir='ltr'>non</span> <span class='ocrx_word' id='word_1_20' title='bbox 1053 677 1164 734; x_wconf 85' lang='lat' dir='ltr'>est</span> <span class='ocrx_word' id='word_1_21' title='bbox 1206 667 1524 760; x_wconf 88' lang='lat' dir='ltr'>positum</span> <span class='ocrx_word' id='word_1_22' title='bbox 1577 665 1656 733; x_wconf 89' lang='lat' dir='ltr'>in</span> <span class='ocrx_word' id='word_1_23' title='bbox 1695 679 1942 735; x_wconf 83' lang='lat' dir='ltr'>nostra</span> <span class='ocrx_word' id='word_1_24' title='bbox 1986 665 2288 735; x_wconf 84' lang='lat' dir='ltr'>actione.</span> <span class='ocrx_word' id='word_1_25' title='bbox 2338 669 2552 737; x_wconf 88' lang='lat' dir='ltr'>Com-</span> 
     </span>
     <span class='ocr_line' id='line_1_4' title="bbox 418 771 2552 870; baseline 0.001 -27"><span class='ocrx_word' id='word_1_26' title='bbox 418 771 657 869; x_wconf 87' lang='lat' dir='ltr'>pletur</span> <span class='ocrx_word' id='word_1_27' title='bbox 692 773 889 843; x_wconf 88' lang='lat' dir='ltr'>enim</span> <span class='ocrx_word' id='word_1_28' title='bbox 921 787 994 843; x_wconf 85' lang='lat' dir='ltr'>et</span> <span class='ocrx_word' id='word_1_29' title='bbox 1027 796 1115 843; x_wconf 83' lang='lat' dir='ltr'>ex</span> <span class='ocrx_word' id='word_1_30' title='bbox 1139 795 1228 843; x_wconf 91' lang='lat' dir='ltr'>eo</span> <span class='ocrx_word' id='word_1_31' title='bbox 1265 795 1531 869; x_wconf 83' lang='lat' dir='ltr'>genere</span> <span class='ocrx_word' id='word_1_32' title='bbox 1569 774 1960 870; x_wconf 68' lang='lat' dir='ltr'>vitae-‚quod</span> <span class='ocrx_word' id='word_1_33' title='bbox 1992 774 2253 846; x_wconf 85' lang='lat' dir='ltr'>virtute</span> <span class='ocrx_word' id='word_1_34' title='bbox 2278 772 2552 861; x_wconf 86' lang='lat' dir='ltr'>finitur,</span> 
     </span>
     <span class='ocr_line' id='line_1_5' title="bbox 415 880 2552 981; baseline 0.002 -28"><span class='ocrx_word' id='word_1_35' title='bbox 415 896 489 953; x_wconf 88' lang='lat' dir='ltr'>et</span> <span class='ocrx_word' id='word_1_36' title='bbox 521 906 610 953; x_wconf 87' lang='lat' dir='ltr'>ex</span> <span class='ocrx_word' id='word_1_37' title='bbox 632 883 784 952; x_wconf 80' lang='lat' dir='ltr'>iis¹²</span> <span class='ocrx_word' id='word_1_38' title='bbox 812 881 1067 966; x_wconf 66' lang='lat' dir='ltr'>rebus»,</span> <span class='ocrx_word' id='word_1_39' title='bbox 1099 905 1262 977; x_wconf 85' lang='lat' dir='ltr'>quae</span> <span class='ocrx_word' id='word_1_40' title='bbox 1288 880 1694 953; x_wconf 87' lang='lat' dir='ltr'>secundum</span> <span class='ocrx_word' id='word_1_41' title='bbox 1723 897 2053 954; x_wconf 83' lang='lat' dir='ltr'>naturam</span> <span class='ocrx_word' id='word_1_42' title='bbox 2081 898 2288 972; x_wconf 81' lang='lat' dir='ltr'>sunt,</span> <span class='ocrx_word' id='word_1_43' title='bbox 2311 909 2552 981; x_wconf 88' lang='lat' dir='ltr'>neque</span> 
     </span>
     <span class='ocr_line' id='line_1_6' title="bbox 418 990 2555 1087; baseline 0.003 -26"><span class='ocrx_word' id='word_1_44' title='bbox 418 1005 589 1061; x_wconf 84' lang='lat' dir='ltr'>sunt</span> <span class='ocrx_word' id='word_1_45' title='bbox 629 992 706 1059; x_wconf 89' lang='lat' dir='ltr'>in</span> <span class='ocrx_word' id='word_1_46' title='bbox 756 1004 1000 1060; x_wconf 79' lang='lat' dir='ltr'>nostra</span> <span class='ocrx_word' id='word_1_47' title='bbox 1041 1003 1421 1087; x_wconf 81' lang='lat' dir='ltr'>potestate.</span> <span class='ocrx_word' id='word_1_48' title='bbox 1470 990 1611 1063; x_wconf 93' lang='lat' dir='ltr'>Sed</span> <span class='ocrx_word' id='word_1_49' title='bbox 1650 991 1792 1063; x_wconf 86' lang='lat' dir='ltr'>hoc</span> <span class='ocrx_word' id='word_1_50' title='bbox 1837 1015 2199 1064; x_wconf 85' lang='lat' dir='ltr'>summum</span> <span class='ocrx_word' id='word_1_51' title='bbox 2239 993 2555 1082; x_wconf 82' lang='lat' dir='ltr'>bonum,</span> 
     </span>
     <span class='ocr_line' id='line_1_7' title="bbox 418 1098 2552 1200; baseline 0.002 -29"><span class='ocrx_word' id='word_1_52' title='bbox 418 1098 619 1197; x_wconf 90' lang='lat' dir='ltr'>quod</span> <span class='ocrx_word' id='word_1_53' title='bbox 668 1102 876 1170; x_wconf 87' lang='lat' dir='ltr'>tertia</span> <span class='ocrx_word' id='word_1_54' title='bbox 932 1098 1457 1196; x_wconf 86' lang='lat' dir='ltr'>significatione</span> <span class='ocrx_word' id='word_1_55' title='bbox 1481 1098 1541 1145; x_wconf 79' lang='lat'>¹³</span> <span class='ocrx_word' id='word_1_56' title='bbox 1586 1099 2033 1198; x_wconf 81' lang='lat' dir='ltr'>intelligitur,</span> <span class='ocrx_word' id='word_1_57' title='bbox 2084 1125 2314 1200; x_wconf 79' lang='lat' dir='ltr'>eaque</span> <span class='ocrx_word' id='word_1_58' title='bbox 2365 1107 2552 1186; x_wconf 84' lang='lat' dir='ltr'>vita,</span> 
     </span>
     <span class='ocr_line' id='line_1_8' title="bbox 417 1208 2554 1307; baseline 0.003 -29"><span class='ocrx_word' id='word_1_59' title='bbox 417 1233 578 1306; x_wconf 85' lang='lat' dir='ltr'>quae</span> <span class='ocrx_word' id='word_1_60' title='bbox 605 1232 694 1280; x_wconf 86' lang='lat' dir='ltr'>ex</span> <span class='ocrx_word' id='word_1_61' title='bbox 720 1232 1006 1279; x_wconf 86' lang='lat' dir='ltr'>summo</span> <span class='ocrx_word' id='word_1_62' title='bbox 1031 1208 1233 1281; x_wconf 90' lang='lat' dir='ltr'>bono</span> <span class='ocrx_word' id='word_1_63' title='bbox 1262 1208 1571 1307; x_wconf 80' lang='lat' dir='ltr'>degitur,</span> <span class='ocrx_word' id='word_1_64' title='bbox 1600 1214 1772 1307; x_wconf 81' lang='lat' dir='ltr'>quia</span> <span class='ocrx_word' id='word_1_65' title='bbox 1809 1209 2200 1305; x_wconf 85' lang='lat' dir='ltr'>conjuncta</span> <span class='ocrx_word' id='word_1_66' title='bbox 2228 1215 2295 1283; x_wconf 92' lang='lat' dir='ltr'>ei</span> <span class='ocrx_word' id='word_1_67' title='bbox 2325 1214 2554 1286; x_wconf 85' lang='lat' dir='ltr'>virtus</span> 
     </span>
     <span class='ocr_line' id='line_1_9' title="bbox 422 1318 2551 1417; baseline 0.002 -27"><span class='ocrx_word' id='word_1_68' title='bbox 422 1332 562 1405; x_wconf 83' lang='lat' dir='ltr'>est,</span> <span class='ocrx_word' id='word_1_69' title='bbox 602 1320 677 1389; x_wconf 89' lang='lat' dir='ltr'>in</span> <span class='ocrx_word' id='word_1_70' title='bbox 714 1320 1113 1417; x_wconf 82' lang='lat' dir='ltr'>sapientem</span> <span class='ocrx_word' id='word_1_71' title='bbox 1148 1320 1385 1392; x_wconf 85' lang='lat' dir='ltr'>solum</span> <span class='ocrx_word' id='word_1_72' title='bbox 1428 1320 1659 1408; x_wconf 81' lang='lat' dir='ltr'>cadit3</span> <span class='ocrx_word' id='word_1_73' title='bbox 1705 1321 1911 1417; x_wconf 88' lang='lat' dir='ltr'>isque</span> <span class='ocrx_word' id='word_1_74' title='bbox 1948 1318 2113 1391; x_wconf 88' lang='lat' dir='ltr'>finis</span> <span class='ocrx_word' id='word_1_75' title='bbox 2147 1320 2509 1394; x_wconf 85' lang='lat' dir='ltr'>honorum</span> <span class='ocrx_word' id='word_1_76' title='bbox 2531 1377 2551 1409; x_wconf 89' lang='lat'><strong><em>,</em></strong></span> 
     </span>
     <span class='ocr_line' id='line_1_10' title="bbox 424 1426 2554 1529; baseline 0.003 -31"><span class='ocrx_word' id='word_1_77' title='bbox 424 1441 507 1498; x_wconf 88' lang='lat' dir='ltr'>nt</span> <span class='ocrx_word' id='word_1_78' title='bbox 534 1426 633 1500; x_wconf 82' lang='lat' dir='ltr'>ab</span> <span class='ocrx_word' id='word_1_79' title='bbox 660 1430 832 1528; x_wconf 88' lang='lat' dir='ltr'>ipsis</span> <span class='ocrx_word' id='word_1_80' title='bbox 874 1433 1119 1502; x_wconf 85' lang='lat' dir='ltr'>stoicis</span> <span class='ocrx_word' id='word_1_81' title='bbox 1143 1432 1490 1529; x_wconf 81' lang='lat' dir='ltr'>scriptum</span> <span class='ocrx_word' id='word_1_82' title='bbox 1528 1429 1894 1516; x_wconf 83' lang='lat' dir='ltr'>videmus,</span> <span class='ocrx_word' id='word_1_83' title='bbox 1935 1454 1977 1500; x_wconf 86' lang='lat' dir='ltr'><strong>a</strong></span> <span class='ocrx_word' id='word_1_84' title='bbox 2006 1435 2407 1503; x_wconf 83' lang='lat' dir='ltr'>Xenocrate</span> <span class='ocrx_word' id='word_1_85' title='bbox 2446 1446 2554 1504; x_wconf 84' lang='lat' dir='ltr'>at-</span> 
     </span>
     <span class='ocr_line' id='line_1_11' title="bbox 423 1537 2560 1637; baseline 0.001 -28"><span class='ocrx_word' id='word_1_86' title='bbox 423 1563 570 1636; x_wconf 90' lang='lat' dir='ltr'>que</span> <span class='ocrx_word' id='word_1_87' title='bbox 621 1537 714 1610; x_wconf 84' lang='lat' dir='ltr'>ab</span> <span class='ocrx_word' id='word_1_88' title='bbox 780 1538 1284 1622; x_wconf 54' lang='lat' dir='ltr'>Aristotelem,</span> <span class='ocrx_word' id='word_1_89' title='bbox 1343 1541 1780 1610; x_wconf 86' lang='lat' dir='ltr'>constitutus</span> <span class='ocrx_word' id='word_1_90' title='bbox 1825 1553 1955 1610; x_wconf 86' lang='lat' dir='ltr'>est.</span> <span class='ocrx_word' id='word_1_91' title='bbox 2008 1543 2263 1637; x_wconf 82' lang='lat' dir='ltr'>Itaque</span> <span class='ocrx_word' id='word_1_92' title='bbox 2308 1539 2400 1610; x_wconf 83' lang='lat' dir='ltr'>ab</span> <span class='ocrx_word' id='word_1_93' title='bbox 2447 1541 2560 1612; x_wconf 87' lang='lat' dir='ltr'>his</span> 
     </span>
     <span class='ocr_line' id='line_1_12' title="bbox 422 1646 2558 1747; baseline 0 -27"><span class='ocrx_word' id='word_1_94' title='bbox 422 1649 844 1720; x_wconf 87' lang='lat' dir='ltr'>constitutio</span> <span class='ocrx_word' id='word_1_95' title='bbox 883 1648 1004 1719; x_wconf 84' lang='lat' dir='ltr'>illa</span> <span class='ocrx_word' id='word_1_96' title='bbox 1046 1652 1278 1746; x_wconf 87' lang='lat' dir='ltr'>prima</span> <span class='ocrx_word' id='word_1_97' title='bbox 1306 1663 1576 1720; x_wconf 84' lang='lat' dir='ltr'>naturae</span> <span class='ocrx_word' id='word_1_98' title='bbox 1602 1646 1688 1735; x_wconf 86' lang='lat'>¹⁵,</span> <span class='ocrx_word' id='word_1_99' title='bbox 1723 1673 1765 1719; x_wconf 86' lang='lat' dir='ltr'><strong>a</strong></span> <span class='ocrx_word' id='word_1_100' title='bbox 1800 1673 1945 1746; x_wconf 88' lang='lat' dir='ltr'>qua</span> <span class='ocrx_word' id='word_1_101' title='bbox 1983 1663 2059 1721; x_wconf 90' lang='lat' dir='ltr'>tn</span> <span class='ocrx_word' id='word_1_102' title='bbox 2107 1674 2407 1747; x_wconf 89' lang='lat' dir='ltr'>quoque</span> <span class='ocrx_word' id='word_1_103' title='bbox 2444 1674 2558 1722; x_wconf 93' lang='lat' dir='ltr'>or-</span> 
     </span>
     <span class='ocr_line' id='line_1_13' title="bbox 423 1756 1927 1857; baseline -0.001 -27"><span class='ocrx_word' id='word_1_104' title='bbox 423 1756 751 1844; x_wconf 81' lang='lat' dir='ltr'>diebare,</span> <span class='ocrx_word' id='word_1_105' title='bbox 799 1756 908 1828; x_wconf 86' lang='lat' dir='ltr'>his</span> <span class='ocrx_word' id='word_1_106' title='bbox 961 1781 1189 1856; x_wconf 86' lang='lat' dir='ltr'>prope</span> <span class='ocrx_word' id='word_1_107' title='bbox 1231 1756 1470 1830; x_wconf 85' lang='lat' dir='ltr'>verbis</span> <span class='ocrx_word' id='word_1_108' title='bbox 1513 1759 1927 1857; x_wconf 85' lang='lat' dir='ltr'>exponitur.</span> 
     </span>
    </p>
   </div>
   <div class='ocr_carea' id='block_1_3' title="bbox 425 1923 1445 2067">
    <p class='ocr_par' dir='ltr' id='par_1_3' title="bbox 425 1923 1445 2067">
     <span class='ocr_line' id='line_1_14' title="bbox 425 1923 1443 1983; baseline -0.001 -11"><span class='ocrx_word' id='word_1_109' title='bbox 425 1925 468 1972; x_wconf 72' lang='lat' dir='ltr'>ei</span> <span class='ocrx_word' id='word_1_110' title='bbox 493 1923 762 1972; x_wconf 69' lang='lat' dir='ltr'>contuleris</span> <span class='ocrx_word' id='word_1_111' title='bbox 781 1924 926 1972; x_wconf 82' lang='lat' dir='ltr'>Tuae.</span> <span class='ocrx_word' id='word_1_112' title='bbox 938 1924 1003 1983; x_wconf 83' lang='lat' dir='ltr'>V,</span> <span class='ocrx_word' id='word_1_113' title='bbox 1021 1925 1087 1973; x_wconf 81' lang='lat'>30</span> <span class='ocrx_word' id='word_1_114' title='bbox 1101 1958 1117 1983; x_wconf 86' lang='lat'><strong>,</strong></span> <span class='ocrx_word' id='word_1_115' title='bbox 1146 1924 1247 1979; x_wconf 68' lang='lat'>84:</span> <span class='ocrx_word' id='word_1_116' title='bbox 1274 1945 1300 1965; x_wconf 72' lang='grc' dir='ltr'>σ-</span> <span class='ocrx_word' id='word_1_117' title='bbox 1319 1923 1443 1972; x_wconf 80' lang='lat' dir='ltr'>nihil</span> 
     </span>
     <span class='ocr_line' id='line_1_15' title="bbox 425 1998 1445 2067; baseline -0.001 -15"><span class='ocrx_word' id='word_1_118' title='bbox 425 2003 612 2052; x_wconf 82' lang='lat' dir='ltr'>bonum</span> <span class='ocrx_word' id='word_1_119' title='bbox 632 1998 800 2065; x_wconf 68' lang='lat' dir='ltr'>(cuae),</span> <span class='ocrx_word' id='word_1_120' title='bbox 829 2001 926 2049; x_wconf 81' lang='lat' dir='ltr'>niai</span> <span class='ocrx_word' id='word_1_121' title='bbox 952 2013 1138 2051; x_wconf 63' lang='lat' dir='ltr'>nature</span> <span class='ocrx_word' id='word_1_122' title='bbox 1155 2003 1323 2067; x_wconf 83' lang='lat' dir='ltr'>primia</span> <span class='ocrx_word' id='word_1_123' title='bbox 1348 2002 1445 2051; x_wconf 85' lang='lat' dir='ltr'>bo-</span> 
     </span>
    </p>
   </div>
   <div class='ocr_carea' id='block_1_4' title="bbox 1529 1922 2560 2064">
    <p class='ocr_par' dir='ltr' id='par_1_4' title="bbox 1529 1922 2560 2064">
     <span class='ocr_line' id='line_1_16' title="bbox 1542 1922 2557 1985; baseline 0.002 -14"><span class='ocrx_word' id='word_1_124' title='bbox 1542 1957 1666 1972; x_wconf 91' lang='grc'><strong>.....</strong></span> <span class='ocrx_word' id='word_1_125' title='bbox 1677 1923 1754 1972; x_wconf 79' lang='lat' dir='ltr'>vel</span> <span class='ocrx_word' id='word_1_126' title='bbox 1781 1922 1846 1972; x_wconf 82' lang='lat' dir='ltr'>ab</span> <span class='ocrx_word' id='word_1_127' title='bbox 1869 1940 1923 1971; x_wconf 85' lang='lat' dir='ltr'>ea</span> <span class='ocrx_word' id='word_1_128' title='bbox 1947 1945 1993 1973; x_wconf 69' lang='grc' dir='ltr'>ι.</span> <span class='ocrx_word' id='word_1_129' title='bbox 2019 1922 2220 1972; x_wconf 80' lang='lat' dir='ltr'>Tuacul.</span> <span class='ocrx_word' id='word_1_130' title='bbox 2248 1925 2341 1985; x_wconf 79' lang='lat' dir='ltr'>lv,</span> <span class='ocrx_word' id='word_1_131' title='bbox 2367 1939 2417 1984; x_wconf 79' lang='lat'>7,</span> <span class='ocrx_word' id='word_1_132' title='bbox 2461 1924 2557 1973; x_wconf 79' lang='lat'>16:</span> 
     </span>
     <span class='ocr_line' id='line_1_17' title="bbox 1529 2001 2560 2064; baseline 0.001 -14"><span class='ocrx_word' id='word_1_133' title='bbox 1529 2022 1558 2044; x_wconf 73' lang='grc' dir='ltr'><strong>κ</strong></span> <span class='ocrx_word' id='word_1_134' title='bbox 1575 2017 1680 2051; x_wconf 89' lang='lat' dir='ltr'>non</span> <span class='ocrx_word' id='word_1_135' title='bbox 1701 2003 1756 2051; x_wconf 87' lang='lat' dir='ltr'>in</span> <span class='ocrx_word' id='word_1_136' title='bbox 1779 2001 2000 2053; x_wconf 82' lang='lat' dir='ltr'>eo...aed</span> <span class='ocrx_word' id='word_1_137' title='bbox 2022 2003 2168 2052; x_wconf 88' lang='lat' dir='ltr'>etiam</span> <span class='ocrx_word' id='word_1_138' title='bbox 2186 2002 2238 2051; x_wconf 84' lang='lat' dir='ltr'>in</span> <span class='ocrx_word' id='word_1_139' title='bbox 2257 2018 2337 2064; x_wconf 89' lang='lat' dir='ltr'>eo,</span> <span class='ocrx_word' id='word_1_140' title='bbox 2356 2014 2560 2051; x_wconf 79' lang='lat' dir='ltr'>etc.»—</span> 
     </span>
    </p>
   </div>
   <div class='ocr_carea' id='block_1_5' title="bbox 427 2080 2560 2149">
    <p class='ocr_par' dir='ltr' id='par_1_5' title="bbox 427 2080 2560 2149">
     <span class='ocr_line' id='line_1_18' title="bbox 427 2080 2560 2149; baseline 0 -19"><span class='ocrx_word' id='word_1_141' title='bbox 427 2083 504 2130; x_wconf 85' lang='lat' dir='ltr'>nia</span> <span class='ocrx_word' id='word_1_142' title='bbox 527 2082 731 2146; x_wconf 70' lang='lat' dir='ltr'>(rectius</span> <span class='ocrx_word' id='word_1_143' title='bbox 766 2080 903 2130; x_wconf 75' lang='grc' dir='ltr'>ῠοηὺ</span> <span class='ocrx_word' id='word_1_144' title='bbox 943 2093 1001 2131; x_wconf 89' lang='lat' dir='ltr'>ut</span> <span class='ocrx_word' id='word_1_145' title='bbox 1039 2081 1279 2147; x_wconf 75' lang='lat' dir='ltr'>gloeacma</span> <span class='ocrx_word' id='word_1_146' title='bbox 1314 2081 1443 2131; x_wconf 84' lang='lat' dir='ltr'>dele·</span> <span class='ocrx_word' id='word_1_147' title='bbox 1528 2082 1627 2130; x_wconf 80' lang='lat' dir='ltr'>Pro</span> <span class='ocrx_word' id='word_1_148' title='bbox 1645 2080 1832 2149; x_wconf 72' lang='lat' dir='ltr'>finitur·</span> <span class='ocrx_word' id='word_1_149' title='bbox 1854 2081 1998 2130; x_wconf 81' lang='lat' dir='ltr'>multi</span> <span class='ocrx_word' id='word_1_150' title='bbox 2021 2082 2169 2131; x_wconf 83' lang='lat' dir='ltr'>codd.</span> <span class='ocrx_word' id='word_1_151' title='bbox 2195 2092 2392 2146; x_wconf 75' lang='lat' dir='ltr'>tresque</span> <span class='ocrx_word' id='word_1_152' title='bbox 2416 2098 2444 2131; x_wconf 83' lang='lat' dir='ltr'>e</span> <span class='ocrx_word' id='word_1_153' title='bbox 2468 2098 2560 2131; x_wconf 84' lang='lat' dir='ltr'>no·</span> 
     </span>
    </p>
   </div>
   <div class='ocr_carea' id='block_1_6' title="bbox 426 2159 1456 4204">
    <p class='ocr_par' dir='ltr' id='par_1_6' title="bbox 426 2159 1452 3016">
     <span class='ocr_line' id='line_1_19' title="bbox 427 2159 1443 2226; baseline -0.002 -16"><span class='ocrx_word' id='word_1_154' title='bbox 427 2159 569 2226; x_wconf 83' lang='lat' dir='ltr'>bia),</span> <span class='ocrx_word' id='word_1_155' title='bbox 613 2170 698 2209; x_wconf 79' lang='lat' dir='ltr'>uut</span> <span class='ocrx_word' id='word_1_156' title='bbox 747 2159 977 2209; x_wconf 71' lang='lat' dir='ltr'>omnibus</span> <span class='ocrx_word' id='word_1_157' title='bbox 994 2195 1011 2219; x_wconf 89' lang='lat'>,</span> <span class='ocrx_word' id='word_1_158' title='bbox 1058 2170 1144 2208; x_wconf 84' lang='lat' dir='ltr'>aut</span> <span class='ocrx_word' id='word_1_159' title='bbox 1190 2160 1443 2221; x_wconf 80' lang='lat' dir='ltr'>maximia,</span> 
     </span>
     <span class='ocr_line' id='line_1_20' title="bbox 428 2237 1444 2303; baseline -0.004 -14"><span class='ocrx_word' id='word_1_160' title='bbox 428 2241 523 2289; x_wconf 77' lang='lat' dir='ltr'>frui</span> <span class='ocrx_word' id='word_1_161' title='bbox 540 2261 583 2288; x_wconf 76' lang='grc' dir='ltr'>ι.</span> <span class='ocrx_word' id='word_1_162' title='bbox 612 2241 722 2303; x_wconf 83' lang='lat' dir='ltr'>Qua</span> <span class='ocrx_word' id='word_1_163' title='bbox 755 2240 922 2302; x_wconf 76' lang='lat' dir='ltr'>igitur,</span> <span class='ocrx_word' id='word_1_164' title='bbox 945 2237 1043 2287; x_wconf 84' lang='lat' dir='ltr'>hoc</span> <span class='ocrx_word' id='word_1_165' title='bbox 1070 2239 1124 2287; x_wconf 79' lang='lat' dir='ltr'>in</span> <span class='ocrx_word' id='word_1_166' title='bbox 1159 2238 1307 2287; x_wconf 80' lang='lat' dir='ltr'>trivio</span> <span class='ocrx_word' id='word_1_167' title='bbox 1326 2272 1344 2298; x_wconf 86' lang='lat'><strong>,</strong></span> <span class='ocrx_word' id='word_1_168' title='bbox 1379 2238 1444 2286; x_wconf 83' lang='lat' dir='ltr'>ad</span> 
     </span>
     <span class='ocr_line' id='line_1_21' title="bbox 428 2315 1444 2381; baseline -0.004 -14"><span class='ocrx_word' id='word_1_169' title='bbox 428 2336 593 2369; x_wconf 80' lang='lat' dir='ltr'>verum</span> <span class='ocrx_word' id='word_1_170' title='bbox 611 2317 903 2367; x_wconf 76' lang='lat' dir='ltr'>evademua?</span> <span class='ocrx_word' id='word_1_171' title='bbox 921 2317 1080 2367; x_wconf 80' lang='lat' dir='ltr'>Nobia</span> <span class='ocrx_word' id='word_1_172' title='bbox 1107 2315 1306 2381; x_wconf 77' lang='lat' dir='ltr'>quidem</span> <span class='ocrx_word' id='word_1_173' title='bbox 1335 2316 1444 2364; x_wconf 75' lang='lat' dir='ltr'>vul-</span> 
     </span>
     <span class='ocr_line' id='line_1_22' title="bbox 427 2397 1445 2464; baseline -0.003 -17"><span class='ocrx_word' id='word_1_174' title='bbox 427 2410 536 2464; x_wconf 76' lang='lat' dir='ltr'>gata</span> <span class='ocrx_word' id='word_1_175' title='bbox 563 2397 894 2463; x_wconf 82' lang='lat' dir='ltr'>amplectenda</span> <span class='ocrx_word' id='word_1_176' title='bbox 921 2397 1149 2458; x_wconf 80' lang='lat' dir='ltr'>videtur,</span> <span class='ocrx_word' id='word_1_177' title='bbox 1170 2414 1322 2462; x_wconf 87' lang='lat' dir='ltr'>quum</span> <span class='ocrx_word' id='word_1_178' title='bbox 1358 2412 1445 2444; x_wconf 74' lang='lat' dir='ltr'>au·</span> 
     </span>
     <span class='ocr_line' id='line_1_23' title="bbox 426 2476 1446 2542; baseline 0 -15"><span class='ocrx_word' id='word_1_179' title='bbox 426 2489 539 2527; x_wconf 86' lang='lat' dir='ltr'>ctor</span> <span class='ocrx_word' id='word_1_180' title='bbox 572 2480 689 2527; x_wconf 71' lang='lat' dir='ltr'>satia</span> <span class='ocrx_word' id='word_1_181' title='bbox 723 2476 1042 2542; x_wconf 72' lang='lat' dir='ltr'>probabiliter</span> <span class='ocrx_word' id='word_1_182' title='bbox 1075 2478 1181 2526; x_wconf 64' lang='lat' dir='ltr'>hac</span> <span class='ocrx_word' id='word_1_183' title='bbox 1218 2477 1284 2527; x_wconf 86' lang='lat' dir='ltr'>ad</span> <span class='ocrx_word' id='word_1_184' title='bbox 1320 2491 1446 2542; x_wconf 64' lang='grc' dir='ltr'>με·</span> 
     </span>
     <span class='ocr_line' id='line_1_24' title="bbox 431 2555 1448 2621; baseline -0.002 -15"><span class='ocrx_word' id='word_1_185' title='bbox 431 2557 575 2606; x_wconf 85' lang='lat' dir='ltr'>cedd.</span> <span class='ocrx_word' id='word_1_186' title='bbox 612 2555 819 2605; x_wconf 74' lang='lat' dir='ltr'>«officia</span> <span class='ocrx_word' id='word_1_187' title='bbox 852 2557 1014 2604; x_wconf 83' lang='lat' dir='ltr'>omnia</span> <span class='ocrx_word' id='word_1_188' title='bbox 1048 2557 1205 2606; x_wconf 85' lang='lat' dir='ltr'>media</span> <span class='ocrx_word' id='word_1_189' title='bbox 1239 2568 1324 2606; x_wconf 77' lang='lat' dir='ltr'>aut</span> <span class='ocrx_word' id='word_1_190' title='bbox 1349 2556 1448 2621; x_wconf 82' lang='lat' dir='ltr'>plc-</span> 
     </span>
     <span class='ocr_line' id='line_1_25' title="bbox 430 2635 1446 2701; baseline 0 -17"><span class='ocrx_word' id='word_1_191' title='bbox 430 2652 578 2701; x_wconf 84' lang='lat' dir='ltr'>raque</span> <span class='ocrx_word' id='word_1_192' title='bbox 605 2658 632 2678; x_wconf 70' lang='grc' dir='ltr'>υ</span> <span class='ocrx_word' id='word_1_193' title='bbox 682 2635 1076 2685; x_wconf 67' lang='lat' dir='ltr'>accommodasse</span> <span class='ocrx_word' id='word_1_194' title='bbox 1119 2636 1219 2684; x_wconf 86' lang='lat' dir='ltr'>dici</span> <span class='ocrx_word' id='word_1_195' title='bbox 1260 2636 1446 2700; x_wconf 73' lang='lat' dir='ltr'>poaait3</span> 
     </span>
     <span class='ocr_line' id='line_1_26' title="bbox 428 2715 1447 2782; baseline -0.001 -18"><span class='ocrx_word' id='word_1_196' title='bbox 428 2732 677 2782; x_wconf 82' lang='lat' dir='ltr'>quumque</span> <span class='ocrx_word' id='word_1_197' title='bbox 701 2717 753 2763; x_wconf 87' lang='lat' dir='ltr'>in</span> <span class='ocrx_word' id='word_1_198' title='bbox 786 2716 998 2780; x_wconf 69' lang='lat' dir='ltr'>simplici</span> <span class='ocrx_word' id='word_1_199' title='bbox 1023 2727 1114 2765; x_wconf 76' lang='lat' dir='ltr'>aue</span> <span class='ocrx_word' id='word_1_200' title='bbox 1146 2716 1319 2765; x_wconf 71' lang='lat' dir='ltr'>acribae</span> <span class='ocrx_word' id='word_1_201' title='bbox 1347 2715 1447 2763; x_wconf 81' lang='lat' dir='ltr'>fere</span> 
     </span>
     <span class='ocr_line' id='line_1_27' title="bbox 429 2794 1447 2859; baseline -0.002 -16"><span class='ocrx_word' id='word_1_202' title='bbox 429 2794 713 2855; x_wconf 72' lang='lat' dir='ltr'>offendant,</span> <span class='ocrx_word' id='word_1_203' title='bbox 741 2794 979 2859; x_wconf 78' lang='lat' dir='ltr'>facileque</span> <span class='ocrx_word' id='word_1_204' title='bbox 1009 2795 1086 2843; x_wconf 81' lang='lat' dir='ltr'>vel</span> <span class='ocrx_word' id='word_1_205' title='bbox 1118 2794 1225 2843; x_wconf 64' lang='lat' dir='ltr'>hac</span> <span class='ocrx_word' id='word_1_206' title='bbox 1257 2794 1447 2852; x_wconf 86' lang='lat' dir='ltr'>omitti,</span> 
     </span>
     <span class='ocr_line' id='line_1_28' title="bbox 431 2871 1452 2937; baseline 0.001 -18"><span class='ocrx_word' id='word_1_207' title='bbox 431 2872 507 2921; x_wconf 85' lang='lat' dir='ltr'>vel</span> <span class='ocrx_word' id='word_1_208' title='bbox 531 2873 681 2922; x_wconf 75' lang='lat' dir='ltr'>altera</span> <span class='ocrx_word' id='word_1_209' title='bbox 706 2871 824 2920; x_wconf 83' lang='lat' dir='ltr'>addi</span> <span class='ocrx_word' id='word_1_210' title='bbox 847 2874 1025 2937; x_wconf 87' lang='lat' dir='ltr'>potuit.</span> <span class='ocrx_word' id='word_1_211' title='bbox 1061 2875 1181 2923; x_wconf 67' lang='lat' dir='ltr'>uec</span> <span class='ocrx_word' id='word_1_212' title='bbox 1213 2889 1331 2922; x_wconf 80' lang='lat' dir='ltr'>vero</span> <span class='ocrx_word' id='word_1_213' title='bbox 1361 2881 1452 2920; x_wconf 78' lang='lat' dir='ltr'>aue</span> 
     </span>
     <span class='ocr_line' id='line_1_29' title="bbox 432 2948 1315 3016; baseline 0.003 -18"><span class='ocrx_word' id='word_1_214' title='bbox 432 2965 523 3016; x_wconf 91' lang='lat' dir='ltr'>pro</span> <span class='ocrx_word' id='word_1_215' title='bbox 542 2951 627 2998; x_wconf 78' lang='lat' dir='ltr'>vel</span> <span class='ocrx_word' id='word_1_216' title='bbox 641 2960 769 2997; x_wconf 79' lang='lat' dir='ltr'>ceree</span> <span class='ocrx_word' id='word_1_217' title='bbox 789 2948 990 3008; x_wconf 82' lang='lat' dir='ltr'>dicitur,</span> <span class='ocrx_word' id='word_1_218' title='bbox 1010 2960 1067 2998; x_wconf 91' lang='lat' dir='ltr'>ut</span> <span class='ocrx_word' id='word_1_219' title='bbox 1086 2967 1231 3015; x_wconf 72' lang='lat' dir='ltr'>saepc.</span> <span class='ocrx_word' id='word_1_220' title='bbox 1253 2953 1315 3002; x_wconf 89' lang='lat' dir='ltr'>G.</span> 
     </span>
    </p>

    <p class='ocr_par' dir='ltr' id='par_1_7' title="bbox 431 3030 1452 3488">
     <span class='ocr_line' id='line_1_30' title="bbox 509 3030 1447 3095; baseline 0.002 -17"><span class='ocrx_word' id='word_1_221' title='bbox 509 3046 593 3078; x_wconf 79' lang='grc' dir='ltr'>ιι.</span> <span class='ocrx_word' id='word_1_222' title='bbox 627 3030 750 3077; x_wconf 69' lang='lat' dir='ltr'>Sam.</span> <span class='ocrx_word' id='word_1_223' title='bbox 789 3032 927 3078; x_wconf 83' lang='lat' dir='ltr'>Goer.</span> <span class='ocrx_word' id='word_1_224' title='bbox 962 3045 1094 3082; x_wconf 76' lang='lat' dir='ltr'>sum.</span> <span class='ocrx_word' id='word_1_225' title='bbox 1128 3034 1232 3090; x_wconf 83' lang='lat' dir='ltr'>Sic,</span> <span class='ocrx_word' id='word_1_226' title='bbox 1260 3033 1447 3095; x_wconf 84' lang='lat' dir='ltr'>inquit,</span> 
     </span>
     <span class='ocr_line' id='line_1_31' title="bbox 432 3107 1450 3174; baseline 0.003 -18"><span class='ocrx_word' id='word_1_227' title='bbox 432 3126 460 3156; x_wconf 88' lang='lat' dir='ltr'>e</span> <span class='ocrx_word' id='word_1_228' title='bbox 507 3108 638 3173; x_wconf 75' lang='lat' dir='ltr'>spir,</span> <span class='ocrx_word' id='word_1_229' title='bbox 685 3118 736 3154; x_wconf 84' lang='lat' dir='ltr'>et</span> <span class='ocrx_word' id='word_1_230' title='bbox 780 3107 880 3156; x_wconf 76' lang='lat' dir='ltr'>Erl.</span> <span class='ocrx_word' id='word_1_231' title='bbox 937 3111 1252 3158; x_wconf 69' lang='lat' dir='ltr'>correximus.</span> <span class='ocrx_word' id='word_1_232' title='bbox 1308 3112 1450 3174; x_wconf 70' lang='lat' dir='ltr'>Soepc</span> 
     </span>
     <span class='ocr_line' id='line_1_32' title="bbox 434 3185 1452 3237; baseline 0 -2"><span class='ocrx_word' id='word_1_233' title='bbox 434 3187 563 3235; x_wconf 86' lang='lat' dir='ltr'>enim</span> <span class='ocrx_word' id='word_1_234' title='bbox 590 3185 797 3235; x_wconf 80' lang='lat' dir='ltr'>vidimua</span> <span class='ocrx_word' id='word_1_235' title='bbox 829 3197 1077 3236; x_wconf 79' lang='lat' dir='ltr'>auctorem</span> <span class='ocrx_word' id='word_1_236' title='bbox 1113 3189 1168 3237; x_wconf 87' lang='lat' dir='ltr'>in</span> <span class='ocrx_word' id='word_1_237' title='bbox 1191 3188 1452 3236; x_wconf 83' lang='lat' dir='ltr'>circumlo-</span> 
     </span>
     <span class='ocr_line' id='line_1_33' title="bbox 433 3264 1451 3332; baseline 0 -18"><span class='ocrx_word' id='word_1_238' title='bbox 433 3265 628 3314; x_wconf 77' lang='lat' dir='ltr'>cutione</span> <span class='ocrx_word' id='word_1_239' title='bbox 658 3264 979 3314; x_wconf 84' lang='lat' dir='ltr'>indicativum</span> <span class='ocrx_word' id='word_1_240' title='bbox 1011 3283 1221 3332; x_wconf 82' lang='lat' dir='ltr'>ponere,</span> <span class='ocrx_word' id='word_1_241' title='bbox 1242 3282 1451 3331; x_wconf 78' lang='lat' dir='ltr'>eumque</span> 
     </span>
     <span class='ocr_line' id='line_1_34' title="bbox 433 3342 1452 3409; baseline 0 -17"><span class='ocrx_word' id='word_1_242' title='bbox 433 3361 459 3392; x_wconf 91' lang='lat' dir='ltr'>a</span> <span class='ocrx_word' id='word_1_243' title='bbox 495 3342 668 3391; x_wconf 84' lang='lat' dir='ltr'>acribia</span> <span class='ocrx_word' id='word_1_244' title='bbox 707 3343 991 3409; x_wconf 81' lang='lat' dir='ltr'>corrumpi:</span> <span class='ocrx_word' id='word_1_245' title='bbox 1037 3346 1123 3409; x_wconf 85' lang='lat' dir='ltr'>qui</span> <span class='ocrx_word' id='word_1_246' title='bbox 1158 3345 1238 3394; x_wconf 80' lang='lat' dir='ltr'>vel</span> <span class='ocrx_word' id='word_1_247' title='bbox 1275 3360 1363 3409; x_wconf 88' lang='lat' dir='ltr'>per</span> <span class='ocrx_word' id='word_1_248' title='bbox 1399 3362 1452 3392; x_wconf 77' lang='lat' dir='ltr'>ae</span> 
     </span>
     <span class='ocr_line' id='line_1_35' title="bbox 431 3421 1133 3488; baseline 0.004 -18"><span class='ocrx_word' id='word_1_249' title='bbox 431 3422 536 3488; x_wconf 82' lang='lat' dir='ltr'>ipae</span> <span class='ocrx_word' id='word_1_250' title='bbox 561 3421 616 3471; x_wconf 81' lang='lat' dir='ltr'>h.</span> <span class='ocrx_word' id='word_1_251' title='bbox 637 3421 674 3470; x_wconf 86' lang='lat' dir='ltr'>l.</span> <span class='ocrx_word' id='word_1_252' title='bbox 694 3422 1021 3486; x_wconf 64' lang='lat' dir='ltr'>preferendus</span> <span class='ocrx_word' id='word_1_253' title='bbox 1039 3435 1133 3473; x_wconf 83' lang='lat' dir='ltr'>eat.</span> 
     </span>
    </p>

    <p class='ocr_par' dir='ltr' id='par_1_8' title="bbox 432 3502 1456 4204">
     <span class='ocr_line' id='line_1_36' title="bbox 509 3502 1452 3569; baseline 0.001 -20"><span class='ocrx_word' id='word_1_254' title='bbox 509 3516 586 3549; x_wconf 69' lang='grc' dir='ltr'>ια.</span> <span class='ocrx_word' id='word_1_255' title='bbox 615 3502 887 3566; x_wconf 67' lang='lat' dir='ltr'>completur</span> <span class='ocrx_word' id='word_1_256' title='bbox 901 3502 1028 3550; x_wconf 73' lang='lat' dir='ltr'>enim</span> <span class='ocrx_word' id='word_1_257' title='bbox 1046 3514 1176 3551; x_wconf 70' lang='lat' dir='ltr'>etex</span> <span class='ocrx_word' id='word_1_258' title='bbox 1192 3519 1301 3551; x_wconf 86' lang='lat' dir='ltr'>eo..</span> <span class='ocrx_word' id='word_1_259' title='bbox 1315 3502 1452 3569; x_wconf 75' lang='lat' dir='ltr'>.fini-</span> 
     </span>
     <span class='ocr_line' id='line_1_37' title="bbox 432 3578 1453 3644; baseline 0.002 -15"><span class='ocrx_word' id='word_1_260' title='bbox 432 3593 529 3639; x_wconf 77' lang='lat' dir='ltr'>mr,</span> <span class='ocrx_word' id='word_1_261' title='bbox 563 3591 613 3630; x_wconf 80' lang='lat' dir='ltr'>ee</span> <span class='ocrx_word' id='word_1_262' title='bbox 645 3596 711 3628; x_wconf 70' lang='lat' dir='ltr'>ex</span> <span class='ocrx_word' id='word_1_263' title='bbox 742 3578 817 3629; x_wconf 78' lang='lat' dir='ltr'>iis.</span> <span class='ocrx_word' id='word_1_264' title='bbox 842 3581 1087 3631; x_wconf 85' lang='lat' dir='ltr'>Turbatur</span> <span class='ocrx_word' id='word_1_265' title='bbox 1112 3583 1164 3630; x_wconf 88' lang='lat' dir='ltr'>iu</span> <span class='ocrx_word' id='word_1_266' title='bbox 1184 3582 1265 3632; x_wconf 72' lang='lat' dir='ltr'>hia</span> <span class='ocrx_word' id='word_1_267' title='bbox 1293 3585 1421 3631; x_wconf 77' lang='lat' dir='ltr'>varie</span> <span class='ocrx_word' id='word_1_268' title='bbox 1437 3618 1453 3644; x_wconf 89' lang='lat'>,</span> 
     </span>
     <span class='ocr_line' id='line_1_38' title="bbox 434 3659 1454 3726; baseline 0.002 -17"><span class='ocrx_word' id='word_1_269' title='bbox 434 3659 641 3720; x_wconf 80' lang='lat' dir='ltr'>aedita,</span> <span class='ocrx_word' id='word_1_270' title='bbox 675 3672 734 3710; x_wconf 88' lang='lat' dir='ltr'>ut</span> <span class='ocrx_word' id='word_1_271' title='bbox 761 3672 994 3726; x_wconf 86' lang='lat' dir='ltr'>appareat</span> <span class='ocrx_word' id='word_1_272' title='bbox 1030 3662 1215 3711; x_wconf 68' lang='lat' dir='ltr'>scribas</span> <span class='ocrx_word' id='word_1_273' title='bbox 1244 3662 1295 3710; x_wconf 84' lang='lat' dir='ltr'>in</span> <span class='ocrx_word' id='word_1_274' title='bbox 1334 3679 1454 3711; x_wconf 88' lang='lat' dir='ltr'>con-</span> 
     </span>
     <span class='ocr_line' id='line_1_39' title="bbox 432 3740 1454 3791; baseline 0.003 -4"><span class='ocrx_word' id='word_1_275' title='bbox 432 3752 569 3788; x_wconf 79' lang='lat' dir='ltr'>eneta</span> <span class='ocrx_word' id='word_1_276' title='bbox 602 3740 792 3790; x_wconf 74' lang='lat' dir='ltr'>auctori</span> <span class='ocrx_word' id='word_1_277' title='bbox 831 3740 1029 3789; x_wconf 82' lang='lat' dir='ltr'>dicendi</span> <span class='ocrx_word' id='word_1_278' title='bbox 1066 3742 1258 3791; x_wconf 85' lang='lat' dir='ltr'>ratione</span> <span class='ocrx_word' id='word_1_279' title='bbox 1298 3741 1454 3790; x_wconf 74' lang='lat' dir='ltr'>offen·</span> 
     </span>
     <span class='ocr_line' id='line_1_40' title="bbox 435 3817 1455 3880; baseline 0.005 -15"><span class='ocrx_word' id='word_1_280' title='bbox 435 3817 732 3869; x_wconf 75' lang='lat' dir='ltr'>diaae.Nam</span> <span class='ocrx_word' id='word_1_281' title='bbox 756 3819 870 3880; x_wconf 88' lang='lat' dir='ltr'>alii,</span> <span class='ocrx_word' id='word_1_282' title='bbox 918 3833 969 3870; x_wconf 76' lang='lat' dir='ltr'>et</span> <span class='ocrx_word' id='word_1_283' title='bbox 1012 3820 1204 3880; x_wconf 82' lang='lat' dir='ltr'>deleta,</span> <span class='ocrx_word' id='word_1_284' title='bbox 1254 3837 1323 3869; x_wconf 73' lang='lat' dir='ltr'>ea:</span> <span class='ocrx_word' id='word_1_285' title='bbox 1369 3837 1455 3877; x_wconf 83' lang='lat' dir='ltr'>eo.</span> 
     </span>
     <span class='ocr_line' id='line_1_41' title="bbox 435 3896 1450 3965; baseline 0.003 -21"><span class='ocrx_word' id='word_1_286' title='bbox 435 3896 518 3944; x_wconf 82' lang='lat' dir='ltr'>alii</span> <span class='ocrx_word' id='word_1_287' title='bbox 533 3907 691 3961; x_wconf 72' lang='lat' dir='ltr'>ecco,</span> <span class='ocrx_word' id='word_1_288' title='bbox 721 3914 789 3949; x_wconf 72' lang='lat' dir='ltr'>ea·</span> <span class='ocrx_word' id='word_1_289' title='bbox 818 3900 1024 3961; x_wconf 82' lang='lat' dir='ltr'>rejecta,</span> <span class='ocrx_word' id='word_1_290' title='bbox 1048 3900 1284 3965; x_wconf 64' lang='lat' dir='ltr'>prebent.</span> <span class='ocrx_word' id='word_1_291' title='bbox 1314 3899 1450 3948; x_wconf 81' lang='lat' dir='ltr'>Gud.</span> 
     </span>
     <span class='ocr_line' id='line_1_42' title="bbox 444 3977 1451 4045; baseline 0.005 -23"><span class='ocrx_word' id='word_1_292' title='bbox 444 3988 466 4022; x_wconf 83' lang='lat'>1</span> <span class='ocrx_word' id='word_1_293' title='bbox 498 3984 550 4024; x_wconf 75' lang='lat' dir='ltr'>et</span> <span class='ocrx_word' id='word_1_294' title='bbox 582 3977 700 4026; x_wconf 86' lang='lat' dir='ltr'>editi</span> <span class='ocrx_word' id='word_1_295' title='bbox 727 3991 847 4029; x_wconf 81' lang='lat' dir='ltr'>vett.</span> <span class='ocrx_word' id='word_1_296' title='bbox 870 3979 1036 4045; x_wconf 85' lang='lat' dir='ltr'>plurea</span> <span class='ocrx_word' id='word_1_297' title='bbox 1060 3996 1127 4029; x_wconf 72' lang='lat' dir='ltr'>ea·</span> <span class='ocrx_word' id='word_1_298' title='bbox 1154 3978 1245 4029; x_wconf 72' lang='grc' dir='ltr'>Ιιίε.</span> <span class='ocrx_word' id='word_1_299' title='bbox 1280 3980 1451 4027; x_wconf 75' lang='lat' dir='ltr'>Prave.</span> 
     </span>
     <span class='ocr_line' id='line_1_43' title="bbox 440 4054 1455 4110; baseline 0.007 -11"><span class='ocrx_word' id='word_1_300' title='bbox 440 4054 511 4100; x_wconf 83' lang='lat' dir='ltr'>Ut</span> <span class='ocrx_word' id='word_1_301' title='bbox 529 4056 657 4105; x_wconf 83' lang='lat' dir='ltr'>enim</span> <span class='ocrx_word' id='word_1_302' title='bbox 675 4070 848 4109; x_wconf 85' lang='lat' dir='ltr'>auctor</span> <span class='ocrx_word' id='word_1_303' title='bbox 866 4069 1143 4110; x_wconf 67' lang='lat' dir='ltr'>constanter</span> <span class='ocrx_word' id='word_1_304' title='bbox 1164 4082 1188 4102; x_wconf 73' lang='grc' dir='ltr'>ι</span> <span class='ocrx_word' id='word_1_305' title='bbox 1203 4069 1253 4107; x_wconf 90' lang='lat' dir='ltr'>et</span> <span class='ocrx_word' id='word_1_306' title='bbox 1273 4059 1337 4106; x_wconf 77' lang='lat' dir='ltr'>ia.</span> <span class='ocrx_word' id='word_1_307' title='bbox 1353 4094 1366 4107; x_wconf 93' lang='lat'>.</span> <span class='ocrx_word' id='word_1_308' title='bbox 1379 4068 1455 4106; x_wconf 85' lang='lat' dir='ltr'>.et</span> 
     </span>
     <span class='ocr_line' id='line_1_44' title="bbox 439 4133 1456 4204; baseline 0.003 -23"><span class='ocrx_word' id='word_1_309' title='bbox 439 4133 825 4204; x_wconf 71' lang='lat' dir='ltr'>ia·;aic1.cgg.</span> <span class='ocrx_word' id='word_1_310' title='bbox 847 4143 898 4202; x_wconf 87' lang='lat'>1,</span> <span class='ocrx_word' id='word_1_311' title='bbox 926 4156 1004 4201; x_wconf 79' lang='lat'>¹7·</span> <span class='ocrx_word' id='word_1_312' title='bbox 1029 4149 1115 4201; x_wconf 70' lang='lat'>47,</span> <span class='ocrx_word' id='word_1_313' title='bbox 1146 4139 1265 4188; x_wconf 71' lang='lat' dir='ltr'>«vel</span> <span class='ocrx_word' id='word_1_314' title='bbox 1297 4137 1359 4186; x_wconf 81' lang='lat' dir='ltr'>ab</span> <span class='ocrx_word' id='word_1_315' title='bbox 1394 4136 1456 4185; x_wconf 84' lang='lat' dir='ltr'>iia</span> 
     </span>
    </p>
   </div>
   <div class='ocr_carea' id='block_1_7' title="bbox 1523 2159 2640 4202">
    <p class='ocr_par' dir='ltr' id='par_1_9' title="bbox 1523 2159 2561 2922">
     <span class='ocr_line' id='line_1_45' title="bbox 1529 2159 2561 2226; baseline 0.002 -18"><span class='ocrx_word' id='word_1_316' title='bbox 1529 2160 1644 2208; x_wconf 84' lang='lat' dir='ltr'>atria</span> <span class='ocrx_word' id='word_1_317' title='bbox 1644 2159 1854 2225; x_wconf 70' lang='lat' dir='ltr'>fruitur,</span> <span class='ocrx_word' id='word_1_318' title='bbox 1884 2161 2022 2225; x_wconf 81' lang='lat' dir='ltr'>quod</span> <span class='ocrx_word' id='word_1_319' title='bbox 2040 2160 2210 2209; x_wconf 67' lang='lat' dir='ltr'>Davi..</span> <span class='ocrx_word' id='word_1_320' title='bbox 2232 2162 2439 2226; x_wconf 77' lang='lat' dir='ltr'>recepit.</span> <span class='ocrx_word' id='word_1_321' title='bbox 2461 2161 2561 2210; x_wconf 76' lang='lat' dir='ltr'>Sed</span> 
     </span>
     <span class='ocr_line' id='line_1_46' title="bbox 1529 2238 2561 2307; baseline 0.001 -19"><span class='ocrx_word' id='word_1_322' title='bbox 1529 2238 1704 2288; x_wconf 64' lang='lat' dir='ltr'>scriba</span> <span class='ocrx_word' id='word_1_323' title='bbox 1728 2240 1996 2304; x_wconf 72' lang='lat' dir='ltr'>elegantem</span> <span class='ocrx_word' id='word_1_324' title='bbox 2015 2239 2154 2288; x_wconf 78' lang='lat' dir='ltr'>verbi</span> <span class='ocrx_word' id='word_1_325' title='bbox 2161 2239 2311 2307; x_wconf 72' lang='lat' dir='ltr'>fiam</span> <span class='ocrx_word' id='word_1_326' title='bbox 2334 2241 2436 2288; x_wconf 75' lang='lat' dir='ltr'>vim</span> <span class='ocrx_word' id='word_1_327' title='bbox 2454 2256 2561 2289; x_wconf 85' lang='lat' dir='ltr'>non</span> 
     </span>
     <span class='ocr_line' id='line_1_47' title="bbox 1529 2319 2559 2383; baseline 0.001 -16"><span class='ocrx_word' id='word_1_328' title='bbox 1529 2319 1777 2383; x_wconf 71' lang='lat' dir='ltr'>aoeequuti</span> <span class='ocrx_word' id='word_1_329' title='bbox 1816 2329 1930 2367; x_wconf 85' lang='lat' dir='ltr'>aunt</span> <span class='ocrx_word' id='word_1_330' title='bbox 1947 2352 1965 2378; x_wconf 85' lang='grc'><strong>,</strong></span> <span class='ocrx_word' id='word_1_331' title='bbox 2000 2335 2096 2382; x_wconf 88' lang='lat' dir='ltr'>qua</span> <span class='ocrx_word' id='word_1_332' title='bbox 2134 2319 2398 2377; x_wconf 78' lang='lat' dir='ltr'>contineri,</span> <span class='ocrx_word' id='word_1_333' title='bbox 2428 2335 2559 2368; x_wconf 72' lang='lat' dir='ltr'>eon-</span> 
     </span>
     <span class='ocr_line' id='line_1_48' title="bbox 1523 2396 2558 2461; baseline 0.001 -16"><span class='ocrx_word' id='word_1_334' title='bbox 1523 2396 1793 2461; x_wconf 72' lang='lat' dir='ltr'>prehendi,</span> <span class='ocrx_word' id='word_1_335' title='bbox 1820 2407 1991 2455; x_wconf 88' lang='lat' dir='ltr'>notat;</span> <span class='ocrx_word' id='word_1_336' title='bbox 2017 2398 2154 2447; x_wconf 83' lang='lat' dir='ltr'>conf.</span> <span class='ocrx_word' id='word_1_337' title='bbox 2179 2414 2325 2461; x_wconf 84' lang='lat' dir='ltr'>aupra</span> <span class='ocrx_word' id='word_1_338' title='bbox 2349 2400 2442 2459; x_wconf 86' lang='lat'>111,</span> <span class='ocrx_word' id='word_1_339' title='bbox 2476 2407 2558 2458; x_wconf 60' lang='grc' dir='ltr'>ιι,</span> 
     </span>
     <span class='ocr_line' id='line_1_49' title="bbox 1535 2476 2559 2540; baseline 0.001 -16"><span class='ocrx_word' id='word_1_340' title='bbox 1535 2476 1635 2533; x_wconf 67' lang='lat'>46:</span> <span class='ocrx_word' id='word_1_341' title='bbox 1660 2490 1908 2540; x_wconf 67' lang='lat' dir='ltr'>uquorum</span> <span class='ocrx_word' id='word_1_342' title='bbox 1952 2491 2096 2524; x_wconf 73' lang='lat' dir='ltr'>omne</span> <span class='ocrx_word' id='word_1_343' title='bbox 2142 2476 2327 2524; x_wconf 81' lang='lat' dir='ltr'>bonum</span> <span class='ocrx_word' id='word_1_344' title='bbox 2373 2492 2559 2525; x_wconf 78' lang='lat' dir='ltr'>eonve-</span> 
     </span>
     <span class='ocr_line' id='line_1_50' title="bbox 1532 2554 2556 2619; baseline 0.002 -16"><span class='ocrx_word' id='word_1_345' title='bbox 1532 2555 1716 2604; x_wconf 82' lang='lat' dir='ltr'>nientia</span> <span class='ocrx_word' id='word_1_346' title='bbox 1753 2565 1898 2618; x_wconf 81' lang='lat' dir='ltr'>atque</span> <span class='ocrx_word' id='word_1_347' title='bbox 1923 2557 2292 2619; x_wconf 67' lang='lat' dir='ltr'>opportunitate</span> <span class='ocrx_word' id='word_1_348' title='bbox 2325 2554 2497 2606; x_wconf 75' lang='lat' dir='ltr'>finitur</span> <span class='ocrx_word' id='word_1_349' title='bbox 2509 2580 2556 2605; x_wconf 73' lang='grc' dir='ltr'>ι..</span> 
     </span>
     <span class='ocr_line' id='line_1_51' title="bbox 1532 2634 2556 2697; baseline 0.001 -13"><span class='ocrx_word' id='word_1_350' title='bbox 1532 2634 1700 2684; x_wconf 73' lang='lat' dir='ltr'>Davia-</span> <span class='ocrx_word' id='word_1_351' title='bbox 1733 2645 1863 2682; x_wconf 83' lang='lat' dir='ltr'>recte</span> <span class='ocrx_word' id='word_1_352' title='bbox 1895 2649 2105 2697; x_wconf 69' lang='lat' dir='ltr'>grecum</span> <span class='ocrx_word' id='word_1_353' title='bbox 2129 2638 2393 2685; x_wconf 68' lang='grc' dir='ltr'>τελειοῦται</span> <span class='ocrx_word' id='word_1_354' title='bbox 2418 2652 2556 2687; x_wconf 83' lang='lat' dir='ltr'>com·</span> 
     </span>
     <span class='ocr_line' id='line_1_52' title="bbox 1533 2711 2560 2779; baseline 0.001 -17"><span class='ocrx_word' id='word_1_355' title='bbox 1533 2725 1686 2779; x_wconf 87' lang='lat' dir='ltr'>parat.</span> <span class='ocrx_word' id='word_1_356' title='bbox 1714 2711 1883 2761; x_wconf 81' lang='lat' dir='ltr'>Paullo</span> <span class='ocrx_word' id='word_1_357' title='bbox 1910 2722 2024 2777; x_wconf 88' lang='lat' dir='ltr'>poat</span> <span class='ocrx_word' id='word_1_358' title='bbox 2053 2713 2163 2762; x_wconf 83' lang='lat' dir='ltr'>aliia</span> <span class='ocrx_word' id='word_1_359' title='bbox 2184 2714 2377 2773; x_wconf 74' lang='lat' dir='ltr'>vei-bia,</span> <span class='ocrx_word' id='word_1_360' title='bbox 2405 2735 2428 2757; x_wconf 71' lang='grc' dir='ltr'>ι</span> <span class='ocrx_word' id='word_1_361' title='bbox 2445 2717 2560 2778; x_wconf 86' lang='lat' dir='ltr'>quia</span> 
     </span>
     <span class='ocr_line' id='line_1_53' title="bbox 1533 2792 2558 2857; baseline 0 -16"><span class='ocrx_word' id='word_1_362' title='bbox 1533 2793 1798 2854; x_wconf 81' lang='lat' dir='ltr'>conjuncta</span> <span class='ocrx_word' id='word_1_363' title='bbox 1818 2792 1866 2840; x_wconf 87' lang='lat' dir='ltr'>ei</span> <span class='ocrx_word' id='word_1_364' title='bbox 1902 2792 2057 2841; x_wconf 77' lang='lat' dir='ltr'>virtua</span> <span class='ocrx_word' id='word_1_365' title='bbox 2091 2803 2204 2841; x_wconf 79' lang='lat' dir='ltr'>eat·-</span> <span class='ocrx_word' id='word_1_366' title='bbox 2221 2828 2236 2852; x_wconf 89' lang='lat'><strong>,</strong></span> <span class='ocrx_word' id='word_1_367' title='bbox 2274 2794 2311 2844; x_wconf 88' lang='lat' dir='ltr'>i.</span> <span class='ocrx_word' id='word_1_368' title='bbox 2334 2811 2378 2843; x_wconf 86' lang='lat' dir='ltr'>e.</span> <span class='ocrx_word' id='word_1_369' title='bbox 2402 2794 2558 2857; x_wconf 73' lang='lat' dir='ltr'>«quia</span> 
     </span>
     <span class='ocr_line' id='line_1_54' title="bbox 1533 2870 2006 2922; baseline -0.004 -1"><span class='ocrx_word' id='word_1_370' title='bbox 1533 2882 1638 2922; x_wconf 84' lang='lat' dir='ltr'>tota</span> <span class='ocrx_word' id='word_1_371' title='bbox 1662 2870 1854 2919; x_wconf 56' lang='lat' dir='ltr'>uirtutis</span> <span class='ocrx_word' id='word_1_372' title='bbox 1872 2881 1945 2919; x_wconf 72' lang='lat' dir='ltr'>est</span> <span class='ocrx_word' id='word_1_373' title='bbox 1963 2893 2006 2919; x_wconf 67' lang='lat' dir='ltr'>n.</span> 
     </span>
    </p>

    <p class='ocr_par' dir='ltr' id='par_1_10' title="bbox 1534 2947 2561 3234">
     <span class='ocr_line' id='line_1_55' title="bbox 1614 2947 2560 3015; baseline -0.003 -17"><span class='ocrx_word' id='word_1_374' title='bbox 1614 2951 1695 2999; x_wconf 83' lang='lat'>13.</span> <span class='ocrx_word' id='word_1_375' title='bbox 1721 2948 1884 2998; x_wconf 76' lang='lat' dir='ltr'>Tertia</span> <span class='ocrx_word' id='word_1_376' title='bbox 1925 2947 2299 3015; x_wconf 53' lang='lat' dir='ltr'>significatione.</span> <span class='ocrx_word' id='word_1_377' title='bbox 2342 2952 2414 2996; x_wconf 81' lang='lat' dir='ltr'>lta</span> <span class='ocrx_word' id='word_1_378' title='bbox 2461 2960 2560 2996; x_wconf 71' lang='lat' dir='ltr'>trec</span> 
     </span>
     <span class='ocr_line' id='line_1_56' title="bbox 1536 3026 2559 3095; baseline -0.005 -17"><span class='ocrx_word' id='word_1_379' title='bbox 1536 3029 1712 3095; x_wconf 82' lang='lat' dir='ltr'>optimi</span> <span class='ocrx_word' id='word_1_380' title='bbox 1757 3027 1915 3076; x_wconf 63' lang='lat' dir='ltr'>nontri</span> <span class='ocrx_word' id='word_1_381' title='bbox 1954 3041 1970 3076; x_wconf 90' lang='lat'><strong>:</strong></span> <span class='ocrx_word' id='word_1_382' title='bbox 2013 3026 2189 3090; x_wconf 78' lang='lat' dir='ltr'>reliqui</span> <span class='ocrx_word' id='word_1_383' title='bbox 2235 3027 2400 3089; x_wconf 83' lang='lat' dir='ltr'>inepte</span> <span class='ocrx_word' id='word_1_384' title='bbox 2444 3041 2559 3074; x_wconf 82' lang='lat' dir='ltr'>cum</span> 
     </span>
     <span class='ocr_line' id='line_1_57' title="bbox 1534 3102 2561 3172; baseline -0.006 -15"><span class='ocrx_word' id='word_1_385' title='bbox 1534 3110 1731 3172; x_wconf 75' lang='lat' dir='ltr'>vulgata</span> <span class='ocrx_word' id='word_1_386' title='bbox 1754 3116 1866 3153; x_wconf 83' lang='lat' dir='ltr'>ante</span> <span class='ocrx_word' id='word_1_387' title='bbox 1885 3105 2146 3152; x_wconf 81' lang='lat' dir='ltr'>Gruterum</span> <span class='ocrx_word' id='word_1_388' title='bbox 2177 3119 2240 3151; x_wconf 79' lang='lat' dir='ltr'>cx</span> <span class='ocrx_word' id='word_1_389' title='bbox 2274 3102 2561 3167; x_wconf 80' lang='lat' dir='ltr'>compendii</span> 
     </span>
     <span class='ocr_line' id='line_1_58' title="bbox 1536 3182 2168 3234; baseline -0.005 0"><span class='ocrx_word' id='word_1_390' title='bbox 1536 3188 1658 3234; x_wconf 82' lang='lat' dir='ltr'>vitio</span> <span class='ocrx_word' id='word_1_391' title='bbox 1682 3196 1819 3233; x_wconf 75' lang='lat' dir='ltr'>certa</span> <span class='ocrx_word' id='word_1_392' title='bbox 1847 3182 2078 3231; x_wconf 79' lang='lat' dir='ltr'>referunt.</span> <span class='ocrx_word' id='word_1_393' title='bbox 2103 3184 2168 3231; x_wconf 88' lang='lat' dir='ltr'>G.</span> 
     </span>
    </p>

    <p class='ocr_par' dir='ltr' id='par_1_11' title="bbox 1535 3260 2640 3885">
     <span class='ocr_line' id='line_1_59' title="bbox 1614 3260 2560 3324; baseline -0.001 -13"><span class='ocrx_word' id='word_1_394' title='bbox 1614 3270 1696 3319; x_wconf 63' lang='grc' dir='ltr'>ιι.</span> <span class='ocrx_word' id='word_1_395' title='bbox 1730 3263 1779 3310; x_wconf 80' lang='lat' dir='ltr'><em>A</em></span> <span class='ocrx_word' id='word_1_396' title='bbox 1824 3262 2098 3309; x_wconf 73' lang='lat' dir='ltr'>Xenocrate</span> <span class='ocrx_word' id='word_1_397' title='bbox 2129 3271 2282 3324; x_wconf 64' lang='lat' dir='ltr'>acque</span> <span class='ocrx_word' id='word_1_398' title='bbox 2315 3261 2383 3308; x_wconf 78' lang='lat' dir='ltr'>ab</span> <span class='ocrx_word' id='word_1_399' title='bbox 2409 3260 2560 3310; x_wconf 75' lang='lat' dir='ltr'>Arist.</span> 
     </span>
     <span class='ocr_line' id='line_1_60' title="bbox 1535 3341 2559 3407; baseline -0.003 -15"><span class='ocrx_word' id='word_1_400' title='bbox 1535 3343 1787 3407; x_wconf 69' lang='lat' dir='ltr'>Praeponit</span> <span class='ocrx_word' id='word_1_401' title='bbox 1805 3341 1980 3391; x_wconf 87' lang='lat' dir='ltr'>Cicero</span> <span class='ocrx_word' id='word_1_402' title='bbox 2003 3343 2334 3389; x_wconf 75' lang='lat' dir='ltr'>xenocratem</span> <span class='ocrx_word' id='word_1_403' title='bbox 2351 3351 2410 3389; x_wconf 89' lang='lat' dir='ltr'>ut</span> <span class='ocrx_word' id='word_1_404' title='bbox 2426 3343 2559 3389; x_wconf 79' lang='lat' dir='ltr'>Aca-</span> 
     </span>
     <span class='ocr_line' id='line_1_61' title="bbox 1537 3419 2559 3485; baseline -0.003 -15"><span class='ocrx_word' id='word_1_405' title='bbox 1537 3421 1710 3471; x_wconf 72' lang='lat' dir='ltr'>dente</span> <span class='ocrx_word' id='word_1_406' title='bbox 1727 3419 1952 3470; x_wconf 63' lang='lat' dir='ltr'>wcundoe</span> <span class='ocrx_word' id='word_1_407' title='bbox 1965 3455 1982 3479; x_wconf 89' lang='lat'>,</span> <span class='ocrx_word' id='word_1_408' title='bbox 2018 3436 2164 3485; x_wconf 72' lang='lat' dir='ltr'>quain</span> <span class='ocrx_word' id='word_1_409' title='bbox 2187 3421 2292 3483; x_wconf 80' lang='lat' dir='ltr'>ipee</span> <span class='ocrx_word' id='word_1_410' title='bbox 2312 3420 2559 3483; x_wconf 73' lang='lat' dir='ltr'>coquitur,</span> 
     </span>
     <span class='ocr_line' id='line_1_62' title="bbox 1536 3499 2563 3566; baseline -0.001 -18"><span class='ocrx_word' id='word_1_411' title='bbox 1536 3511 1806 3566; x_wconf 84' lang='lat' dir='ltr'>parentem.</span> <span class='ocrx_word' id='word_1_412' title='bbox 1837 3500 2044 3549; x_wconf 65' lang='lat' dir='ltr'>&amp;antor</span> <span class='ocrx_word' id='word_1_413' title='bbox 2066 3509 2230 3548; x_wconf 81' lang='lat' dir='ltr'>autem</span> <span class='ocrx_word' id='word_1_414' title='bbox 2245 3534 2262 3561; x_wconf 85' lang='lat'>,</span> <span class='ocrx_word' id='word_1_415' title='bbox 2297 3499 2491 3547; x_wconf 81' lang='lat' dir='ltr'>Polemo</span> <span class='ocrx_word' id='word_1_416' title='bbox 2512 3513 2563 3547; x_wconf 87' lang='lat' dir='ltr'>ct</span> 
     </span>
     <span class='ocr_line' id='line_1_63' title="bbox 1538 3579 2564 3644; baseline -0.003 -14"><span class='ocrx_word' id='word_1_417' title='bbox 1538 3581 1838 3631; x_wconf 68' lang='lat' dir='ltr'>xenocrates</span> <span class='ocrx_word' id='word_1_418' title='bbox 1865 3580 1920 3628; x_wconf 86' lang='lat' dir='ltr'>in</span> <span class='ocrx_word' id='word_1_419' title='bbox 1954 3579 2124 3629; x_wconf 86' lang='lat' dir='ltr'>ethicia</span> <span class='ocrx_word' id='word_1_420' title='bbox 2153 3581 2380 3644; x_wconf 78' lang='lat' dir='ltr'>proxime</span> <span class='ocrx_word' id='word_1_421' title='bbox 2410 3596 2463 3628; x_wconf 83' lang='lat' dir='ltr'>ae</span> <span class='ocrx_word' id='word_1_422' title='bbox 2498 3579 2564 3628; x_wconf 81' lang='lat' dir='ltr'>ad</span> 
     </span>
     <span class='ocr_line' id='line_1_64' title="bbox 1540 3646 2640 3723; baseline -0.004 -13"><span class='ocrx_word' id='word_1_423' title='bbox 1540 3659 1887 3723; x_wconf 73' lang='lat' dir='ltr'>Peripateticos</span> <span class='ocrx_word' id='word_1_424' title='bbox 1915 3659 2364 3707; x_wconf 80' lang='lat' dir='ltr'>accommodarunt.</span> <span class='ocrx_word' id='word_1_425' title='bbox 2395 3661 2457 3709; x_wconf 87' lang='lat' dir='ltr'>G.</span> <span class='ocrx_word' id='word_1_426' title='bbox 2491 3684 2564 3696; x_wconf 89' lang='lat'><strong>—</strong></span> <span class='ocrx_word' id='word_1_427' title='bbox 2631 3646 2640 3659; x_wconf 85' lang='grc'>’</span> 
     </span>
     <span class='ocr_line' id='line_1_65' title="bbox 1542 3738 2563 3803; baseline -0.004 -13"><span class='ocrx_word' id='word_1_428' title='bbox 1542 3741 1621 3791; x_wconf 73' lang='lat' dir='ltr'>Ab</span> <span class='ocrx_word' id='word_1_429' title='bbox 1657 3738 2257 3788; x_wconf 67' lang='lat' dir='ltr'>Atiae.eonst.est.}1ie</span> <span class='ocrx_word' id='word_1_430' title='bbox 2282 3738 2527 3803; x_wconf 80' lang='lat' dir='ltr'>explicit</span> <span class='ocrx_word' id='word_1_431' title='bbox 2510 3754 2563 3786; x_wconf 74' lang='lat' dir='ltr'>nn</span> 
     </span>
     <span class='ocr_line' id='line_1_66' title="bbox 1541 3817 2171 3885; baseline -0.008 -16"><span class='ocrx_word' id='word_1_432' title='bbox 1541 3820 1785 3885; x_wconf 85' lang='lat' dir='ltr'>pleriaque</span> <span class='ocrx_word' id='word_1_433' title='bbox 1808 3817 1921 3867; x_wconf 77' lang='lat' dir='ltr'>odd.</span> <span class='ocrx_word' id='word_1_434' title='bbox 1942 3834 2054 3882; x_wconf 86' lang='lat' dir='ltr'>cap.</span> <span class='ocrx_word' id='word_1_435' title='bbox 2059 3818 2171 3866; x_wconf 84' lang='lat' dir='ltr'>vn.</span> 
     </span>
    </p>

    <p class='ocr_par' dir='ltr' id='par_1_12' title="bbox 1543 3895 2575 4202">
     <span class='ocr_line' id='line_1_67' title="bbox 1619 3895 2564 3989; baseline -0.003 -43"><span class='ocrx_word' id='word_1_436' title='bbox 1619 3899 1699 3946; x_wconf 80' lang='lat'>15.</span> <span class='ocrx_word' id='word_1_437' title='bbox 1741 3895 2022 3947; x_wconf 73' lang='lat' dir='ltr'>Con-stitutio</span> <span class='ocrx_word' id='word_1_438' title='bbox 2054 3895 2143 3945; x_wconf 76' lang='lat' dir='ltr'>illa</span> <span class='ocrx_word' id='word_1_439' title='bbox 2142 3896 2323 3989; x_wconf 38' lang='lat' dir='ltr'>’prima</span> <span class='ocrx_word' id='word_1_440' title='bbox 2354 3906 2564 3943; x_wconf 76' lang='lat' dir='ltr'>nateerae.</span> 
     </span>
     <span class='ocr_line' id='line_1_68' title="bbox 1543 3971 2569 4042; baseline -0.005 -17"><span class='ocrx_word' id='word_1_441' title='bbox 1543 3976 1782 4042; x_wconf 79' lang='lat' dir='ltr'>Vulgatur</span> <span class='ocrx_word' id='word_1_442' title='bbox 1798 3987 2010 4033; x_wconf 68' lang='lat' dir='ltr'>namra,</span> <span class='ocrx_word' id='word_1_443' title='bbox 2032 3986 2082 4024; x_wconf 92' lang='lat' dir='ltr'>et</span> <span class='ocrx_word' id='word_1_444' title='bbox 2114 3975 2187 4024; x_wconf 84' lang='lat' dir='ltr'>aic</span> <span class='ocrx_word' id='word_1_445' title='bbox 2219 3990 2389 4023; x_wconf 71' lang='lat' dir='ltr'>omnes</span> <span class='ocrx_word' id='word_1_446' title='bbox 2409 3971 2569 4020; x_wconf 77' lang='lat' dir='ltr'>noatri</span> 
     </span>
     <span class='ocr_line' id='line_1_69' title="bbox 1543 4054 2571 4122; baseline -0.007 -17"><span class='ocrx_word' id='word_1_447' title='bbox 1543 4071 1759 4122; x_wconf 83' lang='lat' dir='ltr'>quoque.</span> <span class='ocrx_word' id='word_1_448' title='bbox 1797 4056 1895 4105; x_wconf 84' lang='lat' dir='ltr'>Sed</span> <span class='ocrx_word' id='word_1_449' title='bbox 1932 4071 2085 4118; x_wconf 82' lang='lat' dir='ltr'>quum</span> <span class='ocrx_word' id='word_1_450' title='bbox 2120 4054 2218 4102; x_wconf 82' lang='lat' dir='ltr'>hoc</span> <span class='ocrx_word' id='word_1_451' title='bbox 2253 4062 2421 4117; x_wconf 85' lang='lat' dir='ltr'>aperte</span> <span class='ocrx_word' id='word_1_452' title='bbox 2453 4065 2571 4098; x_wconf 82' lang='lat' dir='ltr'>cor·</span> 
     </span>
     <span class='ocr_line' id='line_1_70' title="bbox 1544 4128 2575 4202; baseline -0.011 -16"><span class='ocrx_word' id='word_1_453' title='bbox 1544 4147 1748 4202; x_wconf 81' lang='lat' dir='ltr'>ruptum</span> <span class='ocrx_word' id='word_1_454' title='bbox 1768 4134 1858 4196; x_wconf 86' lang='lat' dir='ltr'>ait,</span> <span class='ocrx_word' id='word_1_455' title='bbox 1890 4133 2103 4199; x_wconf 70' lang='lat' dir='ltr'>Scaliger</span> <span class='ocrx_word' id='word_1_456' title='bbox 2128 4131 2261 4180; x_wconf 76' lang='lat' dir='ltr'>haud</span> <span class='ocrx_word' id='word_1_457' title='bbox 2284 4131 2451 4194; x_wconf 81' lang='lat' dir='ltr'>inepte</span> <span class='ocrx_word' id='word_1_458' title='bbox 2468 4128 2575 4193; x_wconf 72' lang='lat' dir='ltr'>pri·</span> 
     </span>
    </p>
   </div>
  </div>
 </body>
</html>
