3217 4784
666 431 809 517 426
1355 434 2111 503 ARGUMENTUM.

738 554 933 622 datur,
956 554 1187 612 allatum
1208 555 1340 612 novi
1362 555 1681 635 quidquam
1703 576 1735 613 a
1756 560 1987 614 Zenone
2017 574 2156 612 esse.
2182 559 2377 625 Quum
2399 550 2551 610 enim
2577 551 2822 630 priores

741 650 913 728 illud,
943 680 964 702 ‹-
985 651 1304 710 secundum
1335 666 1602 711 naturam
1634 652 1827 710 vivere
1841 680 1885 724 »‚
1904 650 2211 721 dixissent,
2236 648 2617 727 dispescuisse
2645 648 2814 706 idem

741 750 971 809 Stoicos
987 748 1048 807 in
1064 749 1193 822 tria,
1206 748 1286 807 sic
1301 761 1590 817 tamen,ut
1603 769 1668 808 re
1695 748 1770 809 ab
1804 749 1915 809 iuis
1942 746 2102 811 haud
2114 747 2507 819 dissentirent,
2528 753 2559 819 ς
2584 754 2681 817 14,
2710 768 2728 802 1
2747 748 2810 805 5.

742 845 1165 906 Deductionem
1199 859 1392 906 autem
1426 846 1554 904 finis
1590 845 1882 905 bonorum
1914 865 1946 903 a
1981 856 2188 902 natura
2221 841 2424 901 iisdem
2453 862 2637 921 prope
2663 863 2805 901 cum

741 944 853 1002 iuis
882 942 1079 1003 verbis
1114 944 1262 1003 fieri.
1292 944 1495 1005 Omnis
1531 944 1757 1025 generis
1789 956 2058 1002 naturam
2099 953 2496 1003 conservatam
2523 959 2584 998 se
2612 941 2760 999 velle
2787 964 2804 998 ε

740 1041 865 1119 ejus
893 1041 976 1100 rei
1024 1061 1197 1101 causa
1234 1055 1385 1101 artes
1424 1061 1547 1101 esse
1590 1040 1974 1119 excogitatas,
2008 1052 2230 1098 naturae
2265 1036 2614 1115 adjutrices3
2650 1050 2708 1096 et
2735 1038 2804 1095 in

743 1139 833 1199 his
870 1152 1053 1199 artem
1090 1139 1325 1199 vivendi
1370 1139 1635 1201 maxune.
1687 1143 1970 1197 Naturam
2005 1136 2260 1199 hominis
2293 1134 2486 1195 animo
2530 1147 2803 1195 constare

739 1249 801 1295 et
818 1255 1095 1315 corpore,
1121 1234 1289 1314 cujus
1308 1236 1612 1314 utriusque
1637 1235 1883 1297 virtutes
1912 1253 2018 1313 per
2039 1254 2101 1295 se
2120 1231 2461 1311 expetendae
2489 1232 2626 1293 sint.
2657 1232 2802 1291 Ani-

739 1351 898 1393 mum
939 1331 1133 1393 multis
1176 1331 1363 1391 modis
1407 1330 1644 1410 corpori
1679 1342 1993 1409 praestare,
2044 1342 2218 1405 atque
2259 1329 2342 1386 ita
2380 1347 2615 1406 quoque
2645 1328 2802 1387 illius

738 1428 1013 1500 virtutes,
1054 1426 1177 1487 istis
1210 1445 1341 1504 quae
1369 1425 1503 1484 huic
1530 1426 1726 1487 insint.
1769 1425 2123 1504 Sapientiam
2155 1423 2407 1485 hominis
2433 1422 2797 1503 procuratri-

736 1545 862 1587 cem
888 1544 1040 1596 esse,
1074 1535 1132 1583 et
1160 1522 1523 1601 adjutricem.
1563 1522 1844 1602 Corporis
1877 1520 2035 1585 bona
2077 1521 2300 1594 minus,
2329 1520 2431 1581 illa
2456 1520 2633 1581 animi
2674 1541 2797 1581 ma-

737 1622 888 1683 xime
910 1641 1139 1681 curasse
1154 1665 1172 1693 ‚
1199 1621 1421 1701 quippe
1446 1622 1508 1679 in
1529 1619 1744 1699 quibus
1771 1621 2024 1681 inessent
2040 1618 2280 1698 justitiae
2304 1618 2542 1679 semina.
2577 1620 2797 1679 Primos

732 1721 864 1781 ilios
903 1739 1161 1781 amorem
1194 1720 1345 1779 inter
1380 1732 1548 1779 natos
1586 1731 1645 1777 et
1690 1730 1992 1797 parentes,
2034 1718 2187 1775 inter
2234 1716 2544 1795 coniuges,
2602 1729 2666 1779 et
2704 1738 2798 1777 co-

732 1830 969 1896 gnatos,
1001 1836 1035 1876 a
1064 1829 1274 1875 natura
1307 1815 1681 1892 repetivisse3
1714 1814 1967 1894 indeque
1995 1832 2269 1885 exorsos,
2315 1813 2580 1875 omnium
2604 1814 2796 1873 virtu-

737 1927 860 1973 tum
887 1914 1172 1993 originem
1199 1930 1686 1991 progressumque
1724 1911 2115 1989 expedivisse3
2168 1910 2227 1967 in
2263 1908 2470 1988 hisque
2504 1912 2796 1990 magnitu-

734 2011 889 2071 dinis
915 2011 1124 2082 animi,
1156 2029 1273 2087 qua
1298 2008 1464 2067 facile
1489 2028 1561 2067 ex
1588 2007 1976 2087 philosophiae
2003 2006 2311 2087 praeceptis
2341 2006 2592 2067 fortunae
2616 2010 2797 2087 possit

736 2109 957 2169 resisti:
987 2107 1250 2167 similiter
1276 2105 1624 2185 cognitionis
1646 2104 1932 2178 studium,
1957 2104 2401 2183 temperantiam
2430 2116 2492 2164 et
2511 2104 2793 2185 justitiam

734 2201 872 2261 inde
918 2222 1041 2261 esse
1085 2201 1433 2272 derivatam3
1475 2213 1652 2279 atque
1695 2201 1779 2260 sic
1820 2200 2182 2263 honestatem
2226 2219 2486 2275 omnem,
2520 2207 2553 2274 S
2598 2204 2796 2263 16-18.

736 2304 875 2359 Haec
899 2318 1031 2357 cum
1060 2299 1391 2359 Stoicorum
1414 2298 1660 2359 decretis
1683 2318 1747 2356 re
1778 2298 2103 2358 consentire
2119 2341 2137 2369 ,
2175 2316 2283 2356 nec
2315 2298 2538 2361 Zenoni
2565 2302 2816 2360 causam·

736 2395 940 2469 fuisse,
962 2398 1066 2475 qui
1086 2396 1161 2456 ab
1184 2396 1419 2457 illorum
1448 2395 1822 2475 philosophia
1848 2395 2198 2468 discederet,
2226 2401 2258 2469 ς
2287 2415 2376 2472 19.

815 2499 1019 2573 Neque
1054 2494 1190 2555 inde
1217 2505 1457 2574 peccata
1488 2492 1755 2571 quaedam
1795 2492 2168 2571 antiquorum
2198 2493 2525 2565 emendari,
2556 2495 2636 2568 si,
2662 2515 2794 2572 quae

731 2595 815 2657 ini
853 2595 1011 2663 bona
1048 2596 1313 2675 corporis
1342 2594 1645 2666 dixerant,
1671 2582 1795 2657 h'aee
1822 2593 2041 2655 Zenoni
2066 2613 2184 2655 uon
2211 2593 2400 2667 bona,
2435 2595 2538 2659 sed
2551 2617 2791 2673 ματρο-

729 2694 872 2764 sita,
912 2706 972 2752 et
1009 2692 1436 2763 indifferentia3
1484 2693 1569 2763 si,
1608 2712 1740 2770 quae
1775 2691 1892 2753 iuis
1925 2693 2288 2766 expetenda,
2337 2692 2477 2762 huic
2509 2698 2791 2757 sumenda

731 2788 1037 2861 dicautur3
1079 2801 1139 2847 et
1179 2787 1352 2865 hujus
1398 2788 1625 2866 generis
1664 2789 1795 2848 alia.
1844 2791 1983 2849 Haec
2024 2787 2242 2862 justam
2293 2808 2526 2859 causam
2571 2790 2789 2852 nullam

732 2886 1046 2967 praebuisse
1062 2930 1079 2958 ‚
1127 2886 1283 2949 unde
1326 2906 1476 2944 nova
1530 2886 1834 2967 disciplina
1877 2885 2246 2949 conderetur.
2295 2892 2381 2949 Eo
2436 2890 2642 2953 referri
2682 2890 2791 2951 ista

729 3006 995 3065 quoque,
1024 2986 1219 3049 omnia
1246 2983 1386 3045 vitia
1415 2983 1625 3044 similia
1654 3003 1804 3057 esse;
1842 2985 2041 3045 omnia
2079 2996 2316 3063 peccata
2351 2987 2547 3063 μαίας
2593 3006 2792 3049 omnes

730 3108 850 3146 non
881 3085 1173 3163 sapientes
1197 3102 1420 3147 summe
1448 3083 1706 3143 miseros.
1745 3083 1876 3143 Istis
1909 3083 2343 3163 philosophiam
2372 3095 2622 3147 veterem
2651 3104 2789 3143 cor-

727 3183 841 3262 rigi
865 3180 1280 3259 emendarique
1305 3179 1568 3252 minime3
1597 3181 1819 3258 quippe
1855 3177 2070 3258 quibus
2106 3178 2181 3243 ad
2217 3178 2396 3241 vitam
2423 3198 2790 3243 communem

731 3279 1053 3352 translatis,
1078 3279 1428 3341 misceantur
1448 3275 1661 3339 omnia.
1687 3281 1760 3339 Et
1787 3276 1993 3339 miram
2019 3295 2157 3337 sane
2182 3275 2332 3335 hanc
2359 3274 2788 3357 philosophiam

729 3396 880 3448 esse,
904 3396 1033 3453 qum
1056 3375 1352 3439 communi
1374 3394 1537 3435 more
1557 3373 1794 3454 publice
1818 3375 2111 3451 loquatur,
2141 3374 2412 3453 privatim
2433 3392 2579 3443 sung
2614 3373 2789 3449 idque

729 3476 943 3549 nugis,
995 3491 1177 3548 quum
1225 3469 1403 3531 verba
1458 3470 1638 3533 modo
1689 3470 1801 3533 alia
1855 3471 1969 3531 sint
1989 3514 2004 3541 ,
2073 3490 2162 3531 res
2213 3482 2481 3533 maneant
2531 3468 2744 3531 eaedem
2768 3514 2786 3543 ,

726 3576 760 3639 S
787 3570 993 3633 tuo-23.

804 3664 1055 3743 Propius
1078 3663 1199 3741 jam
1223 3664 1297 3727 ad
1321 3665 1560 3725 Catonis
1586 3664 1879 3742 disputata
1902 3666 1983 3725 sic
2012 3664 2237 3727 accedit
2259 3665 2466 3724 Cicero
2482 3706 2501 3735 ,
2534 3676 2597 3723 ut
2620 3667 2785 3741 quasi

726 3784 837 3844 pro
859 3765 1144 3826 concessis
1162 3777 1382 3839 utatur,
1416 3766 1477 3825 in
1503 3764 1717 3843 quibus
1742 3765 1922 3825 Stoici
1950 3786 2084 3825 cum
2107 3763 2465 3826 Academicis
2488 3765 2787 3843 Peripate-

726 3862 970 3942 ticisque
1001 3862 1247 3935 faciant3
1278 3876 1336 3922 et
1356 3876 1563 3923 contra
1590 3882 1660 3922 ea
1681 3862 1859 3923 modo
1884 3862 2068 3937 dicat,
2102 3884 2236 3942 quae
2248 3881 2386 3922 vere
2409 3873 2790 3920 controversa

720 3961 871 4021 sint:
904 3959 978 4021 ad
1008 3981 1140 4039 quae
1166 3974 1331 4040 optat
1354 3968 1524 4033 Cato,
1559 3974 1624 4020 ut
1653 3961 1776 4032 hic,
1816 3961 2088 4041 populari
2122 3962 2348 4021 ratione
2384 3959 2613 4031 relicta,
2647 3980 2789 4037 pro-

726 4058 869 4137 priis
893 4057 1377 4138 philosophorum
1408 4058 1597 4118 verbis
1628 4057 1887 4118 disserat.
1917 4058 2202 4136 Repetitis
2235 4059 2409 4136 igitur
2438 4056 2632 4129 brevi,
2659 4078 2789 4134 quae

724 4157 957 4235 utrique
982 4156 1309 4217 communia
1336 4154 1617 4229 habeant,
1647 4155 1720 4215 de
1751 4168 1973 4216 naturae
1996 4154 2203 4226 initiis,
2233 4154 2310 4235 ¹de
2335 4154 2532 4214 animo
2565 4169 2624 4215 et
2653 4174 2788 4212 cor·-
