3217 4784
693 357 778 428 32
1356 360 1452 425 M.
1502 359 1576 422 T.
1634 356 2122 424 CICERONIS

644 482 651 490 ’
689 494 951 552 statuat
982 476 1389 548 industriae?
1426 470 1678 545 Nam¹³
1700 528 1719 558 ‚
1752 489 1834 545 ut
1878 476 2348 545 Terentianus
2372 474 2436 530 ¹⁴
2471 476 2812 547 Chremes

691 616 840 662 non
868 589 1340 672 inhumatum,
1372 585 1515 682 qui·
1537 609 1802 654 novum
1838 585 2155 655 vicinum
2184 610 2334 656 non
2366 585 2525 655 vult

942 712 1165 774 Fodere
1184 756 1199 783 ,
1225 725 1325 769 aut
1351 731 1547 782 arare,
1584 723 1686 769 aut
1711 709 1929 788 aliquid
1961 711 2112 768 ferre
2136 711 2417 789 denique3

687 873 838 921 non
878 847 1071 916 enim
1110 843 1310 914 illum
1352 840 1442 912 ab
1482 840 1868 928 industria,
1903 840 2030 911 sed
2071 839 2162 911 ab
2205 840 2533 913 illiberali
2570 839 2815 911 labore

689 958 1048 1029 deterret:
1084 954 1182 1024 sic
1211 952 1328 1022 isti
1361 952 1667 1038 curiosi,
1693 975 1878 1047 quos
1913 949 2216 1023 offendit
2242 966 2491 1024 noster
2522 952 2816 1022 minime

689 1065 906 1137 nobis
954 1061 1395 1159 injucundus
1436 1061 1663 1132 labor.

624 1204 657 1260 4
787 1180 875 1247 ΙΙ.
904 1176 1029 1245 His
1056 1175 1272 1270 igitur
1300 1186 1409 1242 est
1432 1169 1790 1242 difficilius
1821 1169 2223 1243 satisfacere
2249 1184 2269 1216 ¹
2280 1172 2470 1268 ‚qui
2496 1194 2571 1241 se
2594 1169 2813 1240 latina

692 1287 995 1383 scripta²
1030 1282 1289 1353 dicunt
1331 1295 1843 1367 contemnere3
1888 1284 1963 1350 in
2008 1280 2276 1378 quibus
2323 1282 2461 1352 hoc
2496 1281 2817 1378 primum

693 1412 800 1469 est
854 1397 929 1467 in
979 1419 1129 1490 quo
1174 1388 1579 1463 admirer³z
1627 1414 1756 1461 cur
1793 1392 1868 1460 in
1917 1392 2343 1487 gravissimis
2391 1392 2611 1468 rebus
2669 1420 2819 1466 non

692 1559 798 1597 not.
842 1549 874 1595 6
904 1581 919 1607 ,
989 1557 1168 1593 noatrae
1219 1543 1502 1616 editionis).
1556 1541 1712 1589 Verbi
1798 1542 1879 1589 Sic
1903 1541 2096 1590 demum
2121 1542 2330 1608 denique
2356 1557 2578 1595 accurate
2605 1549 2722 1596 coit.
2752 1548 2819 1597 G.

693 1639 853 1677 antem
879 1626 1032 1675 subet.
1061 1624 1125 1674 ad
1151 1624 1408 1690 participia
1439 1623 1715 1670 futurorum

1872 1624 1940 1669 11.
1972 1639 1990 1669 1
2005 1658 2016 1671 .
2043 1622 2130 1670 His
2149 1622 2293 1688 igitur
2315 1635 2387 1671 ese
2410 1624 2659 1693 difficilius
2676 1626 2822 1675 satis·

692 1709 880 1774 passiva
902 1708 1167 1755 solemnem
1184 1704 1492 1751 omissionem
1510 1700 1572 1749 ad
1589 1700 1714 1751 libb.
1786 1698 1968 1764 faeere
1986 1738 2003 1764 ‚
2044 1702 2145 1765 qui.
2197 1703 2385 1752 Primus
2430 1704 2484 1753 h.
2533 1705 2568 1753 l.
2615 1705 2823 1754 offendit

695 1789 756 1837 de
783 1791 927 1850 Legg.
953 1795 1001 1833 et
1023 1782 1213 1832 Acadd.
1242 1781 1420 1845 saepiua
1442 1780 1715 1827 docuimus.

694 1866 836 1915 Adde
851 1899 866 1925 ,
894 1866 935 1911 ei
970 1880 1020 1910 v.
1066 1859 1309 1923 sapi-entia
1340 1868 1513 1905 auctor
1554 1856 1716 1904 denno

695 1944 812 1993 addi
836 1941 1100 1997 voluisset,
1126 1938 1213 1985 vix
1238 1947 1350 1985 ante
1377 1950 1437 1981 ea
1464 1932 1719 1981 additurus

695 2025 880 2073 fuisset.
907 2021 1130 2068 Ceterum
1159 2014 1437 2079 probatiore
1456 2010 1719 2059 verborum

695 2103 815 2153 serie
836 2098 974 2148 Gud.
1004 2114 1025 2145 1
1045 2132 1062 2159 ,
1082 2111 1143 2143 ea
1168 2094 1304 2144 nobis
1324 2092 1493 2141 solum.

774 2183 855 2229 13.
885 2179 1045 2236 Nam,
1083 2186 1137 2222 ue
1173 2209 1187 2223 .
1208 2207 1220 2220 .
1244 2207 1256 2221 .
1293 2188 1392 2220 non
1423 2169 1718 2219 inhumanus

709 2297 720 2308 .
743 2298 755 2310 .
780 2294 793 2305 .
822 2245 890 2306 sie
916 2256 999 2304 isti
1029 2253 1222 2303 curiosi.
1261 2254 1413 2300 Recte
1452 2251 1719 2299 vindicavit

696 2341 803 2387 haec
846 2335 1006 2384 Bremi
1043 2344 1210 2382 contra
1259 2332 1602 2385 Alemanuum,
1633 2331 1717 2394 qni

696 2420 804 2467 haec
827 2425 987 2463 mente
1014 2413 1245 2461 destituta
1266 2410 1534 2473 judicabat.
1573 2408 1719 2458 Adde

658 2538 664 2549 .
695 2496 793 2545 hoc
810 2494 987 2551 modo,
1026 2491 1161 2557 qnod
1187 2500 1387 2549 auctor,
1413 2506 1477 2537 ne
1513 2490 1617 2553 ipse
1641 2489 1718 2535 in-

696 2573 1005 2624 humanitatis
1044 2574 1346 2620 incusaretur
1365 2604 1380 2629 ,
1424 2570 1477 2616 in
1519 2568 1721 2631 apposi-

700 2655 835 2703 tione
853 2651 1036 2700 curiosi
1048 2664 1141 2715 pro
1171 2646 1447 2695 inhumanis
1464 2645 1606 2692 dixit.
1628 2645 1721 2693 1110

700 2735 828 2782 enim
857 2731 918 2779 ab
953 2727 1185 2777 illiberali
1216 2727 1385 2774 labore
1427 2724 1721 2783 deterrente,

699 2812 806 2861 istis
821 2827 846 2858 a
870 2809 1062 2858 liberali
1082 2843 1097 2868 ,
1133 2821 1292 2870 eoque
1327 2820 1422 2852 reon
1442 2803 1721 2867 injucunda.

700 2894 924 2941 Ceterum
950 2899 1003 2935 ue
1029 2922 1042 2934 .
1066 2922 1078 2934 .
1101 2921 1114 2935 .
1142 2885 1454 2948 sicopposita
1478 2884 1721 2946 jungunt,

700 2981 758 3019 nt
779 2970 924 3027 alibi,
948 2968 1013 3015 cf.
1038 2967 1164 3014 infra
1186 2968 1240 3023 1,
1270 2979 1365 3020 21,
1387 2963 1598 3022 67311,
1623 2963 1683 3009 31
1705 2996 1720 3021 ,

708 3066 826 3109 noo,
866 3059 1011 3113 atque
1050 3044 1252 3110 cogitari
1295 3042 1356 3089 ad
1401 3041 1471 3089 sic
1487 3076 1503 3098 ,
1550 3052 1724 3089 contra

702 3129 845 3177 debet
867 3143 880 3177 ι
903 3143 1013 3190 quae
1035 3125 1153 3173 aliae
1174 3122 1387 3172 additur.
1407 3122 1557 3169 Tuae.
1573 3123 1638 3181 V,
1665 3121 1723 3183 6,

708 3208 800 3266 16,
846 3227 871 3247 ι
902 3216 955 3252 ut
994 3205 1046 3251 hi
1081 3202 1241 3251 miseri
1265 3235 1281 3260 ,
1327 3200 1398 3248 aie
1438 3210 1606 3247 contra
1651 3199 1722 3247 illi

701 3284 831 3334 beati
852 3306 892 3330 υ.
913 3286 1089 3331 Parnm
1112 3291 1242 3330 reete
1260 3279 1410 3344 igitur
1426 3279 1723 3338 Bremihoc,

703 3364 838 3430 quod
874 3364 963 3411 has
993 3371 1138 3426 partt.
1179 3376 1272 3425 pro
1300 3375 1602 3433 quamquam
1630 3394 1643 3408 .
1664 3394 1677 3406 .
1699 3393 1712 3406 .

703 3455 865 3492 tamen
893 3457 1048 3506 graece
1072 3440 1256 3505 positas
1271 3439 1464 3501 accipit.
1484 3439 1546 3486 G.

778 3531 864 3579 ιὰ.
890 3518 1200 3567 Terentianus
1217 3516 1451 3566 chremes.
1470 3519 1528 3563 In
1546 3518 1725 3565 Heaut-

705 3612 800 3649 act.
823 3603 848 3647 l
866 3635 881 3658 ,
911 3615 978 3646 ae.
1007 3614 1025 3644 ι
1045 3632 1059 3657 ,
1078 3614 1125 3645 v.
1164 3612 1185 3643 1
1201 3612 1279 3657 17.
1312 3594 1561 3658 Pet-placet
1582 3597 1728 3644 Bent-

703 3680 785 3727 leii
805 3676 1084 3747 conjectura
1103 3708 1118 3734 ,
1130 3674 1309 3739 faeere
1326 3688 1419 3737 pro
1422 3671 1565 3737 ferre
1585 3690 1726 3738 repo·

705 3757 883 3806 nentis.
911 3759 1049 3803 Errat
1072 3756 1199 3801 enim
1218 3753 1402 3811 Bremi‚
1425 3752 1465 3799 si
1483 3751 1728 3801 notionem

706 3835 905 3884 m‘miun'n
921 3834 1201 3898 generalem
1215 3833 1284 3880 sic
1296 3831 1486 3880 intrudi
1506 3831 1696 3891 iudicat
1710 3846 1724 3880 :

707 3912 901 3978 aliquid
923 3912 1049 3960 enim
1071 3923 1174 3960 tum
1191 3927 1284 3977 pro
1303 3910 1446 3959 aliud
1461 3909 1585 3973 quid
1600 3910 1727 3957 aeci-

706 3991 938 4059 piendum
965 4000 1064 4053 eet,
1099 4002 1156 4040 ut
1181 3992 1467 4056 saepissime,
1491 4000 1540 4037 et
1559 3990 1726 4053 paucis

707 4082 819 4119 ante
840 4069 870 4135 §
892 4086 938 4128 1,
961 4069 1049 4118 fin.
1072 4070 1263 4135 aliquos
1274 4068 1476 4134 ficturos
1491 4066 1721 4133 suspicor.

1801 1780 1949 1828 Rath.
1991 1781 2255 1845 maluitque
2280 1784 2385 1831 haec
2412 1783 2475 1831 ad
2500 1783 2822 1848 praecedentia

1803 1858 1877 1904 aio
1908 1859 2261 1908 accommodari
2281 1895 2295 1919 ,
2323 1872 2378 1909 ut
2399 1872 2511 1909 ante
2528 1861 2616 1926 qui
2633 1874 2821 1926 puncto

1804 1938 2015 1999 inaximo
2057 1938 2243 2001 posito,
2287 1940 2457 2003 paullo
2497 1950 2612 2005 poet
2655 1956 2747 2005 pro
2770 1942 2821 1991 in

1804 2014 2007 2078 quibus,
2043 2016 2281 2079 legeretur
2322 2019 2372 2065 in
2411 2018 2484 2067 iis.
2511 2019 2658 2069 Nolle
2692 2021 2820 2069 enim

1802 2103 2048 2142 auctorem
2067 2095 2228 2144 dicere
2241 2131 2256 2155 ‚
2275 2097 2494 2159 videbat,
2511 2098 2824 2166 illizfact’lt'us

1805 2171 2024 2222 satisfieri
2076 2190 2247 2239 posse,
2271 2194 2417 2242 qnam
2460 2179 2606 2228 latina
2654 2193 2826 2231 conte·

1803 2253 2100 2302 umentibus.
2144 2256 2240 2304 Sed
2268 2256 2471 2307 desierat
2512 2271 2685 2309 auctor
2711 2277 2824 2309 cum

1804 2332 2011 2397 quadam
2050 2335 2413 2398 indignatione,
2441 2348 2586 2401 atque
2623 2340 2722 2400 aie,
2767 2350 2825 2388 ut

1805 2423 1906 2459 tum
1951 2413 2102 2472 solet,
2150 2414 2415 2462 orationem
2445 2416 2655 2480 abrupit.
2695 2418 2825 2465 Vide

1805 2507 1899 2538 noa
1917 2490 1975 2537 ad
1997 2490 2186 2538 Acadd.
2208 2493 2292 2550 11,
2322 2502 2382 2548 41
2406 2527 2421 2550 ,
2452 2509 2565 2556 127.
2592 2499 2702 2544 Jam
2719 2497 2825 2544 haec

1806 2585 1918 2617 cum
1958 2569 2211 2617 antecedd.
2253 2573 2318 2618 ita
2363 2573 2608 2622 cohaerent
2625 2610 2639 2633 ,
2682 2591 2739 2622 ac
2782 2576 2824 2623 ai

1807 2651 2038 2712 scriptum
2057 2662 2208 2699 esset:
2236 2672 2261 2691 n
2280 2651 2381 2698 Illis
2399 2652 2667 2702 satisfacere
2680 2690 2694 2713 ,
2722 2657 2758 2703 i.
2781 2672 2823 2704 e.

1807 2730 2043 2774 rationem
2054 2727 2181 2776 hauc
2200 2745 2351 2777 meam
2368 2732 2598 2795 probare,
2615 2736 2654 2781 ai
2673 2736 2826 2783 velint

1806 2807 2027 2855 homines
2058 2824 2190 2867 esee,
2236 2812 2404 2874 paucis
2429 2811 2519 2873 iia,
2546 2830 2654 2877 quae
2690 2815 2826 2878 dixi,

1806 2886 1921 2934 licet
1942 2902 1954 2934 :
1982 2886 2057 2932 his
2074 2899 2231 2935 autem
2251 2888 2529 2952 difficifius3
2557 2893 2825 2958 longiorem

1806 2965 1958 3029 igitur
1973 2983 2048 3014 res
2066 2968 2333 3017 orationem
2360 2970 2598 3026 desiderat
2614 2995 2655 3020 a.
2676 2975 2739 3022 G.

1882 3061 1931 3094 2.
1987 3046 2166 3094 latina
2215 3050 2410 3112 scripta.
2463 3053 2613 3100 Recte
2664 3070 2677 3100 ι
2725 3069 2827 3102 non

1808 3123 1957 3172 latine
1985 3126 2195 3191 scripta5
2224 3145 2375 3193 quum
2408 3129 2584 3195 scripta
2602 3131 2828 3180 substan-

1810 3203 1907 3251 tive
1925 3216 2155 3268 ponatur,
2170 3207 2559 3272 adjectivumque
2573 3210 2686 3258 ideo
2707 3226 2828 3275 prae·

1809 3284 2006 3332 missum
2028 3286 2123 3345 ait,
2166 3285 2300 3349 quod
2325 3287 2400 3334 vis
2427 3290 2662 3338 enuntiati
2689 3290 2744 3337 in
2768 3305 2829 3338 eo

1811 3364 2134 3413 contineatur.
2162 3365 2223 3414 G.

1884 3443 1934 3491 3.
1964 3445 2024 3490 In
2072 3443 2241 3507 quibus
2267 3444 2361 3492 hoc
2385 3462 2469 3509 pr.
2512 3459 2582 3495 ese
2629 3447 2678 3496 in
2729 3464 2827 3513 quo

1811 3520 2045 3570 admae‘rer.
2073 3521 2208 3570 Alibi
2242 3525 2370 3572 enim
2412 3538 2580 3574 auctor
2615 3527 2747 3588 fere,
2775 3526 2827 3574 iu

1813 3599 2006 3663 quibus.
2032 3634 2043 3647 .
2067 3636 2079 3648 .
2116 3613 2186 3648 est
2209 3637 2224 3660 ,
2278 3605 2418 3667 quod
2463 3605 2596 3654 adm.
2639 3617 2695 3655 ut
2734 3606 2829 3654 Th.

1811 3678 1969 3726 Bentl.
2002 3679 2105 3725 sine
2144 3681 2426 3729 necessitate
2464 3684 2690 3744 conjecit.
2734 3684 2831 3734 Sed

1812 3757 1971 3806 Bremi
1991 3756 2124 3821 vulg.
2153 3758 2417 3808 defendens
2436 3797 2452 3823 ,
2474 3777 2576 3809 rem
2592 3779 2696 3811 non
2713 3780 2832 3811 con·

1813 3835 1954 3894 fecit,
1973 3852 2148 3899 quum,
2164 3860 2188 3877 κ
2207 3838 2259 3885 in
2279 3838 2438 3903 aliqua
2464 3858 2516 3888 re
2536 3838 2795 3899 admirari»
2814 3877 2830 3901 ,

1815 3925 1943 3962 recte
1966 3914 2064 3962 dici
2086 3915 2360 3966 defenderet
2382 3934 2395 3967 ε
2415 3919 2597 3985 duplex
2616 3933 2832 3970 constru-

1815 3994 1914 4041 ctio
1932 3994 1979 4040 h.
2003 3992 2037 4040 l.
2052 3994 2274 4059 jungitur
2292 4031 2309 4053 ,
2332 4021 2357 4039 ιι
2377 3999 2427 4046 in
2452 3998 2647 4048 homine
2666 4037 2682 4062 ,
2706 4012 2753 4049 et
2776 4001 2830 4048 in

1815 4088 1867 4119 re
1907 4071 2091 4136 aliquid
2132 4074 2353 4123 admirari
2374 4100 2398 4118 n
2427 4112 2442 4134 ,
2488 4080 2625 4139 cujus
2675 4080 2831 4127 simile
