3217 4784
822 417 944 483 DE
993 416 1162 484 FlN.
1218 418 1421 484 BON.
1478 418 1591 484 ET
1644 419 1859 485 MAL.
1915 420 2015 498 11,
2057 414 2165 485 25.
2422 414 2560 509 259

438 536 796 620 defendis,
840 551 1200 634 praecepta
1249 560 1410 632 quae
1459 535 1800 619 didicisti,
1852 563 2013 634 quoe
2053 536 2352 635 probaS,
2395 537 2560 607 fun-

436 647 625 717 ditus
675 661 1007 718 evertunt
1052 646 1466 731 amicitiam3
1499 647 1832 741 'quamvis
1871 671 2026 717 earn
2057 647 2444 744 EpicuruS,
2484 663 2567 716 ut

434 755 636 843 facit,
675 758 749 825 in
788 754 1041 826 caelum
1091 751 1345 824 efferat
1386 752 1741 825 laudibus,
1781 758 1872 824 At
1922 756 2146 826 coluit
2192 758 2344 854 ipse
2390 758 2566 827 ami·

432 869 648 937 citias.
700 866 924 953 Quasi
969 865 1131 960 quis
1182 862 1388 933 illum
1430 875 1696 960 neget²
1739 879 1811 935 et
1858 864 2133 936 bonum
2183 869 2453 951 virum,
2496 882 2571 939 et

434 1000 754 1061 comem,
801 980 872 1045 e't
904 970 1353 1044 humanum³
1381 972 1625 1045 fuisse.
1671 978 1780 1045 De
1822 977 2113 1070 ingenio
2151 978 2302 1071 ejus
2341 980 2416 1048 in
2458 977 2569 1046 his

434 1081 1083 1183 disputationibus,
1120 1108 1268 1154 non
1303 1083 1394 1155 de
1430 1083 1759 1155 moribus
1785 1086 2151 1182 quaeritur.
2198 1090 2303 1158 Sit
2335 1089 2467 1160 ista
2493 1090 2566 1157 in

436 1202 853 1265 Graecorum
900 1192 1187 1264 levitate
1242 1197 1709 1291 perversitas-2,
1763 1197 1893 1293 qui
1935 1195 2329 1268 maledictis
2376 1200 2569 1269 inse-

436 1319 726 1375 ctantur
784 1329 937 1390 eos,
991 1328 1035 1374 a
1090 1304 1361 1401 quibus
1422 1304 1512 1377 de
1569 1307 1867 1376 veritate
1917 1306 2373 1378 dissentiunt.
2431 1308 2572 1379 Sed

437 1417 762 1510 quamvis
811 1414 1035 1485 comis
1087 1418 1162 1484 in
1202 1416 1531 1486 amicitiis
1567 1415 1857 1486 tuendis
1904 1414 2158 1502 fuerit,
2193 1432 2472 1504 tamen,
2516 1421 2574 1488 si

437 1526 587 1596 haec
624 1549 791 1596 vera
827 1524 1051 1596 sunt4
1087 1526 1113 1615 (
1135 1525 1317 1596 nihil
1350 1527 1542 1596 enirn
1587 1523 1956 1619 affirmo),
2002 1550 2152 1594 non
2191 1530 2358 1602 satis
2405 1552 2574 1598 acu-

509 1711 558 1745 a.
581 1695 735 1760 Quasi
762 1694 871 1759 quis
901 1729 915 1744 .
936 1729 947 1741 .
972 1729 986 1741 .
1019 1703 1177 1757 neget.
1207 1694 1343 1741 Goer.
1378 1691 1461 1739 dat

437 1774 548 1838 quis
564 1782 777 1838 quoeso..
794 1808 806 1821 .
838 1783 1000 1836 negat.
1013 1772 1257 1833 Quatuor,
1274 1770 1435 1833 inquit
1446 1803 1463 1830 ‚

437 1869 655 1902 meorum
679 1854 881 1917 optimi,
897 1851 1005 1916 quis
1024 1850 1171 1913 quasi
1196 1885 1209 1898 .
1222 1886 1233 1896 .
1246 1883 1262 1897 .
1281 1859 1463 1912 negat.-

438 1949 527 1980 nec
554 1931 694 1983 aliter
724 1933 807 1989 alii
843 1932 1065 1980 aliorum.
1094 1932 1306 1993 Quintus
1329 1926 1462 1979 Gud.

446 2026 465 2055 1
489 2044 504 2069 ,
544 2021 671 2059 certe
718 2027 830 2059 cum
870 2010 1026 2058 tribus
1072 2011 1270 2058 Oxonn.
1310 2019 1465 2074 negat

439 2084 615 2146 refert,
643 2099 696 2135 ut
734 2100 903 2137 contra
938 2090 1089 2137 Mars.
1124 2089 1329 2154 simplex
1355 2088 1463 2151 quis

440 2167 589 2231 quasi
607 2168 766 2215 refert.
808 2169 967 2233 Neget
993 2179 1151 2216 autem
1190 2184 1251 2216 an
1279 2169 1331 2215 in
1358 2169 1463 2216 ullo

439 2246 610 2293 codice
656 2247 843 2309 legatur
861 2280 878 2305 ,
930 2245 1124 2296 dubito.
1162 2248 1263 2294 Tot
1311 2245 1460 2294 codd.

440 2324 651 2387 vestigiis
672 2325 892 2372 resistere
918 2339 1019 2371 non
1040 2326 1315 2389 potuimus,
1341 2325 1460 2386 quin

440 2402 551 2468 quis
574 2420 740 2466 qua-so
787 2434 803 2450 .
821 2434 835 2448 .
857 2437 869 2449 .
916 2415 1094 2467 negat,
1142 2403 1375 2451 suadente
1393 2404 1464 2450 sic

434 2485 533 2543 jam
554 2483 753 2530 Davisio
767 2517 782 2541 ‚
805 2483 1156 2545 corrigeremus
1169 2518 1186 2544 ,
1210 2498 1361 2545 quum
1385 2481 1465 2529 vel

438 2578 585 2627 snpra
617 2577 645 2609 a
666 2596 681 2620 ,
720 2562 752 2608 6
771 2595 786 2619 ,
827 2560 991 2621 eadem
1037 2577 1237 2625 prorsus
1279 2562 1463 2608 ratione

439 2657 642 2707 peccare
672 2641 818 2688 codd.
849 2640 1136 2688 vidissemus
1154 2676 1170 2701 ‚
1215 2655 1463 2704 quumque

438 2721 666 2769 similiter
683 2719 945 2784 saepissime
974 2720 1145 2768 Cicero
1160 2754 1175 2779 ‚
1192 2736 1244 2769 v,
1265 2737 1311 2767 c.
1338 2719 1460 2766 infra

440 2801 528 2859 lv,
547 2801 641 2856 26,
663 2815 725 2859 72
743 2830 758 2856 ,
787 2819 813 2837 υ
832 2798 942 2860 quis
963 2797 1123 2855 istud,
1148 2814 1313 2862 quaeso
1333 2832 1348 2856 ‚
1372 2814 1458 2844 ne-

439 2879 626 2926 sciebat
641 2899 668 2919 »
690 2894 706 2937 ;
733 2875 817 2924 ubi
835 2892 972 2939 aeque
992 2878 1161 2941 scripti
1188 2878 1335 2940 quasi
1349 2894 1464 2942 pec-

441 2967 571 3006 cant.
600 2958 669 3005 At
715 2953 943 3018 displicet
984 2956 1056 3001 sic
1100 2955 1194 3019 legi
1234 2957 1458 3007 Bremio:

441 3037 614 3098 frigere
637 3035 719 3082 hic
756 3034 871 3082 inde
889 3033 1056 3081 locum
1085 3033 1218 3082 dicit.
1244 3036 1352 3083 Nos
1378 3035 1463 3083 fri·

443 3131 531 3179 gus
553 3131 668 3162 sane
689 3112 878 3161 nullum
898 3112 1149 3160 sentimus.

514 3191 565 3245 3.
605 3193 797 3241 Comem
821 3226 837 3251 ,
875 3203 923 3240 et
953 3190 1232 3240 humanum.
1256 3191 1389 3241 Gud.
1418 3207 1465 3255 1,

442 3274 550 3321 Bas.
575 3283 622 3319 et
642 3274 700 3321 Ε.
735 3271 820 3335 qui
854 3286 1132 3328 commune,
1167 3281 1216 3318 et
1243 3269 1374 3318 Gnd.
1403 3287 1431 3318 2
1449 3305 1465 3330 ,

442 3355 529 3417 qui
542 3351 930 3399 commendatum
948 3350 1182 3398 exhibent
1193 3384 1208 3408 ,
1229 3350 1336 3397 vitii
1347 3350 1465 3413 quid

443 3433 596 3480 iubis
623 3431 862 3496 suspicari
886 3431 1092 3480 faciunt.
1130 3430 1183 3477 Si
1211 3429 1332 3492 quid
1348 3446 1465 3492 pec-

442 3522 602 3559 catum
629 3524 732 3568 est,
756 3525 818 3557 ex
843 3509 1138 3572 compendio
1160 3518 1276 3573 puta
1312 3520 1324 3553 ε
1355 3524 1465 3555 nam

441 3578 573 3639 eoem
590 3625 606 3649 ‚
636 3603 934 3637 communem
953 3587 1124 3636 scribis
1147 3598 1301 3636 notat.
1319 3588 1467 3635 Poni-

443 3681 523 3719 tur
543 3681 703 3718 autem
731 3667 907 3731 saepius
935 3667 1038 3714 hnc
1064 3684 1166 3715 vox
1200 3666 1262 3715 de
1282 3668 1466 3726 amieo,

441 3750 507 3798 cf.
534 3749 649 3797 Lael.
676 3764 693 3795 t
707 3748 736 3795 8
754 3781 771 3806 ,
789 3747 856 3795 65
881 3761 895 3795 :
919 3769 945 3789 ιι
962 3746 1243 3813 simplicem
1264 3757 1313 3795 et
1332 3762 1465 3794 com-

440 3844 635 3876 munem
670 3837 719 3875 et
745 3826 1158 3885 consentientem,
1191 3825 1279 3889 qni
1314 3824 1458 3873 rebus

443 3906 615 3954 iisdem
643 3916 921 3963 moveatur,
938 3905 1051 3968 eligi
1073 3921 1160 3969 par
1182 3915 1255 3953 est
1277 3926 1317 3953 n.
1336 3905 1459 3952 Cato

443 3986 564 4045 Maj.
594 4003 648 4046 ¹7
670 4020 687 4045 ,
710 3987 805 4048 59,
832 4007 857 4026 κ
877 3996 925 4037 et
942 3986 1116 4033 ceteris
1139 3985 1192 4033 in
1212 3984 1355 4032 rebus
1372 4000 1459 4031 co-

444 4078 569 4111 mem
583 4080 693 4127 erga
712 4064 1011 4129 Lysandrum
1031 4075 1179 4129 atque
1202 4065 1465 4112 humanum

444 4142 592 4190 fuisse
609 4176 623 4201 ,
675 4156 723 4192 et
777 4144 824 4193 ei
870 4143 1129 4208 quemdam
1177 4154 1464 4208 conseptum

1555 1707 1746 1755 agrum,
1778 1691 2034 1755 diligenter
2086 1695 2326 1741 consitum
2352 1727 2368 1753 ,
2414 1705 2579 1743 osteu-

1555 1769 1682 1818 disse
1717 1792 1759 1815 a.
1783 1770 1883 1818 Ubi
1909 1773 2068 1821 GraeV.
2099 1787 2161 1818 ex
2187 1771 2314 1819 binis
2335 1773 2435 1820 suis
2459 1774 2578 1822 item

1553 1864 1856 1896 communem
1884 1848 2070 1907 edidit,
2113 1862 2162 1898 et
2206 1853 2363 1898 nostri
2406 1852 2576 1901 itidem

1551 1926 1660 1976 bini
1698 1944 1949 1976 commune
1997 1929 2230 1979 referunt.
2273 1930 2462 1992 Quodsi
2505 1933 2577 1979 ibi

1552 2019 1707 2066 recte;
1745 2008 1841 2055 boc
1895 2018 2066 2055 nostro
2101 2024 2299 2072 quoque
2338 2010 2452 2057 loco
2506 2011 2577 2059 sic

1552 2086 1796 2135 edendum
1816 2099 1890 2136 est
1929 2102 1942 2135 ς
1978 2104 2088 2135 nam
2120 2088 2381 2152 utrobique
2399 2086 2576 2137 huma-

1551 2181 1667 2213 num
1689 2183 1852 2214 comes
1865 2166 2078 2214 additur.
2094 2167 2190 2217 Sed
2207 2170 2250 2215 si
2269 2169 2338 2216 ita
2360 2183 2581 2217 correxe-

1552 2245 1650 2303 ris,
1691 2254 1791 2292 tum
1817 2246 1934 2292 item
1953 2246 2120 2309 paucis
2147 2259 2284 2311 post,
2315 2230 2579 2311 «quamuis

1553 2326 1826 2371 communis
1862 2326 1914 2370 in
1946 2325 2170 2373 amicitiis
2202 2326 2435 2375 tuendis·-
2456 2362 2470 2387 ,
2496 2344 2580 2375 ne·

1553 2404 1763 2451 cessario
1804 2402 2115 2450 scribendum
2172 2406 2264 2452 erit
2303 2404 2579 2470 (repetitur

1554 2482 1684 2528 enim
1704 2481 1778 2528 his
1790 2480 2085 2541 adjectivum
2099 2481 2412 2547 praecedens)
2432 2519 2447 2543 ,
2465 2485 2580 2534 licet

1553 2560 1744 2607 nullum
1782 2558 1852 2607 ibi
1889 2572 2133 2624 corruptae
2164 2560 2389 2609 lectionis
2435 2566 2582 2611 vcsti-

1554 2641 1685 2703 gium
1713 2649 1975 2702 appareat,
2020 2655 2112 2686 nec
2155 2652 2286 2688 recte
2326 2642 2470 2689 etiam
2508 2643 2579 2690 sic

1512 2758 1528 2767 .
1553 2718 1654 2766 dici
1693 2733 1837 2782 posse
1878 2717 2119 2766 videatur.
2171 2719 2310 2768 Nihil
2347 2721 2499 2784 igitur
2524 2722 2576 2770 h.

1549 2796 1588 2844 l.
1615 2808 1887 2857 mutamus,
1922 2797 2151 2861 idemque
2190 2797 2345 2846 altero
2373 2816 2578 2864 quoque

1550 2875 1667 2925 loco
1686 2876 1862 2940 placet.
1874 2879 2098 2927 Ceterum
2112 2876 2280 2924 eadem
2307 2878 2322 2921 i
2324 2894 2410 2940 psa
2429 2878 2579 2926 verba

1551 2956 1683 3020 Spir.
1721 2967 1770 3005 et
1796 2956 1894 3018 Erl.
1921 2964 2248 3018 transponunt
2265 2987 2281 3014 ,
2318 2977 2340 2999 ι
2361 2959 2580 3018 quamvis

1553 3036 1706 3083 comis
1746 3035 1891 3082 fuerit
1936 3035 1988 3079 in
2031 3049 2124 3079 am.
2153 3042 2193 3080 t.
2231 3054 2258 3074 a·
2285 3048 2396 3095 quae
2430 3035 2578 3082 series

1528 3114 1760 3183 ‚vulgatae
1784 3111 2080 3176 praeferenda
2100 3109 2307 3158 videtur.
2337 3112 2398 3159 G.

1627 3199 1676 3247 4.
1705 3190 1760 3237 Si
1788 3189 1892 3236 lure
1916 3204 2040 3236 vera
2061 3199 2191 3237 seme.
2232 3190 2353 3237 Haec
2390 3190 2576 3256 interp.

1555 3268 1757 3331 gallicus
1785 3267 1930 3314 refert
1956 3265 2020 3313 ad
2046 3266 2188 3314 verba
2226 3268 2447 3331 quamvis
2482 3306 2495 3319 .
2516 3305 2529 3318 .
2551 3307 2565 3319 .

1538 3345 1703 3413 fuerit
1717 3383 1733 3409 ,
1748 3347 2016 3409 vertitque:
2041 3341 2130 3393 S'il
2140 3356 2210 3393 ese
2228 3347 2349 3395 vmi
2368 3349 2490 3412 qu'il
2505 3352 2580 3400 ait

1554 3425 1628 3473 έιό
1646 3424 1805 3492 fidele
1826 3440 1886 3472 en
1905 3424 2074 3472 amici&
2091 3427 2227 3485 (car
2256 3427 2309 3488 je
2328 3426 2578 3496 n'affirme

1553 3505 1657 3553 rien
1684 3504 1991 3567 ld-dessns).
2015 3507 2073 3553 In
2097 3521 2196 3568 quo
2216 3505 2291 3554 bis
2315 3522 2472 3555 errat-e
2493 3526 2577 3557 no·

1553 3587 1631 3635 bis
1649 3586 1859 3645 videtur,
1885 3587 2063 3650 primo,
2090 3586 2228 3649 quod
2253 3585 2402 3635 comis
2420 3604 2507 3653 per
2525 3607 2574 3639 v.

1553 3665 1772 3730 gallicam
1782 3664 1940 3732 fidele
1968 3666 2093 3712 verti
2125 3680 2228 3712 non
2268 3677 2434 3730 potest
2462 3686 2475 3716 ε
2504 3686 2577 3716 se-

1554 3746 1720 3795 eundo
1745 3779 1759 3804 ,
1781 3745 1917 3809 quod
1941 3760 2050 3808 qua
2077 3744 2139 3791 de
2177 3746 2343 3793 amicis
2375 3748 2575 3812 Epicuri

1546 3825 1868 3873 narrabantur
1899 3836 2028 3873 certa
2056 3840 2159 3872 esse
2186 3824 2455 3882 debebant,
2486 3844 2576 3875 nec

1550 3907 1600 3952 in
1640 3904 1841 3952 dubium
1877 3904 2076 3952 venire:
2106 3903 2172 3951 ita
2205 3915 2260 3952 ut
2291 3921 2375 3955 vv.
2401 3906 2448 3953 si
2472 3906 2577 3956 leaee

1547 4001 1674 4032 vem
1723 3994 1836 4032 sum
1880 3984 2142 4047 respiciant
2190 3983 2256 4031 ad
2317 3985 2577 4048 opiniones

1553 4064 1753 4129 Epicuri
1773 4098 1788 4123 ,
1809 4063 1989 4128 quibus
2013 4062 2276 4111 amicitiam
2305 4063 2367 4111 ad
2393 4064 2578 4112 utilita-

1555 4155 1651 4191 tem
1684 4144 1850 4192 reserri
1880 4143 2055 4192 debere
2093 4142 2231 4190 dicit.
2272 4144 2448 4191 Sensus
2479 4155 2577 4203 θύη

2178 4252 2282 4321 17.
