3217 4784
904 483 1028 551 DE
1076 481 1247 550 FIN.
1297 484 1498 552 BON.
1539 481 1653 552 ET
1695 479 1912 548 MAL.
1968 478 2107 559 111,
2158 498 2212 543 ι.
2466 472 2601 544 325

488 627 926 699 quamquam
976 607 1050 673 in
1106 627 1195 675 eo
1236 628 1613 691 sermone,
1664 603 1791 699 qui
1841 624 2006 672 cum
2065 602 2434 694 Torquato
2498 613 2605 667 est

488 709 811 799 habituS,
849 738 1000 783 non
1052 714 1330 784 remissi
1371 710 1642 784 fuimus
1683 737 1697 779 :
1747 725 1989 782 tamen
2027 708 2177 779 haec
2222 707 2454 778 acrior
2497 722 2604 777 est

485 846 650 892 cum
685 824 927 893 stoicis
957 835 1200 920 parata
1237 822 1632 892 contentio·
1661 821 1840 909 Quae
1878 821 2073 891 enim
2110 818 2201 889 de
2238 815 2606 913 voluptate

484 932 847 1015 dicuntur,
893 956 975 1002 ea
1035 955 1172 1002 uec
1232 932 1674 1018 acutissime,
1722 954 1858 999 nec
1903 927 2322 1001 abscondite
2381 927 2601 998 disse-

487 1055 773 1113 runtur.
819 1043 1075 1137 Neque
1116 1041 1309 1112 enim
1349 1045 1477 1137 qui
1514 1036 1920 1111 defendunt
1970 1063 2171 1126 eam,
2203 1041 2476 1108 versuti
2531 1039 2605 1106 in

493 1147 916 1219 disserendo
946 1163 1153 1236 sunt,
1208 1174 1345 1221 nec
1381 1152 1507 1247 qui
1545 1162 1798 1220 contra
1843 1147 2130 1231 dicunt,
2172 1171 2455 1219 causam
2485 1145 2616 1217 dif-

489 1257 751 1328 ficilem
789 1258 1156 1356 repellunt
1174 1270 1225 1330 9.
1266 1266 1429 1357 Ipse
1466 1261 1681 1329 etiam
1721 1258 1896 1327 dicit
1936 1258 2329 1353 Epicurus,
2368 1282 2462 1328 ne
2499 1281 2607 1326 ar·
2646 1274 2676 1324 3

487 1368 1055 1463 gumentandum
1103 1369 1397 1468 quidem
1456 1392 1611 1443 esse
1671 1367 1761 1438 de
1810 1367 2214 1464 voluptate,
2263 1364 2461 1463 quod
2523 1367 2613 1435 sit

487 1478 807 1574 positum
854 1480 1009 1574 ejus
1039 1480 1391 1575 judicium
1417 1489 1482 1524 ¹⁰
1515 1481 1591 1549 in
1637 1476 1968 1550 sensibus
1990 1530 2010 1562 ,
2045 1490 2129 1546 ut
2165 1480 2608 1547 commoneri

487 1611 622 1659 nos
664 1590 831 1660 satis
857 1591 987 1679 sit,
1021 1588 1200 1660 nihil
1236 1591 1534 1660 attineat
1569 1587 1917 1659 doceri¹¹.
1965 1589 2212 1675 Quare
2252 1584 2367 1655 iiia
2402 1584 2613 1656 nobis

486 1699 788 1796 simplex
813 1698 951 1770 fuit
978 1701 1052 1768 in
1075 1713 1456 1796 utramque
1482 1712 1757 1796 partem
1788 1697 2200 1795 disputatio.
2232 1699 2382 1767 Nec
2413 1696 2608 1765 enim

484 1808 560 1877 in
599 1810 943 1905 Torquati
987 1831 1317 1878 sermone
1346 1807 1744 1905 quidquam
1783 1807 2263 1906 implicatum,
2299 1820 2425 1874 aut
2460 1820 2611 1875 tor-

487 1928 780 1988 tuosum
823 1914 999 2003 fuit3
1064 1928 1567 2013 nostraque¹²,
1620 1931 1703 1988 ut
1741 1916 1919 1987 mihi
1955 1915 2265 2003 videtur,
2303 1912 2613 1984 dilucida

488 2028 738 2096 oratio.
783 2031 1188 2098 Stoicorum
1232 2041 1474 2099 autem
1520 2053 1674 2099 nou
1718 2029 2005 2125 ignoras
2047 2050 2264 2123 quam
2313 2026 2405 2094 sit
2449 2023 2614 2094 sub·

491 2133 647 2221 tile,
685 2136 796 2206 vel
856 2138 1233 2233 spinosum
1282 2139 1565 2234 potiuS,
1618 2136 2020 2209 disserendi
2065 2159 2341 2232 genus:
2387 2131 2612 2229 idque

487 2269 717 2341 quum
753 2247 1051 2332 Graecis,
1087 2261 1243 2317 tum
1279 2248 1497 2342 magis
1532 2246 1783 2332 nobis,
1823 2244 2090 2342 quibus
2132 2247 2344 2314 etiam
2393 2241 2614 2313 verba

488 2353 828 2450 parienda
861 2370 1027 2425 sunt
1048 2354 1674 2453 ,imponendaque
1699 2379 1885 2425 nova
1920 2355 2126 2425 novis
2149 2351 2211 2397 ¹³
2237 2351 2454 2424 rebus
2478 2376 2613 2423 no-

484 2541 708 2606 binisque
740 2544 938 2592 Oxonn.
960 2541 1116 2607 possit
1142 2544 1504 2608 praebeutibns3

486 2621 818 2686 quod-ipsum
852 2640 911 2672 ex
951 2624 1108 2671 tribus
1145 2626 1244 2672 suis
1279 2625 1504 2672 Davisius

487 2700 723 2761 correxit;
736 2700 1062 2766 exhibeatque
1074 2701 1203 2749 idem
1218 2707 1343 2752 Veu.
1352 2722 1372 2752 1
1384 2711 1481 2766 494
1490 2737 1505 2761 ,

487 2788 535 2825 et
562 2778 683 2827 alia.
716 2781 894 2841 Quod,
922 2796 1016 2843 pro
1046 2781 1244 2844 vulgato
1273 2795 1356 2846 ut,
1385 2782 1505 2830 refe-

488 2868 601 2905 runt
622 2859 763 2905 etiam
787 2860 844 2907 E.
863 2868 910 2905 et
929 2854 969 2915 ξ.
989 2875 1139 2922 quum
1162 2859 1244 2906 alit
1266 2861 1415 2910 codd.
1435 2862 1506 2907 in-

488 2953 586 2999 que
604 2935 681 2983 bis
704 2947 799 2983 tres
824 2935 1000 3000 reliqui
1020 2939 1218 2985 Oxonn.
1241 2956 1352 2987 cum
1372 2942 1504 2990 Crat.

489 3031 584 3078 que
599 3014 877 3063 exhibeant.
904 3015 1129 3064 Ceterum
1147 3017 1316 3079 prodit
1333 3035 1385 3066 se
1402 3020 1507 3082 ipsa

490 3093 695 3158 vulgatae
731 3091 982 3140 diversitas
1018 3105 1072 3141 ut
1112 3110 1138 3141 s
1182 3095 1357 3143 scribis
1394 3113 1509 3160 pro-

493 3174 635 3221 fecta.
678 3175 787 3236 Qua
822 3183 896 3221 est
927 3188 1034 3221 eum
1073 3189 1133 3221 ea
1149 3207 1164 3233 ,
1211 3185 1359 3238 atque
1396 3175 1512 3223 inde

491 3252 850 3312 conjunctivus.

563 3346 615 3394 9.
681 3331 895 3379 Causam
945 3327 1195 3399 defficilem
1251 3330 1508 3395 repellunt.

493 3410 656 3458 lamb.
685 3409 946 3471 refellunt,
980 3410 1115 3474 quod
1156 3410 1382 3458 Ernestio
1408 3426 1512 3457 non

492 3490 745 3554 displicet,
783 3489 897 3537 licet
930 3499 1185 3553 utramque
1220 3489 1427 3537 sormam
1462 3500 1512 3536 et

382 3597 397 3602 -
493 3568 709 3634 refellere
724 3602 740 3627 ,
755 3579 804 3617 et
818 3566 1039 3633 repellere
1050 3584 1252 3616 eausam
1268 3568 1511 3616 duriorem

488 3648 689 3709 judicet.
713 3646 807 3696 sed
826 3648 939 3695 satis
955 3646 1071 3695 huic
1098 3648 1258 3697 Brem.
1282 3649 1509 3696 occurrit.

494 3727 636 3776 Adde
663 3727 799 3791 quod
825 3736 996 3774 auctor
1019 3726 1250 3791 repellere
1276 3725 1512 3789 simplici-

495 3818 571 3854 ter
593 3822 686 3872 pro
714 3805 933 3871 refietare
958 3805 1129 3869 ponit;
1157 3804 1223 3853 cf.
1251 3807 1396 3853 Verr.
1420 3807 1513 3866 lv,

496 3887 553 3944 4,
579 3886 636 3933 8:
664 3905 686 3927 ι
708 3884 803 3933 Sed
830 3883 948 3949 quid
977 3899 1068 3948 ego
1091 3894 1187 3931 tam
1205 3881 1515 3932 vehementer

498 3962 734 4012 invehor?
776 3964 944 4012 Verbo
988 3964 1091 4025 jam
1134 3979 1236 4010 uno
1290 3962 1514 4026 repellar.

498 4041 604 4086 Emi
618 4074 634 4099 ,
653 4042 813 4106 inquit
827 4065 867 4089 n.
887 4042 1116 4091 Similiter
1130 4043 1271 4089 etism
1291 4042 1439 4089 Tusc.
1454 4043 1520 4098 V,

502 4119 561 4176 6,
588 4134 606 4165 ι
620 4119 646 4166 5
661 4155 676 4181 ,
686 4120 945 4187 profligare
966 4121 1283 4187 qeeoestionem
1307 4120 1518 4178 dicitur;

502 4209 710 4262 utroque
724 4199 873 4248 verbo
887 4218 914 4250 e
927 4217 978 4250 re
991 4201 1186 4250 militari
1203 4200 1446 4251 traducto.
1458 4201 1522 4250 G.

1671 2561 1747 2595 ιο.
1777 2542 1895 2609 Ejus
1908 2541 2168 2610 judicium.
2209 2544 2343 2591 Gcer.
2368 2560 2459 2591 scr.
2477 2543 2614 2612 judi-

1590 2623 1715 2672 cium
1746 2624 1862 2687 ejus.
1895 2626 2004 2671 Hoc
2021 2657 2036 2681 ,
2070 2622 2257 2686 inquit,
2285 2622 2456 2670 ordine
2483 2624 2613 2686 Spir.

1591 2703 1692 2752 Erl.
1711 2705 1818 2751 Bes.
1841 2702 1972 2751 Gud.
1996 2719 2041 2760 1,
2063 2718 2155 2750 nec
2177 2718 2333 2750 causae
2351 2701 2616 2766 quidquam

1592 2794 1690 2841 est,
1713 2798 1861 2847 quare
1882 2781 1983 2848 ejus
1999 2782 2356 2846 interponatur,
2376 2797 2525 2844 quum
2546 2782 2618 2826 vis

1592 2863 1645 2910 in
1673 2862 1739 2909 sit
1760 2873 1999 2920 cernatur,
2026 2876 2132 2908 nou
2155 2860 2207 2906 in
2224 2859 2616 2922 positum-Ju-

1592 2939 1774 2988 dicium
1794 2940 1922 2987 valet
1943 2935 2194 3004 κριτήριον.
2219 2938 2282 2984 G.

1674 3036 1694 3066 1
1712 3035 1755 3068 1.
1777 3017 1956 3066 Docet-1⁸
1964 3050 1978 3075 ,
2000 3017 2060 3063 de
2074 3016 2369 3079 argumentis
2388 3031 2415 3061 a
2435 3015 2620 3061 ratione

1598 3098 1766 3162 petitis
1792 3094 2159 3159 intelligendum
2177 3104 2248 3142 est
2268 3108 2281 3141 :
2310 3109 2420 3155 quae
2443 3094 2620 3155 Epicn-

1598 3191 1682 3224 rus
1729 3173 1974 3235 rejiciebat
1991 3206 2006 3228 ‚
2056 3172 2173 3219 solis
2215 3169 2435 3218 sensibus
2475 3169 2621 3218 fldem

1599 3269 1736 3301 susm
1759 3252 2008 3301 addicens.
2031 3254 2095 3300 G.

1676 3348 1759 3380 η.
1797 3332 2096 3400 Nostraque.
2130 3328 2395 3377 Lambinus
2422 3329 2624 3390 conjicit

1597 3421 1801 3474 totaque
1809 3445 1826 3469 ‚
1854 3427 2000 3474 quem
2026 3411 2355 3471 conjecturam
2382 3408 2621 3456 infelicem

1600 3489 1811 3538 declarat
1854 3491 2081 3539 Davisius
2100 3523 2116 3550 ,
2165 3488 2428 3553 nullusque
2466 3487 2624 3536 editor

1599 3569 1804 3633 recepit.

1675 3664 1697 3695 1
1707 3649 1736 3696 3
1747 3684 1760 3697 .
1771 3647 2178 3713 Imponendaque
2193 3661 2320 3694 nova
2333 3646 2468 3695 novis
2488 3647 2623 3694 rebus

1600 3726 1822 3776 nomina.
1836 3728 1962 3792 Spir.
1981 3737 2029 3775 et
2047 3727 2146 3774 Erl.
2165 3741 2291 3774 nova
2309 3726 2448 3774 rebus
2461 3726 2626 3782 novis,-

1600 3806 1740 3871 quod
1766 3807 1891 3854 forte
1917 3806 2114 3870 putabis
2138 3805 2309 3853 melius
2325 3838 2340 3862 ‚
2368 3820 2516 3869 quum
2541 3821 2627 3852 au-

1604 3897 1714 3934 ctor
1763 3886 1992 3950 opposita
2043 3885 2303 3934 verborum
2355 3885 2629 3933 inversione

1606 3965 1861 4030 insigniat,
1891 3975 1938 4012 et
1966 3976 2067 4013 tum
2096 3964 2194 4012 fere
2223 3963 2397 4012 scriba
2419 3973 2627 4011 mutent.

1607 4043 1687 4093 Cf.
1723 4046 1788 4103 V,
1825 4060 1917 4107 29,
1968 4044 2052 4094 88.
2097 4043 2192 4092 Sed
2227 4042 2355 4091 idem
2395 4042 2631 4103 adjectiva

1611 4122 1800 4182 eadem,
1830 4133 1885 4171 ut
1905 4122 2102 4188 singula
2124 4122 2347 4187 siugulis,
2372 4120 2466 4168 alii
2479 4121 2633 4177 alios,

1613 4211 1706 4251 ete.
1725 4202 2004 4251 consociare
2021 4211 2174 4263 amst;
2195 4201 2261 4249 cf.
2286 4201 2400 4257 Nat.
2420 4202 2570 4249 Deor.
2590 4200 2640 4261 1,
