3217 4784
727 397 852 465 DE
904 396 1075 463 FIN.
1124 392 1331 460 BoN.
1384 386 1497 459 ΕΤ
1550 384 1765 460 MAI..
1821 382 1924 479 11,
1973 389 2084 462 33.

2335 391 2464 462 301

346 518 689 615 quiddam
733 520 820 590 iis
848 521 1309 617 propositum
1335 570 1354 601 ‚
1402 538 1552 584 non
1582 512 2079 611 voluptatem?
2128 515 2386 611 partim
2415 508 2476 557 ¹3

349 655 601 716 cursu,
638 645 710 700 et
744 627 1322 728 peregrinatione
1347 625 1717 709 loetantur3
1747 623 2303 722 congregatione
2331 623 2480 694 aliae

349 755 616 811 coetum
646 740 965 839 quodam
1003 736 1226 809 modo
1265 733 1567 805 civitatis
1596 733 1990 804 imitantur.
2026 731 2374 803 Videmus
2403 734 2478 802 in
2517 762 2616 801 no

350 850 667 948 quodam
710 849 1107 919 volucrium
1147 867 1411 942 genere
1458 841 1815 912 nonnulla
1859 842 2121 914 indicia
2161 844 2481 942 pictatia,

349 962 836 1056 cognitionem
856 1013 875 1044 ‚
896 957 1317 1028 memoriam
1343 979 1361 1040 ;
1401 954 1474 1024 iu
1501 950 1754 1022 multis
1789 953 2002 1022 etiam
2030 952 2477 1051 disciplinam

352 1069 677 1141 videmus
700 1069 782 1138 ¹4.
836 1072 1026 1165 Ergo
1073 1069 1147 1136 in
1181 1064 1429 1136 bestiis
1469 1077 1688 1133 erunt
1722 1077 1990 1134 secreta
2030 1087 2070 1133 a
2113 1064 2481 1163 voluptate

350 1180 829 1251 humanarum
889 1177 1216 1276 quaedam
1263 1174 1646 1247 simulacra
1706 1175 2054 1244 virtutum

2114 1201 2129 1242 :
2185 1176 2258 1245 in
2314 1177 2485 1274 ipsis

355 1294 773 1367 hominibus
810 1296 1077 1381 virtu5‚
1112 1293 1248 1364 nisi
1289 1290 1677 1389 voluptatis
1710 1306 1958 1375 causa,
2002 1278 2276 1360 nulla¹⁵
2305 1291 2492 1361 erit?

352 1542 492 1602 cujus
541 1542 727 1604 generis
768 1540 898 1605 apud
944 1550 1194 1588 auctorem
1238 1552 1377 1601 paene

352 1622 599 1667 innumera
624 1630 909 1669 occurrunt.
937 1620 1002 1668 G.

430 1702 518 1756 13,
562 1699 769 1747 Partim.
823 1700 963 1745 Hanc
1007 1697 1269 1744 lectionem
1318 1710 1379 1741 ex

354 1778 641 1827 solosPalat.
674 1793 720 1837 1,
753 1794 783 1824 a
807 1779 950 1824 Grut.
976 1786 1216 1839 receptam
1251 1773 1378 1837 Spir.

354 1868 401 1903 et
442 1857 544 1906 Erl.
584 1856 900 1914 confirmant,
936 1855 1134 1918 reliquis
1169 1854 1379 1911 nostris,

355 1953 466 1982 cum
509 1937 627 1985 olim
662 1937 887 1999 vulgata,
930 1946 1137 1982 turtures
1176 1945 1256 1997 et,
1302 1934 1381 1982 vel

354 2014 538 2061 cicures
566 2025 641 2074 ee,
669 2030 729 2063 ex
756 2015 920 2062 nescio
957 2029 1059 2076 quo
1096 2014 1380 2078 glossemate

355 2093 685 2157 peccantibus.
711 2095 772 2141 G.

436 2177 492 2232 14
500 2208 511 2218 .
555 2171 776 2219 Videmus
796 2169 846 2218 in
871 2171 1087 2234 quodam
1104 2173 1379 2220 volucrium

354 2269 557 2316 genere.
573 2286 611 2298 ..
641 2251 692 2298 in
719 2250 882 2297 multis
901 2250 1048 2299 eciam
1076 2251 1380 2315 disciplinam

349 2331 590 2378 videmus.
623 2329 933 2378 offendimur
969 2330 1020 2377 in
1066 2329 1296 2378 Videmus
1318 2330 1380 2379 ab

360 2412 501 2458 initio
531 2412 722 2474 posito;
756 2426 913 2474 neque
950 2411 1047 2457 vim
1084 2408 1222 2457 verbi
1255 2427 1380 2458 asse-

357 2490 568 2554 quimur,
599 2506 723 2552 qua,
746 2490 841 2537 hoc
867 2491 919 2536 in
952 2501 1213 2547 contextu,
1244 2490 1380 2536 ston-

361 2583 457 2617 tem
514 2569 753 2617 enuntiati
805 2584 1068 2633 occupasse
1120 2568 1381 2617 dicendum

357 2651 441 2698 sit.
474 2651 575 2697 Vix
613 2648 760 2711 igitur
790 2648 1094 2707 dubitamus,
1121 2647 1380 2696 delendum

357 2729 453 2776 boc
485 2729 599 2777 loco
631 2728 682 2776 id
721 2744 848 2788 esse,
885 2738 933 2775 et
966 2727 1169 2775 alterum
1203 2728 1378 2785 modo,

358 2809 496 2872 qnod
513 2809 801 2856 sententiam
820 2807 1020 2866 claudit,
1037 2806 1343 2855 retinendum
1364 2822 1377 2856 ε

359 2888 495 2952 quod
518 2888 716 2951 quidem
736 2904 761 2933 a
782 2887 949 2933 Marso
966 2886 1129 2943 abest,
1150 2897 1200 2935 et
1217 2902 1242 2932 a
1270 2886 1381 2950 plu·

360 2968 495 3015 ribus
553 2966 792 3015 recentius
846 2964 990 3011 editis
1016 2980 1031 3022 ;
1074 2964 1161 3012 sed
1212 2962 1382 3029 scripti

358 3064 525 3095 omnes
552 3056 761 3093 servant.
797 3045 966 3106 Neque
986 3059 1079 3090 nos
1104 3054 1202 3090 tam
1230 3044 1281 3090 in
1304 3044 1382 3092 bis

359 3126 528 3190 posito
550 3123 864 3179 offendimur,
898 3138 1044 3185 quam
1081 3121 1219 3185 quod
1248 3125 1380 3185 prius

359 3203 523 3252 locum
539 3220 642 3252 non
662 3219 802 3251 suum
824 3201 1030 3250 obtinet.
1044 3200 1214 3249 Malim
1232 3200 1383 3265 igitur

360 3283 448 3331 illo
482 3283 675 3344 abjecto
706 3280 777 3328 sic
813 3280 990 3339 scribi,
1018 3301 1044 3321 α
1079 3280 1131 3327 in
1166 3280 1380 3344 quodam

273 3395 277 3398 >
362 3379 479 3411 vero
514 3362 614 3410 vol.
638 3383 663 3403 a·
698 3362 825 3409 Nam
874 3358 1111 3424 particula
1152 3376 1276 3407 vero
1312 3359 1380 3408 ob

359 3460 459 3507 seq.
495 3441 733 3507 syllabam
763 3440 904 3487 facile
935 3438 1159 3486 excidere
1183 3440 1378 3504 potuit,

359 3524 543 3588 quippe
572 3525 682 3586 qu'ae
708 3538 798 3585 per
823 3536 985 3584 comp.
1007 3508 1076 3567 ἰι-ο
1102 3518 1339 3569 scribatur
1360 3536 1375 3571 2

358 3619 510 3667 eaque
529 3604 658 3666 ipsa,
683 3600 971 3648 intendendi
999 3600 1047 3646 vi
1074 3610 1297 3648 nostrum
1327 3600 1379 3649 ia

357 3694 604 3746 aequante,
632 3681 707 3729 vel
728 3680 781 3728 iu
808 3679 1001 3744 vulgata
1027 3695 1150 3743 aegre
1174 3680 1377 3730 carebis.

364 3762 641 3810 '‘oinct-ium
660 3760 835 3809 deinde
855 3760 957 3807 sola
977 3758 1181 3810 Charisii
1212 3771 1382 3808 aucto-

358 3843 498 3890 ritate
525 3845 726 3893 nititur:
750 3842 919 3905 scripti
940 3841 1068 3889 enim
1100 3858 1268 3889 omnes
1292 3858 1382 3889 vo-

360 3922 545 3969 luerum
558 3942 577 3980 ,-
598 3923 693 3969 nisi
712 3922 847 3987 quod
870 3920 971 3968 Erl.
994 3920 1258 3968 voluerunt
1275 3936 1384 3984 pec-

359 4013 463 4049 cat.
508 4001 819 4064 Disciplinam
848 4002 984 4049 solus
1006 4018 1032 4048 e
1059 4000 1237 4048 nostris
1273 4002 1384 4048 Bas.

361 4081 538 4138 offert,
592 4080 789 4143 reliquis
841 4096 951 4129 cum
1006 4080 1122 4128 olim
1175 4079 1384 4144 vulgatis

359 4158 602 4206 desideria
642 4159 1009 4223 exhibentibus,
1063 4162 1148 4208 sed
1191 4169 1384 4207 servant

1466 1537 1597 1584 idem
1648 1535 1748 1584 duo
1786 1534 1918 1599 apud
1962 1534 2126 1581 Davis.
2163 1537 2290 1583 Ven.
2335 1543 2489 1599 1494,

1466 1613 1603 1665 Crat.
1637 1616 1688 1662 in
1722 1630 1875 1678 marg.
1901 1613 2080 1677 aliique
2107 1623 2224 1663 vett.
2253 1614 2487 1677 impressi.

1466 1694 1621 1754 Cujus
1640 1694 1784 1742 altius
1805 1710 1831 1741 a
1856 1709 1967 1741 vera
1987 1693 2197 1741 lectione
2221 1693 2489 1741 recedentis

1469 1776 1704 1839 originem
1731 1790 1795 1822 ex
1819 1791 1881 1822 eo
1908 1784 2122 1838 repetes,
2158 1773 2294 1836 quod
2314 1760 2498 1820 scribae

1468 1854 1600 1902 baud
1635 1853 2028 1918 assequebantur,
2063 1851 2316 1916 quomodo
2339 1850 2489 1899 disci-

1462 1934 1604 2000 plina
1635 1934 1810 1982 cadere
1845 1935 1896 1981 in
1935 1949 2048 1981 aves
2075 1942 2257 1997 posset.
2297 1931 2491 1979 Intelli-

1468 2026 1652 2080 guntur
1664 2025 1825 2062 autem
1840 2012 2056 2079 psittaci,
2070 2012 2223 2069 corvi,
2241 2004 2383 2076 picae,
2394 2023 2486 2058 etc.

1468 2109 1577 2159 qua
1589 2093 1723 2158 apud
1731 2096 1930 2140 Veteres
1947 2091 2147 2138 ludicris
2166 2091 2286 2138 varii
2302 2089 2490 2154 generis

1467 2172 1814 2221 adsuefiebant.
1837 2171 2087 2231 Davisius,
2112 2168 2311 2231 abjectis
2343 2169 2486 2217 disci·

1461 2252 1663 2318 plinam
1703 2251 1957 2309 videmus,
2003 2250 2172 2298 suadet
2214 2248 2490 2321 inter-pungi

1469 2356 1495 2376 α
1514 2331 1796 2380 memoriam
1826 2330 1878 2377 in
1917 2329 2082 2376 multis
2120 2328 2266 2376 etiam
2287 2350 2311 2370 ι·
2335 2343 2349 2377 :
2391 2344 2491 2392 quo

1468 2412 1590 2461 nihil
1634 2410 1813 2473 magis,
1843 2424 1907 2456 ue
1940 2407 2085 2455 altius
2125 2408 2392 2470 inquiram,
2424 2409 2490 2454 ob

1468 2507 1665 2557 pravam
1732 2488 1994 2536 verborum
2069 2486 2442 2534 collocationem
2473 2523 2488 2545 ‚

1468 2581 1681 2618 marcet:
1730 2567 2005 2632 scripsisset
2057 2577 2160 2614 tum
2202 2577 2372 2614 auctor
2407 2567 2492 2613 «in

1469 2649 1635 2697 multis
1660 2648 1806 2697 etlam
1831 2645 2161 2694 memoriam».
2192 2646 2253 2693 G.

1546 2731 1630 2778 15.
1671 2731 1806 2793 Ergo
1842 2727 1892 2774 in
1933 2725 2091 2774 bestie‘s
2127 2725 2490 2773 euentu-malla

1470 2809 1603 2858 eric?
1631 2811 1736 2858 Bas.
1757 2806 1922 2856 bestiis
1940 2806 1985 2853 si
2006 2817 2151 2853 erunt
2168 2822 2187 2853 .·
2210 2804 2347 2869 quod
2373 2821 2489 2852 cave

1471 2889 1676 2955 probes3
1699 2898 1811 2953 post
1832 2885 2069 2952 syllabam
2089 2885 2220 2931 enim
2235 2883 2278 2930 is
2305 2899 2432 2946 saepe
2449 2883 2492 2928 si

1470 2972 1654 3019 intrusa
1684 2967 1938 3033 reperitur.
1970 2963 2200 3013 Tenenda
2233 2964 2376 3008 etiam
2416 2966 2491 3007 est

1470 3051 1543 3097 vis
1567 3049 1817 3113 particulae
1843 3046 1975 3108 Ergo
1991 3078 2004 3101 ‚
2024 3057 2118 3104 qua
2133 3077 2149 3102 ,
2175 3040 2216 3086 si
2242 3056 2269 3086 a
2294 3039 2490 3095 minori,

1468 3129 1605 3193 quod
1640 3135 1844 3182 vocant,
1867 3122 1929 3169 ad
1956 3121 2111 3180 majus
2141 3116 2488 3180 interrogando

1469 3207 1798 3260 concluditur,
1838 3200 2054 3263 ejusdem
2098 3197 2237 3245 verbi
2272 3196 2487 3244 futurum

1467 3285 1544 3333 bis
1571 3294 1686 3350 post
1704 3299 1755 3331 se
1774 3279 1991 3343 requirit.
2016 3279 2164 3324 Tusc.
2184 3278 2249 3332 11,
2288 3291 2366 3336 17,
2398 3276 2483 3338 39:

1467 3386 1492 3407 a
1511 3366 1643 3426 Ετςο
1664 3362 1769 3409 haec
1795 3368 2046 3406 veteranus
2068 3356 2205 3402 miles
2225 3355 2381 3402 facere
2400 3370 2490 3418 po-

1470 3443 1607 3502 terit,
1643 3440 1821 3488 doctus
1846 3438 1924 3486 vir
1955 3437 2241 3500 sapiensque
2264 3449 2368 3481 non
2392 3449 2487 3498 po-

1468 3523 1580 3572 terit
1600 3544 1642 3568 n.
1669 3518 1797 3569 lbid.
1820 3520 1917 3575 111,
1943 3518 2026 3579 15,
2059 3517 2156 3563 31:
2179 3536 2204 3556 κ
2230 3516 2362 3578 Ergo
2391 3513 2489 3561 hoc

1467 3600 1724 3669 Terentius
1736 3635 1750 3647 .
1766 3635 1778 3647 .
1794 3634 1807 3646 .
1819 3595 2073 3645 commode
2091 3594 2296 3654 dixerit3
2313 3608 2402 3640 nos
2414 3628 2427 3642 .
2439 3629 2453 3642 .
2467 3628 2481 3639 .

1470 3699 1572 3731 non
1602 3691 1651 3728 et
1681 3679 1895 3726 dicemus
1925 3676 2023 3723 hoc
2062 3674 2263 3734 melius,
2289 3683 2338 3721 et
2371 3689 2493 3720 con·

1469 3762 1679 3812 stantius
1708 3757 2000 3806 sentiemus?
2029 3766 2125 3802 etc.
2153 3775 2175 3796 ι·
2212 3752 2492 3801 Restitnen·

1470 3844 1587 3892 dum
1607 3841 1757 3905 igitur
1778 3839 1869 3885 erit
1893 3835 2015 3884 ibid.
2035 3837 2074 3893 1,
2104 3841 2184 3893 14,
2203 3835 2263 3881 31
2288 3847 2343 3880 :u
2362 3834 2493 3896 Ergo

1470 3921 1670 3970 arbores
1691 3929 1815 3967 seret
1843 3916 2050 3979 diligens
2074 3913 2315 3977 agricola,
2343 3923 2440 3961 etc.
2470 3934 2496 3953 n

1472 4018 1623 4065 quum
1647 4014 1800 4063 nuper
1821 3990 1940 4044 serit
1964 4005 2235 4043 correctum
2252 3991 2331 4040 sit.
2362 3984 2496 4040 Nihil

1471 4082 1601 4130 enim
1633 4095 1824 4127 movere
1848 4093 2012 4125 versus
2038 4074 2119 4123 ille
2140 4084 2299 4138 poeta?
2326 4070 2468 4119 debet
2482 4100 2502 4124 r

1473 4162 1534 4210 ad
1556 4176 1700 4225 quem
1723 4158 1797 4205 his
1823 4155 2095 4220 respicitur.
2117 4154 2179 4199 G.
