3217 4784
800 390 922 459 DE
974 391 1141 459 ΠΝ.
1195 390 1398 458 Bou.
1452 392 1566 458 ET
1615 392 1831 458 MAL.
1885 392 2022 471 111,
2062 414 2129 485 9.

2398 390 2535 462 365

413 508 748 607 sponderi
795 507 995 581 solet.
1052 508 1190 580 Sed
1240 534 1401 605 quae
1444 512 1819 607 perspicua
1864 523 2063 591 sunt,
2116 511 2329 607 longa
2379 536 2536 583 esse

418 642 564 688 non
607 616 894 690 debent.
941 618 1138 710 Quid
1165 633 1405 689 autem
1458 622 1811 716 apertiu5‚
1854 644 2105 715 quam,
2140 621 2198 689 si
2243 620 2534 692 selectio

414 726 609 797 nulla
644 730 734 798 sit
770 728 862 798 ab
897 730 983 797 iis
1023 727 1245 799 rebus
1268 781 1287 811 ,
1323 751 1485 823 quae
1528 742 1778 798 contra
1813 743 2144 800 naturam
2194 730 2369 818 sint,
2413 755 2532 801 ea·

416 859 575 905 rum
629 830 920 907 rerum8
960 860 1121 932 quae
1169 837 1313 906 sint
1362 836 1760 907 secundum
1816 853 2185 925 naturam,
2239 839 2534 911 tollatur

413 947 648 1016 omnis
710 971 837 1032 ea,
894 969 1058 1042 quae
1126 958 1491 1042 quaeratur
1558 945 2039 1043 laudeturque
2097 951 2533 1046 prudentia?

413 1055 984 1151 Circumscriptis
1018 1055 1338 1151 igituriis
1368 1057 1780 1141 sententiiS,
1813 1080 1994 1151 quas
2023 1061 2278 1154 posui,
2314 1075 2386 1132 et
2422 1063 2532 1143 iis,

413 1187 574 1259 quae
618 1163 926 1234 similes⁹
967 1188 1214 1236 earum
1278 1180 1478 1253 sunt,
1523 1165 1992 1261 relinquitur,
2033 1180 2111 1235 ut
2168 1191 2532 1241 summum

412 1359 671 1420 seminem,
699 1361 765 1411 cl'.
799 1360 991 1410 Acadd.
1035 1362 1109 1421 n,
1149 1362 1249 1419 32,
1300 1370 1393 1419 104
1419 1398 1434 1421 ,

421 1439 512 1484 108
528 1474 542 1498 ,
568 1449 623 1486 ut
648 1439 856 1502 vulgatas
886 1440 1198 1489 labefactetur
1223 1442 1435 1490 auctori-

413 1528 512 1577 tas,
534 1517 575 1564 si
597 1518 738 1566 dmul
765 1518 956 1577 videas,
974 1519 1050 1567 his
1069 1520 1258 1568 omissis
1270 1522 1403 1584 paria
1416 1556 1432 1583 ,

413 1606 468 1643 nt
516 1595 570 1644 in
615 1598 931 1661 oppositione
976 1597 1135 1646 solent
1153 1630 1168 1652 ‚
1210 1600 1435 1645 exsistere

412 1675 626 1723 membra
653 1689 670 1738 ς
716 1677 986 1740 variariqne
1036 1676 1163 1723 iuter
1189 1676 1345 1742 firme
1386 1689 1435 1724 et

397 1752 618 1818 firmiter·
634 1769 654 1802 .·
670 1770 961 1819 quamquam
979 1752 1095 1800 inde
1112 1753 1310 1801 Davisio
1329 1755 1436 1802 nul-

411 1831 512 1878 lum
529 1833 613 1893 jus
636 1829 1177 1898 enascebaturfirmieer
1199 1832 1219 1893 (
1245 1833 1382 1897 quod
1407 1850 1434 1881 e

412 1910 590 1957 nostris
619 1912 727 1958 Bas.
774 1909 994 1974 praebet)
1031 1910 1323 1973 corrigendi.
1352 1913 1429 1960 Cf.

410 2001 555 2051 snpra
585 1990 634 2048 1,
680 2004 740 2035 αι
764 2023 778 2045 ,
809 2004 869 2048 71
890 2021 905 2039 ,
924 1987 1072 2052 fimee
1112 1997 1161 2033 et
1201 1990 1431 2051 graviter.

411 2065 588 2113 Verbis
629 2076 789 2113 autem
816 2101 833 2126 ,
892 2080 1117 2113 assensus
1156 2067 1392 2115 sustinere
1415 2102 1430 2127 ,

412 2144 617 2209 simplex
637 2141 819 2206 ἐπέχειν
840 2145 1143 2208 exprimitur.
1162 2147 1220 2194 G.

484 2225 531 2271 8.
557 2221 691 2287 Quid
714 2234 877 2270 autem
900 2222 1109 2287 apertius
1122 2259 1140 2281 ,
1169 2239 1320 2288 quam
1352 2256 1392 2272 ..
1409 2256 1422 2270 .

412 2318 583 2349 earum
604 2317 764 2350 rerum
800 2337 811 2349 .
830 2336 844 2350 .
858 2335 870 2348 .
895 2303 1113 2350 tollatur.
1135 2305 1268 2350 Goer.
1296 2303 1434 2351 addit

413 2392 467 2427 ut
477 2391 589 2429 ante
606 2397 776 2428 earum
792 2397 969 2430 rerum.
984 2382 1226 2441 Fecimus,
1245 2380 1431 2446 inquit,

413 2469 582 2507 nostro
606 2458 841 2523 periculo.
871 2460 1249 2522 Conqueruntur
1268 2460 1432 2508 Davis-

413 2538 527 2585 Ern.
565 2539 728 2585 Brem.
759 2553 862 2585 non
887 2537 1091 2602 dispici,
1125 2539 1256 2586 unde
1284 2537 1433 2585 tolla-

413 2628 490 2664 tm·
509 2615 716 2681 pendeat
736 2633 748 2663 ε
778 2626 828 2663 et
849 2626 961 2664 ante
981 2615 1072 2663 hos
1086 2617 1185 2677 jam
1214 2615 1432 2665 Lanibin.

412 2706 524 2758 post
535 2694 659 2759 fore
673 2729 689 2752 ,
724 2707 779 2742 ut
799 2695 1056 2757 intulerat,
1079 2695 1317 2760 probante
1342 2696 1433 2742 Er-

411 2772 587 2821 nestio.
610 2772 780 2821 Davis.
806 2788 953 2835 quam
975 2774 1112 2836 quod
1129 2772 1316 2821 suadet.
1339 2773 1435 2821 Sed

411 2853 463 2899 in
504 2851 729 2899 Lambini
768 2851 959 2898 ratione
990 2867 1093 2898 non
1134 2853 1399 2915 assequeris
1417 2887 1430 2911 ,

413 2930 539 2978 unde
581 2940 635 2976 ue
667 2927 902 2977 exciderit
927 2963 941 2988 ,
987 2946 1139 2993 eaque
1180 2932 1281 2995 ipsa
1318 2931 1433 2979 inde

412 3025 527 3072 vaga
560 3007 734 3068 abeat;
775 3006 827 3053 in
854 3007 1040 3054 Davisii
1075 3017 1233 3056 antem
1269 3011 1433 3070 conje-

410 3097 547 3134 ctura
587 3087 697 3147 jure
743 3084 979 3143 haerebis,
1028 3085 1068 3131 si
1106 3095 1432 3149 structuram,
1464 3108 1471 3113 ·

414 3186 436 3206 ι
460 3164 595 3227 Quid
622 3174 693 3211 est
715 3162 952 3227 apertius,
989 3178 1137 3225 quam
1164 3163 1300 3227 quod
1336 3200 1351 3213 .
1373 3198 1386 3213 .
1409 3201 1421 3212 .

412 3241 610 3290 tollatur
629 3263 654 3283 ι
676 3276 691 3300 ,
716 3240 870 3304 ipsam
904 3239 1135 3288 soloecam
1161 3242 1431 3304 agnoveris.

407 3322 570 3368 Brem.
593 3319 875 3367 Ciceronem
902 3317 1098 3365 oblicum
1135 3318 1253 3365 dicit
1274 3352 1290 3378 ,
1329 3341 1355 3360 ‹-
1382 3335 1432 3367 se

409 3397 470 3447 ab
494 3397 846 3446 enuntiationis
867 3395 1012 3444 initio
1036 3398 1430 3458 conjunctionem

409 3494 507 3527 non
532 3477 754 3541 posuisse
766 3509 782 3537 ,
804 3474 932 3523 uude
950 3476 1291 3537 conjunctivus
1308 3492 1428 3540 pen-

405 3558 579 3615 deatn,
606 3554 868 3617 laudatque
900 3553 1023 3602 infra
1052 3556 1112 3602 16
1129 3590 1144 3613 ,
1171 3556 1268 3613 53,
1310 3566 1427 3603 tam·

406 3651 550 3699 quam
598 3633 769 3682 similia
813 3633 1075 3680 oblivionis
1120 3633 1426 3698 exemplum;

406 3716 489 3763 ubi
511 3730 604 3762 nos
625 3746 640 3774 ,
665 3714 732 3761 sis
747 3746 761 3769 ,
797 3711 1036 3760 consules.
1059 3712 1155 3761 Sed
1178 3712 1220 3759 si
1247 3714 1296 3759 in
1317 3713 1425 3760 solo

407 3793 724 3853 conjunctivo
766 3790 1032 3839 secundum
1059 3792 1301 3838 Bremium
1326 3789 1423 3837 loci

408 3871 557 3919 luxati
584 3871 727 3936 culpa
749 3871 925 3928 haeret,
962 3886 1022 3917 eo
1045 3869 1238 3918 sublato
1267 3881 1425 3918 tamen

411 3964 508 3996 non
544 3950 714 3998 melior
749 3958 988 3997 structura
1014 3948 1186 3997 evadet
1203 3982 1217 4007 ,
1244 3969 1267 3991 ιι
1290 3948 1425 4012 Quid

408 4028 618 4088 apertius
645 4045 788 4093 quam
961 4027 1152 4076 tollitur
1304 4042 1423 4090 pru-

409 4100 618 4153 dentia?
650 4128 675 4149 a·
712 4107 914 4156 Accedit
936 4144 951 4169 ,
989 4106 1125 4172 quod
1178 4116 1424 4156 auctorem

1520 1362 1632 1427 plus
1658 1378 1801 1426 quam
1833 1360 2128 1409 obliviosum
2155 1361 2327 1409 feceris
2348 1396 2364 1422 ,
2401 1364 2442 1410 si
2469 1366 2536 1412 ita

1519 1452 1682 1488 mente
1702 1440 1948 1488 absentem
1976 1440 2198 1487 statueris
2222 1455 2236 1488 τ
2261 1456 2323 1489 ne
2342 1442 2498 1489 dicam
2518 1477 2532 1497 ,

1520 1520 1686 1583 inepta
1733 1534 1939 1581 quaeque
2003 1518 2072 1565 sic
2131 1517 2329 1566 defendi
2375 1521 2537 1570 licere.

1521 1599 1705 1659 Aperte
1731 1595 1874 1644 locus
1911 1594 2129 1653 laborat,
2166 1607 2391 1661 recteque
2416 1600 2539 1647 vidit

1520 1672 1691 1722 Lamb.
1740 1684 1795 1721 ut
1849 1672 2113 1730 excidisse3
2164 1674 2315 1722 modo
2351 1678 2540 1740 aptiore

1520 1749 1636 1798 loco
1672 1751 1978 1815 reposuisset.
2002 1750 2218 1798 Potuisse
2242 1764 2399 1801 autem
2425 1766 2540 1818 post

1519 1829 1687 1878 finales
1712 1841 1773 1877 ne
1793 1830 1917 1877 hanc
1944 1840 2073 1894 part.
2099 1831 2321 1880 excidere
2340 1867 2354 1892 ,
2394 1847 2539 1882 nemo

1519 1923 1634 1956 sane
1665 1907 1932 1966 dubitabit,
1956 1908 2041 1972 qui
2065 1909 2144 1956 vel
2169 1924 2396 1974 umquam
2421 1914 2538 1959 scri-

1518 1998 1633 2052 ptos
1675 1985 1827 2034 libros
1891 1988 2118 2052 inspexit.
2177 1990 2294 2037 Post
2342 1991 2541 2039 rollanu-

1518 2064 1694 2113 deinde
1709 2077 1804 2114 tres
1814 2068 1966 2114 nostri
1979 2082 2089 2114 cum
2103 2056 2323 2132 pluribus
2332 2069 2538 2118 aliorum

1517 2143 1756 2208 editisque
1773 2156 1895 2194 vett.
1915 2145 2080 2194 multis
2109 2146 2300 2194 demum
2326 2148 2533 2199 addunt:

1517 2220 1654 2284 quod
1668 2221 1919 2284 quomodo
1931 2223 2037 2270 haec
2052 2233 2275 2272 contexta
2284 2225 2511 2275 invaserit
2521 2264 2536 2288 ,

1516 2300 1812 2361 ignoramus.
1839 2300 2120 2361 Abiecimus
2137 2302 2285 2366 igitur
2300 2320 2411 2352 cum
2431 2308 2538 2355 vul-

1516 2388 1627 2441 gata
1643 2412 1658 2435 ,
1687 2379 2026 2441 respuentibus
2051 2379 2181 2427 idem
2213 2383 2341 2447 Spir.
2367 2395 2415 2432 et
2438 2386 2535 2433 Erl.

1517 2483 1589 2492 —
1627 2455 1788 2504 Nobis
1829 2472 1947 2504 vero
1987 2473 2156 2521 parum
2200 2460 2362 2525 placet
2401 2466 2537 2514 Goer.

1517 2534 1826 2597 emendatio,
1853 2537 1964 2599 quia
2006 2537 2190 2601 rumpit
2226 2541 2536 2592 certissimam

1519 2613 1844 2661 membrorum
1863 2614 2272 2664 constructionem
2284 2634 2417 2683 ,quae
2434 2632 2502 2670 est
2518 2637 2532 2671 ε

1519 2714 1543 2734 .-
1564 2692 1605 2739 si
1645 2691 1776 2740 nulla
1813 2693 1877 2741 sit
1922 2693 2118 2742 selectio
2168 2712 2331 2746 earum
2377 2717 2535 2752 rerum

1518 2785 1628 2834 qun
1654 2787 1691 2818 s.
1718 2786 1758 2819 s.
1786 2787 1835 2819 n.
1872 2770 1934 2817 ab
1972 2772 2031 2819 iis
2066 2773 2211 2821 rebus
2256 2792 2367 2839 qua:
2401 2797 2445 2826 c.
2485 2798 2534 2830 n.

1518 2865 1560 2898 s.
1586 2871 1611 2890 a
1637 2849 1704 2896 ita
1733 2851 1854 2897 utin
1877 2850 2018 2914 peius
2041 2852 2209 2899 vitium
2231 2855 2371 2904 cadat
2391 2874 2534 2921 quam

1519 2928 1658 2991 quod
1676 2928 1886 2991 effugere
1905 2929 2127 2977 voluerit.

1589 3022 1641 3068 9.
1667 3008 1733 3055 Ee
1765 3007 1851 3065 iis,
1888 3024 1998 3071 qua
2018 3007 2210 3057 similes.
2235 3013 2366 3060 Goer.
2387 3016 2532 3066 scrib.

1518 3098 1567 3133 et
1583 3086 1644 3132 iis
1662 3085 1720 3144 si,
1740 3101 1852 3148 quoe
1869 3084 2061 3133 similes.
2078 3086 2129 3133 Si
2145 3121 2160 3144 ‚
2182 3089 2369 3154 inquit,
2388 3109 2532 3157 quam

1518 3164 1711 3227 vulgata
1742 3165 1956 3227 ignorat,
1982 3175 2158 3227 praeter
2188 3167 2312 3218 Gnd.
2333 3184 2361 3216 α
2377 3205 2394 3229 ‚
2415 3174 2534 3220 refe-

1518 3252 1633 3288 runt
1674 3242 1829 3289 nostri
1856 3257 2023 3288 omnes
2060 3257 2075 3291 :
2110 3255 2164 3292 ut
2204 3258 2333 3294 recte
2368 3250 2531 3302 Bentl.

1519 3319 1683 3366 Davis.
1716 3329 1764 3365 et
1803 3320 1961 3367 Brem.
1995 3321 2066 3368 sic
2100 3321 2308 3373 edidisse
2329 3332 2532 3392 putandi

1518 3398 1631 3445 siut.
1652 3399 1766 3445 Em.
1783 3408 1958 3462 praeter
1977 3400 2057 3459 jus
2077 3401 2293 3450 eamdem
2307 3406 2532 3471 neglexit.

1518 3476 1571 3522 Si
1597 3491 1711 3540 qreoe
1743 3486 1901 3525 autem
1946 3494 2262 3544 quoecumque
2296 3485 2452 3547 valet,
2480 3502 2531 3538 ut

1517 3555 1633 3602 item
1660 3556 1825 3619 paullo
1868 3557 2101 3616 inferius,
2135 3560 2220 3607 ubi
2262 3564 2452 3628 vulgata
2489 3570 2535 3615 si

1516 3650 1631 3696 quoe
1666 3633 1815 3681 etiam
1839 3636 1985 3683 refert
2008 3650 2023 3695 ;
2065 3636 2151 3684 sed
2187 3640 2336 3690 etiam
2365 3645 2532 3695 misere

1514 3712 1758 3781 παρέλκει.
1789 3716 2021 3779 Ignorant
2043 3731 2146 3764 eam
2171 3732 2380 3782 quatuor
2404 3728 2532 3789 opti—

1515 3792 1583 3839 mi
1634 3794 1786 3842 nostri
1807 3828 1822 3850 ,
1868 3794 2153 3859 abjectaque
2192 3797 2376 3849 dudum
2411 3816 2483 3852 est
2505 3824 2532 3852 a

1515 3872 1679 3919 Davis.
1708 3883 1757 3920 et
1782 3873 1990 3921 Bremio.
2021 3874 2071 3922 si
2103 3891 2223 3924 vero
2250 3879 2396 3928 iidem
2418 3885 2530 3931 VV.

1515 3950 1626 3997 DD.
1653 3951 1700 3997 si
1721 3951 1864 3998 etiam
1889 3951 2097 4012 tollunt,
2147 3956 2330 4006 faciunt
2346 3960 2400 4007 id
2419 3962 2528 4025 qui-

1515 4028 1626 4074 dem
1654 4029 1950 4092 scriptorum
1991 4032 2282 4083 auctoritate
2322 4038 2532 4103 optimo-

1514 4122 1620 4156 rum
1639 4123 1656 4172 ;
1681 4118 1730 4156 at
1750 4108 1908 4157 delere
1925 4110 2030 4159 ausi
2051 4125 2153 4158 non
2172 4128 2337 4164 sumus
2352 4149 2366 4177 ,
2383 4132 2535 4181 quum
