3217 4784
772 439 896 507 DE
945 438 1115 507 FIN.
1170 436 1378 505 BON.
1436 439 1547 504 ET
1598 437 1811 505 MAL.
1865 438 2004 517 ΙΙΙ,
2038 456 2154 501 20.

2392 436 2533 527 409

406 562 620 658 gitur,
646 584 779 630 nos
810 557 900 630 ad
933 557 1523 651 conjunctionem
1565 558 2352 653 congregationemque
2396 552 2532 623 ho-

407 674 684 739 minum
707 723 727 755 ‚
770 681 844 739 et
880 666 970 738 ad
1011 664 1408 736 naturalem
1440 668 2035 735 communitatem
2068 661 2265 735 esse⁴
2300 677 2529 734 natos.

408 779 858 877 Impellimur
897 791 1137 846 autem
1178 788 1467 859 natura,
1498 788 1581 843 ut
1613 772 1954 870 prodesse
1984 773 2289 843 velimus
2316 796 2536 869 quam

409 891 740 987 plurimis
766 941 785 973 ‚
822 888 897 956 in
931 885 1330 982 primisque
1368 881 1703 954 docendo
1726 936 1745 969 ‚
1787 881 2341 979 rationibusque
2379 906 2540 980 pru-

410 998 672 1069 dentiae
709 993 1096 1066 tradendis,
1126 998 1378 1090 Itaque
1414 1018 1562 1063 non
1599 991 1806 1063 facile
1846 1007 1953 1063 est
1980 993 2339 1078 invenire,
2377 993 2542 1088 qui,
2577 1009 2645 1059 66

412 1106 611 1204 quod
652 1111 824 1176 sciat
878 1101 1102 1203 ipse⁵‚
1140 1129 1293 1174 non
1338 1104 1573 1175 tradat
1620 1102 1867 1174 alteri:
1914 1105 2010 1173 ita
2056 1098 2258 1173 non6
2303 1102 2539 1173 solum

413 1216 501 1287 ad
539 1213 960 1285 discendum
998 1214 1341 1311 propensi
1379 1237 1669 1299 summ,
1723 1237 1971 1283 verum
2010 1214 2224 1283 etiam
2271 1211 2362 1282 ad
2405 1211 2541 1282 do-

413 1324 747 1396 cendum.
810 1329 1051 1422 Atque
1093 1339 1177 1394 ut
1230 1325 1455 1395 tauris
1506 1338 1761 1394 natura
1798 1322 2044 1393 datum
2091 1335 2238 1407 est,
2279 1334 2361 1391 ut
2403 1344 2540 1419 pro

413 1437 655 1507 vitulis
708 1450 963 1506 contra
1004 1434 1255 1506 leones
1308 1458 1589 1504 summa
1642 1435 1710 1502 vi
1760 1434 2184 1529 impetuque
2242 1445 2540 1502 conten-

416 1548 591 1618 dant
622 1573 635 1615 :
674 1548 773 1616 sic
817 1547 933 1630 ii⁷‚
969 1546 1098 1641 qui
1129 1544 1373 1614 valent
1400 1542 1701 1640 opibus,
1737 1556 1953 1639 atque
1997 1541 2071 1612 id
2112 1539 2348 1611 facere
2384 1564 2544 1637 pos-

417 1669 622 1743 sunt,
670 1671 752 1725 ut
778 1653 869 1725 de
906 1651 1209 1723 Hercule
1247 1667 1321 1723 et
1346 1651 1437 1722 de
1476 1645 1789 1722 Libero8
1817 1652 2250 1749 accepimus,
2276 1649 2369 1720 ad
2397 1674 2543 1720 ser-

417 1889 620 1939 uterque
638 1876 835 1940 quidem
858 1876 1047 1939 ignorat
1064 1911 1079 1935 ,
1099 1876 1232 1940 Spir.
1260 1886 1309 1923 et
1337 1875 1435 1924 Erl.

415 1971 505 2002 nec
541 1991 552 2002 .
576 1989 589 2002 .
611 1989 625 2001 .
652 1955 859 2018 quidem.
877 1955 982 2002 Nec
998 1953 1052 2003 h.
1085 1955 1118 2004 l.
1138 1956 1299 2002 minus
1316 1969 1438 2018 qun-

417 2035 526 2081 drat
552 2046 636 2082 :et
662 2033 854 2097 quidem
890 2034 1078 2082 aurium
1121 2050 1261 2081 cansa
1303 2034 1439 2095 abje-

418 2124 544 2160 ctam
564 2112 743 2171 nolim3
768 2113 961 2175 gravius
977 2114 1121 2160 etiam
1146 2113 1439 2173 adjectivum

419 2192 575 2248 cadit,
600 2191 691 2238 hac
720 2190 955 2254 particula
979 2192 1283 2255 interposita.
1305 2194 1369 2239 G.

493 2279 538 2326 4.
567 2271 633 2316 Et
653 2270 727 2317 ad
743 2269 1021 2316 naturalem
1049 2270 1444 2316 communitatem

419 2366 521 2398 esse
558 2360 722 2396 natos.
769 2349 934 2396 Daris.
979 2348 1257 2396 naturalem
1294 2347 1443 2396 deleri

420 2430 588 2492 cupit,
615 2444 767 2492 quum
793 2437 965 2474 auctor
982 2426 1141 2474 dicere
1168 2427 1252 2474 vix
1272 2438 1446 2491 potne-

422 2509 514 2566 rit,
536 2529 561 2548 α
587 2506 649 2554 ad
667 2506 936 2554 naturalem
966 2539 979 2552 .
1001 2540 1015 2553 .
1037 2541 1050 2552 .
1070 2515 1210 2554 natos
1224 2527 1264 2553 ι.
1286 2507 1443 2553 Brem.

422 2587 586 2635 locum
625 2602 688 2633 ex
719 2584 1012 2651 negligentia
1033 2586 1248 2633 auctoris
1269 2594 1447 2632 tuetur.

422 2666 621 2715 Nollem
659 2666 775 2713 talia
801 2664 991 2731 urgeri,
1018 2665 1203 2728 qualia,
1238 2665 1281 2711 ei
1315 2662 1448 2727 apud

425 2746 672 2794 Platonem
687 2744 952 2792 attenderis
978 2743 1061 2806 (ut
1075 2743 1197 2791 alios
1214 2744 1415 2803 taceam)
1433 2777 1448 2798 ‚

425 2826 575 2873 multa
640 2822 990 2886 deprehendes.
1054 2823 1214 2869 Simili
1262 2822 1449 2869 ratione

425 2906 456 2970 S
481 2905 578 2961 68,
610 2924 635 2943 κ
657 2911 1035 2957 consentaneum
1064 2912 1136 2948 est
1164 2901 1279 2948 huic
1307 2911 1447 2947 natu-

428 3001 495 3031 rae
512 3018 525 3041 ,
571 2992 629 3029 nt
666 2979 857 3042 sapiens
888 3012 901 3025 .
924 3009 938 3023 .
959 3011 974 3025 .
1012 2993 1038 3024 e
1064 2988 1233 3025 natura
1262 2979 1390 3026 vivat
1408 3001 1450 3026 υ.

430 3066 531 3110 Nec
575 3070 705 3107 recte
758 3053 1000 3103 naturalis
1038 3055 1280 3104 delebitur
1296 3090 1313 3115 ‚
1357 3057 1451 3103 nisi

427 3142 532 3201 ejus
557 3141 673 3188 loco
706 3135 841 3183 aliud
870 3133 993 3198 quid
1036 3135 1288 3197 posuerim
1324 3151 1452 3198 quo-

429 3220 559 3267 niam
609 3228 713 3265 tum
759 3215 892 3281 paria
932 3213 1149 3261 membra
1186 3212 1451 3276 peribunt:

426 3298 517 3345 etsi
566 3294 765 3361 quidem
822 3295 912 3341 ista
954 3291 1104 3356 vulgo
1148 3292 1199 3338 in
1234 3278 1241 3285 ’
1256 3290 1453 3354 paribus

429 3375 658 3430 membris
689 3390 788 3422 non
816 3382 1147 3421 numerantur.
1189 3373 1250 3421 Et
1293 3380 1452 3419 tamen

428 3456 537 3505 alii·
560 3453 621 3501 de
641 3452 804 3501 camis
832 3466 1000 3497 vocem
1029 3451 1184 3513 ipsam
1207 3447 1453 3513 improba-

430 3550 554 3582 mus.
589 3532 706 3578 Non
746 3529 873 3575 enim
913 3527 975 3575 de
1016 3527 1239 3575 naturali
1278 3529 1450 3591 agitur,

431 3613 518 3662 sed
560 3611 621 3659 de
666 3607 800 3657 civili
841 3606 1187 3655 communitate
1207 3642 1221 3665 ‚
1280 3606 1360 3653 cni
1403 3606 1454 3653 in

431 3687 823 3756 prm-edentibus
840 3686 955 3734 catis
980 3696 1297 3750 preparatum
1325 3696 1454 3745 erat,

431 3783 481 3819 et
498 3769 561 3817 ed
579 3783 724 3832 quam
751 3768 804 3814 in
833 3765 1147 3828 sequentibus
1171 3776 1342 3813 auctor
1363 3765 1455 3813 alia

430 3861 576 3911 atque
600 3846 693 3893 alia
717 3845 794 3891 via
814 3844 957 3892 redit.
980 3843 1118 3892 Nihil
1146 3844 1293 3907 igitur
1315 3843 1457 3892 dubi-

437 3939 623 3984 tamus,
677 3939 770 3992 pro
784 3924 1095 3983 ,naturalem
1136 3938 1247 3970 cnm
1285 3925 1454 3972 Πενία.

432 4003 620 4052 civilem
641 4002 899 4067 legendum
922 4019 1043 4051 esse.
1068 4002 1274 4051 Accedit
1288 4038 1301 4061 ,
1319 4004 1453 4066 quod

434 4083 566 4132 haud
590 4081 893 4130 meminimus
936 4099 1141 4147 nsquam
1176 4083 1453 4131 naturalem

432 4158 821 4212 communitatem
848 4177 875 4208 a
903 4162 1136 4209 Cicerone
1174 4161 1350 4222 scribi3
1388 4162 1455 4210 σι’-

1527 1873 1632 1923 vt'IIs
1655 1891 1830 1924 eornm.
1859 1874 1983 1923 locis
1994 1875 2139 1939 plane
2161 1874 2325 1922 multis
2352 1873 2548 1937 legitur.

1526 1953 1607 2001 Sic
1634 1969 1683 2003 v.
1713 1970 1757 2002 c.
1790 1954 1958 2018 paullo
1995 1965 2110 2017 post
2135 1953 2168 2017 S
2195 1952 2261 2000 66
2292 1966 2306 2001 ε
2331 1975 2356 1993 α
2381 1963 2548 1999 natura

1528 2032 1591 2079 nd
1638 2032 1829 2079 civilem
1868 2033 2263 2080 communitatem
2302 2030 2552 2091 conjuncti

1528 2121 1580 2159 et
1601 2111 1872 2160 consociati
1892 2129 2116 2160 sumus».
2139 2110 2320 2160 Scriboe
2348 2104 2410 2157 e'x
2437 2126 2554 2173 pro·

1529 2189 1703 2249 ximiS,
1738 2211 1763 2230 κ
1788 2190 2095 2254 Impellimnr
2120 2199 2281 2238 antem
2311 2200 2481 2237 natura
2503 2208 2553 2245 ι,

1528 2268 1763 2316 commoti
1781 2286 1883 2316 esse
1903 2269 2158 2327 videntur,
2194 2279 2250 2316 nt
2275 2285 2360 2317 ena
2379 2277 2555 2332 sponte

1529 2347 1599 2394 sic
1620 2349 1934 2410 corrigerent.
1961 2374 2031 2385 ——-
2050 2349 2276 2397 Ceterum
2304 2359 2354 2395 et
2378 2362 2481 2394 esse
2508 2357 2556 2392 et

1528 2426 1631 2484 ita,
1671 2426 1797 2475 bene
1831 2425 2096 2474 tenendum
2130 2441 2144 2474 ε
2188 2427 2303 2473 eliae
2332 2428 2462 2474 enim
2488 2423 2560 2472 ad

1532 2506 1734 2570 repetita
1763 2505 2036 2567 abjicienda
2064 2506 2207 2555 foret.
2233 2508 2297 2554 G.

1605 2587 1656 2634 5.
1685 2586 1830 2649 Quod
1853 2584 1979 2633 sciat
2005 2585 2106 2649 ipse
2122 2619 2138 2644 ,
2165 2602 2265 2633 non
2288 2584 2459 2631 tradat
2478 2583 2558 2630 al·

1533 2665 1643 2713 teri.
1673 2666 2020 2730 Traneponunt
2052 2666 2140 2731 Sp.
2170 2677 2219 2714 et
2245 2665 2345 2714 Erl.
2370 2684 2393 2707 ι
2420 2661 2556 2726 quod

1534 2745 1655 2791 sciet
1670 2779 1685 2803 ‚
1711 2760 1813 2792 non
1839 2744 1997 2792 tradat
2020 2745 2124 2809 ipse
2149 2745 2287 2793 alteri
2311 2780 2325 2803 ,
2355 2743 2440 2807 qui
2466 2757 2558 2809 po·

1534 2825 1679 2883 situs,
1705 2841 1767 2872 ex
1787 2826 2132 2888 pronominum
2150 2826 2379 2886 junctura
2395 2858 2410 2882 ,
2423 2836 2557 2867 auam

1536 2903 1796 2967 quamdam
1816 2903 2285 2951 commendationem
2302 2901 2465 2948 habet.
2489 2900 2554 2944 G.

1607 2983 1660 3031 6.
1683 2985 1763 3030 Ita
1783 2998 1881 3029 non
1909 2982 2084 3029 solum.
2115 2983 2266 3028 Prave
2283 2977 2387 3025 baec
2409 2975 2559 3039 vulgo

1538 3062 1942 3125 interpunctione
1964 3063 2170 3109 maxima
2185 3077 2211 3106 a
2226 3055 2469 3122 pra-cedd.
2485 3056 2561 3102 di-

1537 3140 1873 3202 stinguuntur,
1895 3155 2048 3201 quum
2070 3138 2159 3196 ita,
2177 3148 2428 3200 tantopere
2441 3150 2563 3181 sane

1541 3219 1723 3275 valeat,
1758 3228 1808 3265 et
1833 3217 2031 3280 proprie
2068 3228 2172 3264 tum
2209 3214 2447 3280 epodosin
2483 3214 2562 3260 in-

1540 3294 1806 3359 grediatur.
1834 3297 1999 3357 Dejot.
2025 3312 2052 3357 ⁰7
2072 3331 2086 3355 ‚
2111 3312 2139 3343 α
2155 3311 2173 3342 ι
2194 3308 2207 3343 :
2230 3317 2252 3337 ι
2270 3294 2352 3341 Dii
2379 3304 2428 3342 te
2452 3309 2563 3356 per·

1540 3375 1712 3432 duint,
1750 3375 1955 3439 fugitive
1999 3389 2015 3424 τ
2058 3376 2126 3424 ita
2168 3390 2269 3423 non
2295 3374 2445 3421 modo
2472 3389 2561 3420 ne-

1540 3468 1685 3519 quam
1707 3489 1721 3513 ,
1747 3464 1840 3501 etc.
1859 3475 1885 3495 n
1909 3453 1992 3503 cll.
2028 3439 2166 3503 Orat.
2188 3456 2263 3514 11,
2280 3461 2340 3509 ¹4
2357 3487 2371 3511 ,
2390 3453 2480 3502 61.
2497 3454 2560 3500 G.

1615 3549 1640 3593 7
1654 3568 1665 3580 .
1685 3532 1827 3580 sicii.
1844 3534 1980 3582 Goer.
2005 3533 2152 3582 scrib.
2172 3533 2240 3581 hi.
2259 3534 2367 3591 Sic,
2385 3531 2565 3596 inquit,

1539 3612 1697 3658 nostri
1723 3627 1890 3660 omne·
1932 3627 2047 3660 cum
2103 3611 2216 3661 edd.
2246 3621 2362 3658 vett.
2395 3609 2564 3674 pleris-

1541 3707 1637 3754 que
1668 3690 1937 3740 exhibent:
1966 3701 2112 3755 etque
2151 3690 2220 3737 ita
2253 3689 2451 3753 proprie
2485 3688 2566 3738 Ci-

1540 3786 1656 3818 cero
1700 3771 1752 3817 in
1792 3770 2067 3836 epodoseos
2103 3770 2487 3829 consecutione,
2518 3778 2566 3814 et

1542 3848 1614 3897 sic
1634 3849 1880 3913 praemisu
1894 3884 1908 3908 ,
1937 3849 2076 3898 nolet.
2099 3853 2378 3898 Pronomen
2399 3848 2440 3895 is
2462 3858 2565 3895 tum

1542 3928 1640 3975 fere
1674 3928 1737 3975 ad
1773 3927 1843 3976 sic
1864 3926 2167 3992 adjungitur,
2211 3942 2360 3990 quum
2387 3940 2565 3988 prece-

1545 4006 1667 4054 dens
1693 4017 1748 4053 ut
1768 4040 1784 4066 ‚
1820 4004 1898 4054 laic
1921 4006 2142 4056 additum
2166 4006 2341 4062 haben
2363 4004 2426 4051 cs.
2447 4001 2480 4065 S
2501 4002 2566 4049 32

1545 4095 1589 4133 et
1624 4085 1709 4140 54.

1616 4164 1668 4211 8.
1701 4164 1763 4209 Ut
1787 4162 1847 4211 dc
1875 4163 2080 4212 Hercule
2115 4172 2160 4209 et
2192 4162 2253 4208 de
2293 4157 2461 4206 Libero
2481 4173 2570 4203 ac-
