3217 4784
406 406 495 425 m
504 406 587 427 m
594 404 1500 426 mmmmmwmmm
1507 404 1881 425 mmmm
1891 401 2264 426 mmmm
2271 406 2539 428 mw‘hm

737 641 913 762 M.
985 639 1129 761 T.
1194 635 2221 763 CICERONIS

414 890 558 966 DE
614 887 1074 966 FINIBUS
1131 886 1693 965 BONORUM
1746 887 1890 967 ET
1942 887 2540 985 MALORUM,

942 1081 1033 1183 A
1069 1079 1162 1181 D
1260 1082 1343 1183 Β
1369 1081 1460 1182 R
1487 1079 1579 1184 U
1614 1081 1703 1182 T
1729 1076 1964 1182 UM
1997 1160 2021 1206 ,

1058 1296 1357 1364 LIBER
1408 1295 1896 1384 QUINTUS.

414 1680 456 1742 Ι.
497 1618 787 1773 Quum
808 1672 1233 1744 audivissem
1256 1670 1699 1742 Antiochum
1724 1682 1773 1758 ¹,
1795 1677 2051 1759 Brute,
2077 1683 2199 1743 ut²
2234 1671 2545 1761 solebat,
2592 1723 2612 1754 1

410 1808 573 1852 cnm
626 1787 721 1852 M.
766 1784 1019 1853 Pisone
1049 1773 1106 1869 3,
1142 1782 1216 1851 in
1259 1806 1348 1852 eo
1389 1784 1797 1879 gymnasio,
1834 1781 2033 1878 quod
2091 1784 2550 1855 Ptolemaeum

409 1909 709 1964 vocatur
726 1892 781 1977 4,
821 1916 1115 1989 unaque
1156 1889 1537 1963 nobiscum
1586 1892 1675 1981 Q.
1719 1890 1970 1978 frater,
2019 1907 2090 1962 et
2115 1897 2193 1962 T.
2238 1897 2551 1991 Pompo-

413 2005 597 2090 nius,
628 2019 699 2073 et
730 2007 810 2073 L.
841 2000 1166 2092 Cicero⁵,
1189 2001 1407 2073 frater
1442 2015 1694 2073 noster
1717 2003 2148 2100 cognatione
2172 2004 2548 2100 patruelis,

480 2204 518 2249 1.
542 2217 561 2247 1
573 2239 586 2251 .
602 2200 913 2251 Antiochum.
927 2201 1228 2249 Antiochum
1243 2200 1438 2250 Ascalo·

408 2283 541 2328 niten
558 2316 573 2341 ,
592 2297 734 2344 quem
762 2278 1081 2340 Plutarchus,
1106 2290 1163 2327 ut
1187 2280 1438 2329 bominem

408 2361 784 2409 eruditissimum
797 2394 813 2419 ,
834 2359 1271 2423 ingeniosissimum
1290 2394 1306 2422 ,
1331 2360 1437 2407 elo-

408 2440 802 2503 quentissimum,
825 2440 1002 2487 veteris
1035 2439 1310 2488 Academiae
1340 2438 1438 2486 illis

411 2519 711 2583 temporibus
762 2519 1035 2584 principem
1051 2552 1066 2576 ,
1124 2519 1175 2565 in
1231 2518 1437 2566 Lucullo

410 2599 731 2648 commendat.
778 2599 873 2646 Hic
915 2599 1113 2663 scripsit
1149 2597 1329 2646 librum
1369 2597 1435 2644 ad

411 2678 476 2738 Q.
506 2678 746 2725 Lucilium
774 2676 1008 2736 Balbum,
1045 2692 1146 2740 quo
1171 2675 1437 2725 contende·

410 2756 492 2803 bat
517 2759 708 2806 Stoicos
733 2773 845 2804 cum
874 2756 1207 2821 Peripateticis
1234 2773 1284 2803 re
1310 2771 1433 2803 con·

410 2837 574 2883 cinere
587 2870 600 2893 ,
626 2836 784 2883 verbis
805 2836 1092 2899 discrepare.
1119 2835 1220 2883 Cic.
1242 2834 1303 2882 de
1321 2836 1433 2884 Nat.

412 2915 559 2963 Deor.
587 2915 738 2963 Μσιι.

480 3010 534 3041 2.
564 2995 628 3040 Ue
651 2991 857 3040 solebat.
882 2992 993 3038 Hoc
1010 2992 1154 3039 nobis
1172 3007 1282 3039 cum
1298 2994 1434 3041 Vict.

412 3087 578 3135 parum
607 3070 782 3135 placet.
825 3069 961 3117 Licet
1000 3069 1131 3117 enim
1157 3081 1358 3130 auctor,
1385 3084 1438 3120 uc

410 3151 554 3206 solet,
583 3165 677 3214 pro
706 3147 886 3215 utfieri
912 3148 1062 3208 solet,
1082 3164 1246 3214 saepe:
1275 3161 1436 3199 tamen

410 3230 630 3293 exempla
666 3227 1022 3287 desideramus,
1049 3226 1181 3276 unde
1203 3227 1286 3277 hic
1307 3229 1436 3278 idem

412 3309 701 3373 imperfecto
740 3307 811 3354 sic
864 3322 982 3354 usus
1021 3322 1125 3354 esse
1168 3307 1436 3371 probetur;

410 3405 522 3437 nam
555 3388 641 3451 qui
681 3385 816 3435 solus
843 3384 982 3433 locus
1014 3386 1158 3434 nobis
1185 3388 1434 3446 innotuit,

412 3468 557 3516 Divv.
577 3469 683 3526 lx,
702 3482 780 3530 ep.
812 3465 874 3513 16
894 3496 912 3525 ,
948 3465 1038 3512 15:
1063 3481 1205 3513 -non
1233 3477 1289 3514 ut
1314 3465 1430 3515 olim

413 3547 599 3595 solebat
722 3543 807 3592 sed
846 3554 900 3592 ut
925 3560 1057 3592 nunc
1077 3542 1134 3591 fit
1153 3567 1202 3601 a,
1230 3546 1347 3593 satis
1381 3562 1433 3595 se

412 3628 518 3691 ipse
544 3624 741 3690 quidem
758 3657 776 3684 ,
809 3624 970 3671 minus
996 3634 1157 3672 autem
1185 3624 1317 3673 hunc
1343 3624 1430 3672 de-

412 3705 584 3754 fendit.
605 3703 777 3752 Malim
805 3714 857 3750 nt
883 3703 1115 3750 solebam.
1157 3705 1218 3750 G.

483 3787 532 3833 3.
565 3785 636 3831 M.
659 3782 842 3830 Pisone.
872 3781 944 3828 De
966 3781 1041 3829 Μ.
1062 3780 1242 3829 Pisone
1258 3817 1271 3839 ,
1295 3782 1433 3842 cnjus

412 3877 632 3923 pet-sonte
658 3863 749 3920 lv,
783 3860 875 3915 26,
910 3861 993 3918 73,
1032 3870 1143 3922 apte
1172 3860 1433 3923 praelusum

412 3954 481 3987 est
502 3974 517 3999 ,
562 3941 623 3989 cf.
646 3942 782 3988 Brut.
804 3940 889 3998 67,
920 3936 1048 3997 236,
1086 3939 1170 3987 cll.
1194 3938 1314 3987 ibid.
1336 3956 1403 4002 90
1419 3977 1434 3999 ,

418 4021 544 4075 310,
580 4031 629 4068 et
656 4022 790 4069 Orat.
811 4022 862 4078 1,
893 4034 955 4066 22
976 4054 991 4075 ,
1022 4022 1134 4079 ¹⁰4·
1165 4022 1229 4067 G.
1257 4019 1432 4068 -Ille

415 4100 527 4146 Piso
570 4099 856 4158 jamdudum
910 4107 1126 4147 mortuus
1182 4108 1281 4146 erat
1303 4135 1317 4160 ,
1373 4115 1430 4145 eo

1524 2213 1745 2266 tempore
1766 2216 1869 2265 quo
1895 2200 2170 2249 habebatur
2186 2202 2437 2251 Ciceronis
2452 2218 2552 2251 ser·

1522 2295 1603 2327 mo
1647 2296 1758 2327 cum
1796 2280 2012 2338 Catone,
2037 2279 2124 2344 qui
2160 2281 2553 2345 praecedentibus

1520 2357 1661 2405 libris
1687 2357 1908 2405 refertur.
1931 2361 2102 2422 Itaque
2118 2359 2200 2407 hic
2215 2359 2360 2423 liber,
2378 2377 2551 2425 quam-

1522 2436 1597 2484 vis
1629 2434 1804 2484 ordine
1847 2436 2116 2501 posterior,
2144 2447 2365 2502 tempore
2393 2451 2552 2488 tamen

1524 2514 1696 2563 ceteris
1722 2514 1951 2562 omnibus
1976 2515 2118 2580 prior
2139 2526 2229 2566 est.

1599 2603 1649 2651 4.
1675 2594 1994 2642 Ptolemaeum
2013 2606 2239 2644 voc-amr.
2268 2593 2400 2644 Male
2433 2598 2549 2644 Em.

1523 2674 1822 2722 Ptolemeum
1839 2690 1858 2718 .·
1880 2673 2118 2722 sedidem
2137 2675 2315 2723 rectius
2329 2674 2383 2723 in
2405 2675 2552 2724 Clave

1523 2753 1790 2817 geograph.
1809 2755 1877 2801 At
1895 2756 2019 2801 Dav.
2037 2753 2360 2803 Ptolemaeium
2372 2772 2395 2812 ,-
2417 2755 2552 2819 quod

1524 2832 1609 2879 vix
1634 2831 1989 2896 praeferendum
2017 2831 2101 2881 sit.
2131 2832 2257 2881 Nam
2286 2844 2344 2882 ut
2372 2835 2549 2882 Pausa·

1523 2911 1628 2958 nias
1646 2912 1799 2960 Attic.
1825 2927 1846 2959 1
1860 2928 1909 2974 7,
1932 2927 1961 2959 a
1977 2945 1991 2969 ,
2012 2898 2076 2962 ὲν
2095 2916 2167 2978 τῷ
2185 2912 2441 2981 γυμνασίῳ
2462 2919 2548 2972 τῆς

1525 2989 1704 3059 ἀγορᾶς
1723 2990 1961 3056 ἀπέχοντι
1985 2990 2036 3041 οὐ
2063 2991 2216 3049 πολὺ,
2246 2994 2549 3061 Πτολεμαῖον

1521 3063 1583 3121 δὲ
1619 3069 1721 3122 ἀπὸ
1761 3073 1845 3120 τοῦ
1881 3071 2341 3138 κατεσκευασμένου
2382 3076 2553 3122 καλου-

1521 3148 1653 3217 μένῳ
1689 3163 1703 3197 :
1742 3150 1808 3197 ita
1862 3149 2212 3198 «Amaltheam
2230 3183 2246 3210 ‚
2296 3152 2548 3200 Aurelium

1522 3226 1736 3275 tribunal
1754 3248 1782 3270 ιο
1799 3263 1816 3288 ,
1839 3227 2174 3292 ejusmodique
2190 3228 2283 3277 alia
2298 3229 2549 3279 dicuntur.

1520 3306 1583 3353 G.
1621 3332 1686 3342 —-
1718 3307 2035 3355 Ptolemoeum
2058 3307 2315 3357 dicebatur
2339 3326 2548 3375 gymna-

1518 3383 1646 3432 sium
1703 3385 1828 3434 illud
1878 3402 1907 3434 a
1955 3387 2224 3437 Ptolemaeo
2246 3423 2264 3450 ,
2312 3390 2548 3455 AEgyptio

1522 3479 1634 3527 rege
1649 3500 1667 3527 ,
1685 3466 1775 3529 qui
1799 3464 1926 3513 illud
1951 3474 2254 3514 exstruxerat
2267 3503 2285 3530 ,
2304 3478 2362 3517 ut
2397 3479 2545 3518 testa·

1523 3553 1602 3591 tur
1621 3545 1827 3592 Pansan.
1847 3544 1940 3593 hac
1958 3545 2065 3609 ipsa
2093 3556 2228 3594 nota.

1595 3626 1643 3672 5.
1686 3626 1754 3671 Ee
1783 3627 1837 3672 T.
1858 3623 2178 3689 Pomponius,
2200 3637 2250 3674 ee
2275 3630 2331 3674 L.
2362 3626 2562 3678 &cet-o.¹

1521 3703 1767 3751 Posterior
1787 3703 1964 3767 copula
1982 3704 2117 3752 abest
2139 3719 2166 3750 a
2189 3705 2331 3754 trinis
2347 3708 2547 3755 Oxonn.

1523 3783 1747 3845 binisque
1773 3781 1982 3841 nostrin
2010 3781 2140 3830 uude
2167 3785 2309 3832 etiam
2336 3788 2546 3850 priorem

1523 3873 1571 3910 et
1595 3860 1795 3926 syllabae
1822 3860 2115 3926 praecedenti
2142 3861 2312 3910 deberi
2331 3866 2547 3929 suspica·

1524 3957 1661 3989 mur:
1681 3957 1792 3990 nam
1823 3941 1939 3989 alias
1967 3958 2028 3990 ex
2051 3944 2302 3991 Ciceronis
2318 3960 2454 3992 more
2472 3947 2546 3992 vel

1525 4023 1661 4069 tertia
1681 4033 1759 4079 et,
1792 4033 1904 4071 ante
1934 4023 1991 4084 Q.
1990 4020 2179 4087 frater,
2208 4024 2548 4087 premittenda

1524 4101 1944 4151 loten—Lucium
1958 4113 2116 4150 autem
2130 4101 2548 4163 Ciceronem‚L.F.
