<?xml version="1.0" encoding="UTF-8"?>
<!DOCTYPE html PUBLIC "-//W3C//DTD XHTML 1.0 Transitional//EN"
    "http://www.w3.org/TR/xhtml1/DTD/xhtml1-transitional.dtd">
<html xmlns="http://www.w3.org/1999/xhtml" xml:lang="en" lang="en">
 <head>
  <title>
</title>
<meta http-equiv="Content-Type" content="text/html;charset=utf-8" />
  <meta name='ocr-system' content='tesseract 3.04.00' />
  <meta name='ocr-capabilities' content='ocr_page ocr_carea ocr_par ocr_line ocrx_word'/>
</head>
<body>
  <div class='ocr_page' id='page_1' title='image "./mtciceronisquae00clergoog/mtciceronisquae00clergoog_0078.png"; bbox 0 0 3217 4784; ppageno 0'>
   <div class='ocr_carea' id='block_1_1' title="bbox 657 436 2094 514">
    <p class='ocr_par' dir='ltr' id='par_1_1' title="bbox 657 436 2094 514">
     <span class='ocr_line' id='line_1_1' title="bbox 657 436 2094 514; baseline 0.003 -6"><span class='ocrx_word' id='word_1_1' title='bbox 657 436 748 510; x_wconf 88' lang='grc'><strong>58</strong></span> <span class='ocrx_word' id='word_1_2' title='bbox 1332 441 1426 506; x_wconf 94' lang='grc' dir='ltr'><strong>Μ.</strong></span> <span class='ocrx_word' id='word_1_3' title='bbox 1481 441 1556 505; x_wconf 92' lang='grc' dir='ltr'><strong>Τ.</strong></span> <span class='ocrx_word' id='word_1_4' title='bbox 1611 440 2094 514; x_wconf 88' lang='lat' dir='ltr'>CICERONIS</span> 
     </span>
    </p>
   </div>
   <div class='ocr_carea' id='block_1_2' title="bbox 657 558 2828 660">
    <p class='ocr_par' dir='ltr' id='par_1_2' title="bbox 657 558 2828 660">
     <span class='ocr_line' id='line_1_2' title="bbox 657 558 2828 660; baseline 0.003 -30"><span class='ocrx_word' id='word_1_5' title='bbox 657 584 884 656; x_wconf 88' lang='lat' dir='ltr'><strong>quum</strong></span> <span class='ocrx_word' id='word_1_6' title='bbox 919 559 1108 630; x_wconf 84' lang='lat' dir='ltr'><strong>illam</strong></span> <span class='ocrx_word' id='word_1_7' title='bbox 1150 558 1597 629; x_wconf 87' lang='lat' dir='ltr'><strong>severitatem</strong></span> <span class='ocrx_word' id='word_1_8' title='bbox 1631 560 1704 627; x_wconf 90' lang='lat' dir='ltr'><strong>in</strong></span> <span class='ocrx_word' id='word_1_9' title='bbox 1738 583 1827 631; x_wconf 92' lang='lat' dir='ltr'><strong>eo</strong></span> <span class='ocrx_word' id='word_1_10' title='bbox 1862 559 2014 633; x_wconf 84' lang='lat' dir='ltr'><strong>filio</strong></span> <span class='ocrx_word' id='word_1_11' title='bbox 2044 559 2413 648; x_wconf 85' lang='lat' dir='ltr'>adhibuit,</span> <span class='ocrx_word' id='word_1_12' title='bbox 2448 588 2663 660; x_wconf 90' lang='lat' dir='ltr'><strong>quem</strong></span> <span class='ocrx_word' id='word_1_13' title='bbox 2692 568 2764 636; x_wconf 88' lang='lat' dir='ltr'><strong>in</strong></span> <span class='ocrx_word' id='word_1_14' title='bbox 2825 611 2828 615; x_wconf 58' lang='lat'>&lt;</span> 
     </span>
    </p>
   </div>
   <div class='ocr_carea' id='block_1_3' title="bbox 656 666 2774 1972">
    <p class='ocr_par' dir='ltr' id='par_1_3' title="bbox 656 666 2774 1972">
     <span class='ocr_line' id='line_1_3' title="bbox 656 666 2768 768; baseline 0.003 -28"><span class='ocrx_word' id='word_1_15' title='bbox 656 668 1118 767; x_wconf 88' lang='lat' dir='ltr'><strong>adoptionem</strong></span> <span class='ocrx_word' id='word_1_16' title='bbox 1156 670 1244 738; x_wconf 91' lang='lat' dir='ltr'><strong>D.</strong></span> <span class='ocrx_word' id='word_1_17' title='bbox 1282 666 1523 738; x_wconf 86' lang='lat' dir='ltr'><strong>Silano</strong></span> <span class='ocrx_word' id='word_1_18' title='bbox 1551 673 2154 768; x_wconf 87' lang='lat' dir='ltr'><strong>emancipaverat,</strong></span> <span class='ocrx_word' id='word_1_19' title='bbox 2189 687 2272 742; x_wconf 91' lang='lat' dir='ltr'><strong>ut</strong></span> <span class='ocrx_word' id='word_1_20' title='bbox 2305 696 2509 760; x_wconf 86' lang='lat' dir='ltr'><strong>eum,</strong></span> <span class='ocrx_word' id='word_1_21' title='bbox 2544 679 2768 746; x_wconf 88' lang='lat' dir='ltr'><strong>Mace·</strong></span> 
     </span>
     <span class='ocr_line' id='line_1_4' title="bbox 657 772 2766 899; baseline 0.002 -51"><span class='ocrx_word' id='word_1_22' title='bbox 657 776 931 882; x_wconf 83' lang='lat' dir='ltr'><strong>donum</strong></span> <span class='ocrx_word' id='word_1_23' title='bbox 962 776 1207 899; x_wconf 78' lang='lat' dir='ltr'><strong>legatis</strong></span> <span class='ocrx_word' id='word_1_24' title='bbox 1242 772 1747 851; x_wconf 60' lang='lat' dir='ltr'><strong>accusahtibus</strong></span> <span class='ocrx_word' id='word_1_25' title='bbox 1770 782 1856 869; x_wconf 65' lang='lat'><strong>¹⁴,</strong></span> <span class='ocrx_word' id='word_1_26' title='bbox 1886 781 2087 878; x_wconf 90' lang='lat' dir='ltr'><strong>quod</strong></span> <span class='ocrx_word' id='word_1_27' title='bbox 2130 784 2465 879; x_wconf 85' lang='lat' dir='ltr'>pecunias</span> <span class='ocrx_word' id='word_1_28' title='bbox 2507 799 2766 882; x_wconf 85' lang='lat' dir='ltr'><strong>praeto-</strong></span> 
     </span>
     <span class='ocr_line' id='line_1_5' title="bbox 658 864 2768 991; baseline 0.004 -34"><span class='ocrx_word' id='word_1_29' title='bbox 658 874 810 959; x_wconf 81' lang='lat' dir='ltr'><strong>rem</strong></span> <span class='ocrx_word' id='word_1_30' title='bbox 848 890 923 956; x_wconf 88' lang='lat' dir='ltr'><strong>in</strong></span> <span class='ocrx_word' id='word_1_31' title='bbox 961 864 1329 983; x_wconf 87' lang='lat' dir='ltr'><strong>provincia</strong></span> <span class='ocrx_word' id='word_1_32' title='bbox 1365 889 1634 984; x_wconf 82' lang='lat' dir='ltr'><strong>cepisse</strong></span> <span class='ocrx_word' id='word_1_33' title='bbox 1679 907 2103 987; x_wconf 85' lang='lat' dir='ltr'><strong>arguerent,</strong></span> <span class='ocrx_word' id='word_1_34' title='bbox 2139 916 2424 964; x_wconf 87' lang='lat' dir='ltr'><strong>causam</strong></span> <span class='ocrx_word' id='word_1_35' title='bbox 2464 894 2651 991; x_wconf 88' lang='lat' dir='ltr'><strong>apud</strong></span> <span class='ocrx_word' id='word_1_36' title='bbox 2691 920 2768 965; x_wconf 88' lang='lat' dir='ltr'><strong>se</strong></span> 
     </span>
     <span class='ocr_line' id='line_1_6' title="bbox 656 994 2767 1100; baseline 0.002 -33"><span class='ocrx_word' id='word_1_37' title='bbox 656 996 893 1067; x_wconf 80' lang='lat' dir='ltr'><strong>dicere</strong></span> <span class='ocrx_word' id='word_1_38' title='bbox 922 994 1248 1093; x_wconf 86' lang='lat' dir='ltr'><strong>juberet,</strong></span> <span class='ocrx_word' id='word_1_39' title='bbox 1290 1021 1515 1094; x_wconf 90' lang='lat' dir='ltr'><strong>reque</strong></span> <span class='ocrx_word' id='word_1_40' title='bbox 1566 1022 1657 1068; x_wconf 80' lang='lat' dir='ltr'><strong>ex</strong></span> <span class='ocrx_word' id='word_1_41' title='bbox 1693 1014 1997 1096; x_wconf 89' lang='lat' dir='ltr'><strong>utraque</strong></span> <span class='ocrx_word' id='word_1_42' title='bbox 2036 1015 2238 1099; x_wconf 86' lang='lat' dir='ltr'><strong>parte</strong></span> <span class='ocrx_word' id='word_1_43' title='bbox 2274 1000 2545 1088; x_wconf 90' lang='lat' dir='ltr'><strong>audita,</strong></span> <span class='ocrx_word' id='word_1_44' title='bbox 2596 1026 2767 1100; x_wconf 82' lang='lat' dir='ltr'><strong>pro-</strong></span> 
     </span>
     <span class='ocr_line' id='line_1_7' title="bbox 656 1106 2771 1208; baseline 0.002 -31"><span class='ocrx_word' id='word_1_45' title='bbox 656 1106 1050 1191; x_wconf 83' lang='lat' dir='ltr'><strong>nuntiaret,</strong></span> <span class='ocrx_word' id='word_1_46' title='bbox 1079 1130 1247 1178; x_wconf 90' lang='lat' dir='ltr'><strong>eum</strong></span> <span class='ocrx_word' id='word_1_47' title='bbox 1280 1131 1431 1177; x_wconf 87' lang='lat' dir='ltr'><strong>non</strong></span> <span class='ocrx_word' id='word_1_48' title='bbox 1465 1107 1677 1178; x_wconf 87' lang='lat' dir='ltr'><strong>talem</strong></span> <span class='ocrx_word' id='word_1_49' title='bbox 1713 1109 1939 1180; x_wconf 84' lang='lat' dir='ltr'><strong>videri</strong></span> <span class='ocrx_word' id='word_1_50' title='bbox 1974 1108 2190 1182; x_wconf 85' lang='lat' dir='ltr'><strong>fuisse</strong></span> <span class='ocrx_word' id='word_1_51' title='bbox 2213 1107 2273 1154; x_wconf 85' lang='lat'><strong>¹⁵</strong></span> <span class='ocrx_word' id='word_1_52' title='bbox 2303 1112 2376 1180; x_wconf 89' lang='lat' dir='ltr'><strong>in</strong></span> <span class='ocrx_word' id='word_1_53' title='bbox 2425 1112 2729 1208; x_wconf 88' lang='lat' dir='ltr'><strong>imperio</strong></span> <span class='ocrx_word' id='word_1_54' title='bbox 2751 1165 2771 1195; x_wconf 90' lang='lat'><strong>,</strong></span> 
     </span>
     <span class='ocr_line' id='line_1_8' title="bbox 659 1214 2771 1316; baseline 0.001 -31"><span class='ocrx_word' id='word_1_55' title='bbox 659 1214 904 1313; x_wconf 88' lang='lat' dir='ltr'><strong>quales</strong></span> <span class='ocrx_word' id='word_1_56' title='bbox 917 1217 1069 1310; x_wconf 83' lang='lat' dir='ltr'><strong>ejus</strong></span> <span class='ocrx_word' id='word_1_57' title='bbox 1089 1215 1394 1312; x_wconf 87' lang='lat' dir='ltr'><strong>majores</strong></span> <span class='ocrx_word' id='word_1_58' title='bbox 1412 1214 1817 1306; x_wconf 68' lang='lat' dir='ltr'><strong>fuissentffi,</strong></span> <span class='ocrx_word' id='word_1_59' title='bbox 1848 1233 1922 1290; x_wconf 90' lang='lat' dir='ltr'><strong>et</strong></span> <span class='ocrx_word' id='word_1_60' title='bbox 1957 1219 2031 1289; x_wconf 89' lang='lat' dir='ltr'><strong>in</strong></span> <span class='ocrx_word' id='word_1_61' title='bbox 2069 1233 2530 1316; x_wconf 88' lang='lat' dir='ltr'><strong>conspectum</strong></span> <span class='ocrx_word' id='word_1_62' title='bbox 2561 1243 2771 1291; x_wconf 86' lang='lat' dir='ltr'><strong>suum</strong></span> 
     </span>
     <span class='ocr_line' id='line_1_9' title="bbox 661 1325 2773 1426; baseline 0.001 -30"><span class='ocrx_word' id='word_1_63' title='bbox 661 1328 906 1397; x_wconf 83' lang='lat' dir='ltr'><strong>venire</strong></span> <span class='ocrx_word' id='word_1_64' title='bbox 947 1329 1230 1398; x_wconf 88' lang='lat' dir='ltr'><strong>vetuit:</strong></span> <span class='ocrx_word' id='word_1_65' title='bbox 1295 1325 1657 1425; x_wconf 89' lang='lat' dir='ltr'><strong>numquid</strong></span> <span class='ocrx_word' id='word_1_66' title='bbox 1714 1327 2000 1400; x_wconf 86' lang='lat' dir='ltr'><strong>videtur</strong></span> <span class='ocrx_word' id='word_1_67' title='bbox 2054 1327 2185 1400; x_wconf 88' lang='lat' dir='ltr'><strong>tibi</strong></span> <span class='ocrx_word' id='word_1_68' title='bbox 2246 1328 2337 1399; x_wconf 93' lang='lat' dir='ltr'><strong>de</strong></span> <span class='ocrx_word' id='word_1_69' title='bbox 2390 1329 2773 1426; x_wconf 82' lang='lat' dir='ltr'><strong>voluptati-</strong></span> 
     </span>
     <span class='ocr_line' id='line_1_10' title="bbox 659 1435 2772 1536; baseline 0 -29"><span class='ocrx_word' id='word_1_70' title='bbox 659 1435 797 1507; x_wconf 86' lang='lat' dir='ltr'><strong>bus</strong></span> <span class='ocrx_word' id='word_1_71' title='bbox 828 1437 974 1507; x_wconf 89' lang='lat' dir='ltr'><strong>suis</strong></span> <span class='ocrx_word' id='word_1_72' title='bbox 1017 1437 1480 1533; x_wconf 76' lang='lat' dir='ltr'><strong>cogitavisse?</strong></span> <span class='ocrx_word' id='word_1_73' title='bbox 1513 1435 1656 1508; x_wconf 90' lang='lat' dir='ltr'><strong>Sed</strong></span> <span class='ocrx_word' id='word_1_74' title='bbox 1694 1451 1777 1507; x_wconf 91' lang='lat' dir='ltr'><strong>ut</strong></span> <span class='ocrx_word' id='word_1_75' title='bbox 1812 1440 2137 1509; x_wconf 89' lang='lat' dir='ltr'><strong>omittam</strong></span> <span class='ocrx_word' id='word_1_76' title='bbox 2172 1437 2526 1536; x_wconf 89' lang='lat' dir='ltr'><strong>pericula,</strong></span> <span class='ocrx_word' id='word_1_77' title='bbox 2577 1437 2772 1508; x_wconf 90' lang='lat' dir='ltr'><strong>labo·</strong></span> 
     </span>
     <span class='ocr_line' id='line_1_11' title="bbox 661 1543 2771 1645; baseline 0.001 -30"><span class='ocrx_word' id='word_1_78' title='bbox 661 1569 774 1616; x_wconf 89' lang='lat' dir='ltr'><strong>res</strong></span> <span class='ocrx_word' id='word_1_79' title='bbox 795 1598 816 1631; x_wconf 94' lang='lat'><strong>,</strong></span> <span class='ocrx_word' id='word_1_80' title='bbox 841 1543 1169 1616; x_wconf 88' lang='lat' dir='ltr'><strong>dolorem</strong></span> <span class='ocrx_word' id='word_1_81' title='bbox 1197 1547 1410 1619; x_wconf 88' lang='lat' dir='ltr'><strong>etiam</strong></span> <span class='ocrx_word' id='word_1_82' title='bbox 1428 1600 1447 1632; x_wconf 97' lang='lat'><strong>,</strong></span> <span class='ocrx_word' id='word_1_83' title='bbox 1475 1571 1696 1643; x_wconf 88' lang='lat' dir='ltr'><strong>quem</strong></span> <span class='ocrx_word' id='word_1_84' title='bbox 1724 1549 2039 1645; x_wconf 87' lang='lat' dir='ltr'><strong>optimus</strong></span> <span class='ocrx_word' id='word_1_85' title='bbox 2058 1548 2366 1644; x_wconf 90' lang='lat' dir='ltr'><strong>quisque</strong></span> <span class='ocrx_word' id='word_1_86' title='bbox 2384 1570 2519 1644; x_wconf 90' lang='lat' dir='ltr'><strong>pro</strong></span> <span class='ocrx_word' id='word_1_87' title='bbox 2547 1549 2771 1645; x_wconf 85' lang='lat' dir='ltr'><strong>patria</strong></span> 
     </span>
     <span class='ocr_line' id='line_1_12' title="bbox 661 1655 2770 1754; baseline 0 -29"><span class='ocrx_word' id='word_1_88' title='bbox 661 1669 734 1725; x_wconf 92' lang='lat' dir='ltr'><strong>et</strong></span> <span class='ocrx_word' id='word_1_89' title='bbox 773 1679 909 1752; x_wconf 88' lang='lat' dir='ltr'><strong>pro</strong></span> <span class='ocrx_word' id='word_1_90' title='bbox 939 1656 1087 1727; x_wconf 89' lang='lat' dir='ltr'><strong>suis</strong></span> <span class='ocrx_word' id='word_1_91' title='bbox 1129 1657 1458 1754; x_wconf 84' lang='lat' dir='ltr'><strong>suscipit,</strong></span> <span class='ocrx_word' id='word_1_92' title='bbox 1495 1670 1579 1727; x_wconf 89' lang='lat' dir='ltr'><strong>ut</strong></span> <span class='ocrx_word' id='word_1_93' title='bbox 1608 1681 1760 1727; x_wconf 89' lang='lat' dir='ltr'><strong>non</strong></span> <span class='ocrx_word' id='word_1_94' title='bbox 1795 1655 2017 1727; x_wconf 89' lang='lat' dir='ltr'><strong>modo</strong></span> <span class='ocrx_word' id='word_1_95' title='bbox 2053 1655 2322 1726; x_wconf 87' lang='lat' dir='ltr'><strong>nullam</strong></span> <span class='ocrx_word' id='word_1_96' title='bbox 2351 1669 2622 1754; x_wconf 79' lang='lat' dir='ltr'><strong>captet,</strong></span> <span class='ocrx_word' id='word_1_97' title='bbox 2649 1656 2770 1727; x_wconf 89' lang='lat' dir='ltr'><strong>sed</strong></span> 
     </span>
     <span class='ocr_line' id='line_1_13' title="bbox 660 1763 2772 1863; baseline 0.001 -29"><span class='ocrx_word' id='word_1_98' title='bbox 660 1765 871 1835; x_wconf 88' lang='lat' dir='ltr'><strong>etiam</strong></span> <span class='ocrx_word' id='word_1_99' title='bbox 919 1779 1289 1863; x_wconf 74' lang='lat' dir='ltr'><strong>praetereat</strong></span> <span class='ocrx_word' id='word_1_100' title='bbox 1340 1790 1592 1837; x_wconf 88' lang='lat' dir='ltr'><strong>omnes</strong></span> <span class='ocrx_word' id='word_1_101' title='bbox 1639 1764 2078 1863; x_wconf 80' lang='lat' dir='ltr'><strong>voluptates,</strong></span> <span class='ocrx_word' id='word_1_102' title='bbox 2123 1764 2408 1837; x_wconf 89' lang='lat' dir='ltr'><strong>dolores</strong></span> <span class='ocrx_word' id='word_1_103' title='bbox 2456 1763 2772 1862; x_wconf 89' lang='lat' dir='ltr'><strong>denique</strong></span> 
     </span>
     <span class='ocr_line' id='line_1_14' title="bbox 661 1872 2774 1972; baseline 0 -27"><span class='ocrx_word' id='word_1_104' title='bbox 661 1876 954 1972; x_wconf 86' lang='lat' dir='ltr'><strong>quosvis</strong></span> <span class='ocrx_word' id='word_1_105' title='bbox 981 1882 1043 1930; x_wconf 77' lang='lat'><strong>¹7</strong></span> <span class='ocrx_word' id='word_1_106' title='bbox 1088 1874 1445 1970; x_wconf 83' lang='lat' dir='ltr'><strong>suscipere</strong></span> <span class='ocrx_word' id='word_1_107' title='bbox 1483 1873 1720 1962; x_wconf 89' lang='lat' dir='ltr'><strong>malit,</strong></span> <span class='ocrx_word' id='word_1_108' title='bbox 1762 1898 1979 1971; x_wconf 87' lang='lat' dir='ltr'><strong>quam</strong></span> <span class='ocrx_word' id='word_1_109' title='bbox 2006 1873 2333 1947; x_wconf 89' lang='lat' dir='ltr'><strong>deserere</strong></span> <span class='ocrx_word' id='word_1_110' title='bbox 2359 1872 2579 1944; x_wconf 89' lang='lat' dir='ltr'><strong>ullam</strong></span> <span class='ocrx_word' id='word_1_111' title='bbox 2614 1873 2774 1945; x_wconf 89' lang='lat' dir='ltr'><strong>offi-</strong></span> 
     </span>
    </p>
   </div>
   <div class='ocr_carea' id='block_1_4' title="bbox 662 2035 1709 4231">
    <p class='ocr_par' dir='ltr' id='par_1_4' title="bbox 662 2035 1687 2951">
     <span class='ocr_line' id='line_1_15' title="bbox 738 2035 1681 2101; baseline -0.004 -13"><span class='ocrx_word' id='word_1_112' title='bbox 738 2046 818 2094; x_wconf 75' lang='grc'><strong>14.</strong></span> <span class='ocrx_word' id='word_1_113' title='bbox 839 2035 1221 2094; x_wconf 80' lang='lat' dir='ltr'><strong>Accusamibus,</strong></span> <span class='ocrx_word' id='word_1_114' title='bbox 1251 2036 1411 2101; x_wconf 83' lang='lat' dir='ltr'><strong>quod.</strong></span> <span class='ocrx_word' id='word_1_115' title='bbox 1430 2069 1443 2084; x_wconf 86' lang='lat'>.</span> <span class='ocrx_word' id='word_1_116' title='bbox 1466 2072 1480 2083; x_wconf 93' lang='lat'>.</span> <span class='ocrx_word' id='word_1_117' title='bbox 1505 2051 1681 2101; x_wconf 75' lang='lat' dir='ltr'><strong>argue-</strong></span> 
     </span>
     <span class='ocr_line' id='line_1_16' title="bbox 662 2114 1681 2164; baseline -0.002 0"><span class='ocrx_word' id='word_1_118' title='bbox 662 2127 782 2164; x_wconf 76' lang='lat' dir='ltr'><strong>rent.</strong></span> <span class='ocrx_word' id='word_1_119' title='bbox 807 2116 968 2163; x_wconf 76' lang='lat' dir='ltr'><strong>Miror</strong></span> <span class='ocrx_word' id='word_1_120' title='bbox 992 2117 1045 2163; x_wconf 86' lang='lat' dir='ltr'><strong>in</strong></span> <span class='ocrx_word' id='word_1_121' title='bbox 1061 2114 1141 2162; x_wconf 86' lang='lat' dir='ltr'><strong>his</strong></span> <span class='ocrx_word' id='word_1_122' title='bbox 1163 2116 1275 2164; x_wconf 79' lang='lat' dir='ltr'><strong>VV.</strong></span> <span class='ocrx_word' id='word_1_123' title='bbox 1302 2116 1412 2164; x_wconf 91' lang='lat' dir='ltr'><strong>DD.</strong></span> <span class='ocrx_word' id='word_1_124' title='bbox 1435 2114 1559 2162; x_wconf 84' lang='lat' dir='ltr'><strong>nihil</strong></span> <span class='ocrx_word' id='word_1_125' title='bbox 1579 2115 1681 2162; x_wconf 78' lang='lat' dir='ltr'><strong>hae-</strong></span> 
     </span>
     <span class='ocr_line' id='line_1_17' title="bbox 665 2180 1679 2256; baseline 0.001 -16"><span class='ocrx_word' id='word_1_126' title='bbox 665 2180 819 2253; x_wconf 67' lang='lat' dir='ltr'><strong>sisse⁸,</strong></span> <span class='ocrx_word' id='word_1_127' title='bbox 858 2209 1008 2256; x_wconf 89' lang='lat' dir='ltr'><strong>quum</strong></span> <span class='ocrx_word' id='word_1_128' title='bbox 1035 2192 1151 2241; x_wconf 76' lang='lat' dir='ltr'><strong>alias</strong></span> <span class='ocrx_word' id='word_1_129' title='bbox 1184 2192 1423 2254; x_wconf 80' lang='lat' dir='ltr'><strong>ejusmodi</strong></span> <span class='ocrx_word' id='word_1_130' title='bbox 1448 2192 1570 2241; x_wconf 82' lang='lat' dir='ltr'><strong>locis</strong></span> <span class='ocrx_word' id='word_1_131' title='bbox 1600 2193 1679 2241; x_wconf 78' lang='lat' dir='ltr'><strong>os-</strong></span> 
     </span>
     <span class='ocr_line' id='line_1_18' title="bbox 668 2270 1680 2337; baseline 0.001 -18"><span class='ocrx_word' id='word_1_132' title='bbox 668 2271 930 2319; x_wconf 80' lang='lat' dir='ltr'><strong>sendantur</strong></span> <span class='ocrx_word' id='word_1_133' title='bbox 947 2306 962 2331; x_wconf 90' lang='lat'><strong>,</strong></span> <span class='ocrx_word' id='word_1_134' title='bbox 1001 2270 1086 2319; x_wconf 88' lang='lat' dir='ltr'><strong>ubi</strong></span> <span class='ocrx_word' id='word_1_135' title='bbox 1113 2272 1252 2336; x_wconf 80' lang='lat' dir='ltr'><strong>quod</strong></span> <span class='ocrx_word' id='word_1_136' title='bbox 1271 2287 1365 2337; x_wconf 88' lang='lat' dir='ltr'><strong>pro</strong></span> <span class='ocrx_word' id='word_1_137' title='bbox 1390 2288 1541 2337; x_wconf 79' lang='lat' dir='ltr'><strong>quum</strong></span> <span class='ocrx_word' id='word_1_138' title='bbox 1568 2288 1680 2321; x_wconf 84' lang='lat' dir='ltr'><strong>cum</strong></span> 
     </span>
     <span class='ocr_line' id='line_1_19' title="bbox 669 2348 1679 2417; baseline 0.002 -18"><span class='ocrx_word' id='word_1_139' title='bbox 669 2348 983 2411; x_wconf 68' lang='lat' dir='ltr'><strong>subjunctivo</strong></span> <span class='ocrx_word' id='word_1_140' title='bbox 999 2352 1217 2401; x_wconf 83' lang='lat' dir='ltr'><strong>struitur.</strong></span> <span class='ocrx_word' id='word_1_141' title='bbox 1238 2354 1299 2401; x_wconf 81' lang='lat' dir='ltr'><strong>V.</strong></span> <span class='ocrx_word' id='word_1_142' title='bbox 1320 2368 1364 2401; x_wconf 87' lang='lat' dir='ltr'><strong>c.</strong></span> <span class='ocrx_word' id='word_1_143' title='bbox 1375 2369 1468 2417; x_wconf 81' lang='lat' dir='ltr'><strong>pro</strong></span> <span class='ocrx_word' id='word_1_144' title='bbox 1485 2353 1679 2402; x_wconf 88' lang='lat' dir='ltr'><strong>Cluent.</strong></span> 
     </span>
     <span class='ocr_line' id='line_1_20' title="bbox 673 2429 1683 2497; baseline 0.003 -20"><span class='ocrx_word' id='word_1_145' title='bbox 673 2447 705 2493; x_wconf 85' lang='lat'><strong>9</strong></span> <span class='ocrx_word' id='word_1_146' title='bbox 728 2463 743 2488; x_wconf 89' lang='lat'>‚</span> <span class='ocrx_word' id='word_1_147' title='bbox 763 2437 829 2486; x_wconf 71' lang='lat'><strong>⁴4</strong></span> <span class='ocrx_word' id='word_1_148' title='bbox 852 2444 866 2478; x_wconf 88' lang='lat'><strong>:</strong></span> <span class='ocrx_word' id='word_1_149' title='bbox 887 2449 910 2471; x_wconf 74' lang='grc' dir='ltr'><strong>α</strong></span> <span class='ocrx_word' id='word_1_150' title='bbox 935 2429 1004 2479; x_wconf 78' lang='lat' dir='ltr'><strong>ita</strong></span> <span class='ocrx_word' id='word_1_151' title='bbox 1021 2430 1156 2495; x_wconf 88' lang='lat' dir='ltr'><strong>quod</strong></span> <span class='ocrx_word' id='word_1_152' title='bbox 1183 2431 1330 2480; x_wconf 87' lang='lat' dir='ltr'><strong>ceteri</strong></span> <span class='ocrx_word' id='word_1_153' title='bbox 1349 2430 1683 2497; x_wconf 82' lang='lat' dir='ltr'><strong>propterlibe-</strong></span> 
     </span>
     <span class='ocr_line' id='line_1_21' title="bbox 671 2508 1684 2574; baseline 0.004 -20"><span class='ocrx_word' id='word_1_154' title='bbox 671 2523 755 2555; x_wconf 85' lang='lat' dir='ltr'><strong>ros</strong></span> <span class='ocrx_word' id='word_1_155' title='bbox 773 2508 994 2570; x_wconf 60' lang='lat' dir='ltr'><strong>pecunia</strong></span> <span class='ocrx_word' id='word_1_156' title='bbox 1022 2509 1298 2574; x_wconf 70' lang='lat' dir='ltr'><strong>cupidiores</strong></span> <span class='ocrx_word' id='word_1_157' title='bbox 1335 2510 1523 2558; x_wconf 76' lang='lat' dir='ltr'><strong>soleant</strong></span> <span class='ocrx_word' id='word_1_158' title='bbox 1551 2524 1684 2566; x_wconf 80' lang='lat' dir='ltr'><strong>esse,</strong></span> 
     </span>
     <span class='ocr_line' id='line_1_22' title="bbox 670 2585 1684 2651; baseline 0.002 -19"><span class='ocrx_word' id='word_1_159' title='bbox 670 2585 755 2633; x_wconf 76' lang='lat' dir='ltr'><strong>ille</strong></span> <span class='ocrx_word' id='word_1_160' title='bbox 772 2598 976 2651; x_wconf 85' lang='lat' dir='ltr'><strong>propter</strong></span> <span class='ocrx_word' id='word_1_161' title='bbox 996 2589 1252 2651; x_wconf 75' lang='lat' dir='ltr'><strong>pecuniam</strong></span> <span class='ocrx_word' id='word_1_162' title='bbox 1268 2587 1451 2636; x_wconf 83' lang='lat' dir='ltr'><strong>liberos</strong></span> <span class='ocrx_word' id='word_1_163' title='bbox 1469 2589 1684 2636; x_wconf 77' lang='lat' dir='ltr'><strong>amittere</strong></span> 
     </span>
     <span class='ocr_line' id='line_1_23' title="bbox 666 2664 1681 2730; baseline 0.003 -18"><span class='ocrx_word' id='word_1_164' title='bbox 666 2664 933 2730; x_wconf 84' lang='lat' dir='ltr'><strong>jucundius</strong></span> <span class='ocrx_word' id='word_1_165' title='bbox 969 2682 1073 2714; x_wconf 82' lang='lat' dir='ltr'><strong>csse</strong></span> <span class='ocrx_word' id='word_1_166' title='bbox 1114 2665 1256 2714; x_wconf 83' lang='lat' dir='ltr'><strong>duxit</strong></span> <span class='ocrx_word' id='word_1_167' title='bbox 1279 2688 1323 2715; x_wconf 67' lang='lat' dir='ltr'><strong>n.</strong></span> <span class='ocrx_word' id='word_1_168' title='bbox 1360 2666 1437 2714; x_wconf 80' lang='lat' dir='ltr'><strong>Ibi</strong></span> <span class='ocrx_word' id='word_1_169' title='bbox 1460 2666 1524 2714; x_wconf 78' lang='lat' dir='ltr'><strong>sb</strong></span> <span class='ocrx_word' id='word_1_170' title='bbox 1560 2666 1681 2715; x_wconf 85' lang='lat' dir='ltr'><strong>Ern.</strong></span> 
     </span>
     <span class='ocr_line' id='line_1_24' title="bbox 673 2744 1687 2808; baseline 0.001 -17"><span class='ocrx_word' id='word_1_171' title='bbox 673 2744 786 2792; x_wconf 84' lang='lat' dir='ltr'><strong>inde</strong></span> <span class='ocrx_word' id='word_1_172' title='bbox 823 2760 973 2808; x_wconf 80' lang='lat' dir='ltr'><em>queem</em></span> <span class='ocrx_word' id='word_1_173' title='bbox 1005 2759 1099 2808; x_wconf 86' lang='lat' dir='ltr'><strong>pro</strong></span> <span class='ocrx_word' id='word_1_174' title='bbox 1138 2744 1277 2807; x_wconf 82' lang='lat' dir='ltr'><strong>quod</strong></span> <span class='ocrx_word' id='word_1_175' title='bbox 1300 2760 1365 2792; x_wconf 85' lang='lat' dir='ltr'><strong>ex</strong></span> <span class='ocrx_word' id='word_1_176' title='bbox 1408 2745 1687 2805; x_wconf 74' lang='lat' dir='ltr'><strong>conjectura</strong></span> 
     </span>
     <span class='ocr_line' id='line_1_25' title="bbox 673 2823 1687 2885; baseline 0 -15"><span class='ocrx_word' id='word_1_177' title='bbox 673 2823 777 2871; x_wconf 87' lang='lat' dir='ltr'><strong>sine</strong></span> <span class='ocrx_word' id='word_1_178' title='bbox 802 2823 939 2871; x_wconf 87' lang='lat' dir='ltr'><strong>omni</strong></span> <span class='ocrx_word' id='word_1_179' title='bbox 957 2824 1087 2885; x_wconf 76' lang='lat' dir='ltr'><strong>justu</strong></span> <span class='ocrx_word' id='word_1_180' title='bbox 1114 2838 1258 2870; x_wconf 76' lang='lat' dir='ltr'><strong>cansa</strong></span> <span class='ocrx_word' id='word_1_181' title='bbox 1292 2833 1566 2871; x_wconf 79' lang='lat' dir='ltr'><strong>correctum</strong></span> <span class='ocrx_word' id='word_1_182' title='bbox 1599 2831 1687 2871; x_wconf 69' lang='lat' dir='ltr'><strong>est.</strong></span> 
     </span>
     <span class='ocr_line' id='line_1_26' title="bbox 675 2901 1527 2961; baseline 0.002 -12"><span class='ocrx_word' id='word_1_183' title='bbox 675 2901 801 2949; x_wconf 82' lang='lat' dir='ltr'><strong>Vide</strong></span> <span class='ocrx_word' id='word_1_184' title='bbox 821 2902 883 2950; x_wconf 76' lang='lat' dir='ltr'><strong>sd</strong></span> <span class='ocrx_word' id='word_1_185' title='bbox 905 2901 1193 2961; x_wconf 74' lang='lat' dir='ltr'><strong>Aeadd.11‚</strong></span> <span class='ocrx_word' id='word_1_186' title='bbox 1219 2918 1315 2959; x_wconf 62' lang='grc' dir='ltr'><strong>πο,</strong></span> <span class='ocrx_word' id='word_1_187' title='bbox 1350 2902 1438 2951; x_wconf 89' lang='lat'><strong>66.</strong></span> <span class='ocrx_word' id='word_1_188' title='bbox 1464 2902 1527 2952; x_wconf 90' lang='lat' dir='ltr'><strong>G.</strong></span> 
     </span>
    </p>

    <p class='ocr_par' dir='ltr' id='par_1_5' title="bbox 675 2978 1698 3898">
     <span class='ocr_line' id='line_1_27' title="bbox 751 2978 1691 3045; baseline -0.002 -17"><span class='ocrx_word' id='word_1_189' title='bbox 751 2981 832 3028; x_wconf 83' lang='grc'><strong>15.</strong></span> <span class='ocrx_word' id='word_1_190' title='bbox 880 2980 1047 3029; x_wconf 78' lang='lat' dir='ltr'><strong>Videt-i</strong></span> <span class='ocrx_word' id='word_1_191' title='bbox 1069 2978 1257 3045; x_wconf 75' lang='lat' dir='ltr'><strong>fhisse.</strong></span> <span class='ocrx_word' id='word_1_192' title='bbox 1284 2981 1456 3029; x_wconf 77' lang='lat' dir='ltr'><strong>&#39;Nostri</strong></span> <span class='ocrx_word' id='word_1_193' title='bbox 1494 2995 1691 3045; x_wconf 82' lang='lat' dir='ltr'><strong>quoque</strong></span> 
     </span>
     <span class='ocr_line' id='line_1_28' title="bbox 675 3057 1696 3125; baseline -0.001 -17"><span class='ocrx_word' id='word_1_194' title='bbox 675 3058 824 3109; x_wconf 83' lang='lat' dir='ltr'><strong>codd.</strong></span> <span class='ocrx_word' id='word_1_195' title='bbox 844 3071 1021 3125; x_wconf 75' lang='lat' dir='ltr'><strong>praetcr</strong></span> <span class='ocrx_word' id='word_1_196' title='bbox 1046 3061 1145 3109; x_wconf 86' lang='lat' dir='ltr'><strong>Erl.</strong></span> <span class='ocrx_word' id='word_1_197' title='bbox 1165 3072 1214 3109; x_wconf 88' lang='lat' dir='ltr'><strong>et</strong></span> <span class='ocrx_word' id='word_1_198' title='bbox 1234 3061 1363 3125; x_wconf 82' lang='lat' dir='ltr'><strong>Spir.</strong></span> <span class='ocrx_word' id='word_1_199' title='bbox 1382 3062 1436 3108; x_wconf 87' lang='lat' dir='ltr'><strong>in</strong></span> <span class='ocrx_word' id='word_1_200' title='bbox 1454 3077 1506 3109; x_wconf 85' lang='lat' dir='ltr'><strong>v.</strong></span> <span class='ocrx_word' id='word_1_201' title='bbox 1529 3057 1696 3108; x_wconf 76' lang='lat' dir='ltr'><strong>videri</strong></span> 
     </span>
     <span class='ocr_line' id='line_1_29' title="bbox 676 3124 1694 3207; baseline -0.002 -20"><span class='ocrx_word' id='word_1_202' title='bbox 676 3150 898 3202; x_wconf 78' lang='lat' dir='ltr'><strong>peccent.</strong></span> <span class='ocrx_word' id='word_1_203' title='bbox 935 3139 1066 3188; x_wconf 89' lang='lat' dir='ltr'><strong>Gud.</strong></span> <span class='ocrx_word' id='word_1_204' title='bbox 1094 3138 1368 3207; x_wconf 77' lang='lat' dir='ltr'><strong>2‚fide1s’,·</strong></span> <span class='ocrx_word' id='word_1_205' title='bbox 1417 3124 1547 3188; x_wconf 71' lang='lat' dir='ltr'><strong>oud.</strong></span> <span class='ocrx_word' id='word_1_206' title='bbox 1592 3153 1613 3185; x_wconf 86' lang='lat'>1</span> <span class='ocrx_word' id='word_1_207' title='bbox 1644 3147 1694 3186; x_wconf 85' lang='lat' dir='ltr'><strong>et</strong></span> 
     </span>
     <span class='ocr_line' id='line_1_30' title="bbox 678 3215 1692 3283; baseline 0.001 -18"><span class='ocrx_word' id='word_1_208' title='bbox 678 3215 936 3283; x_wconf 57' lang='lat' dir='ltr'><strong>Baufidd.</strong></span> <span class='ocrx_word' id='word_1_209' title='bbox 959 3217 1055 3267; x_wconf 85' lang='lat' dir='ltr'><strong>Sed</strong></span> <span class='ocrx_word' id='word_1_210' title='bbox 1070 3218 1193 3267; x_wconf 86' lang='lat' dir='ltr'><strong>nihil</strong></span> <span class='ocrx_word' id='word_1_211' title='bbox 1209 3217 1327 3269; x_wconf 87' lang='lat' dir='ltr'><strong>iude</strong></span> <span class='ocrx_word' id='word_1_212' title='bbox 1343 3217 1692 3277; x_wconf 75' lang='lat' dir='ltr'><strong>extricandam,</strong></span> 
     </span>
     <span class='ocr_line' id='line_1_31' title="bbox 678 3293 1694 3359; baseline 0.004 -17"><span class='ocrx_word' id='word_1_213' title='bbox 678 3311 830 3359; x_wconf 87' lang='lat' dir='ltr'><strong>quum</strong></span> <span class='ocrx_word' id='word_1_214' title='bbox 864 3293 1028 3344; x_wconf 74' lang='lat' dir='ltr'><strong>videti</strong></span> <span class='ocrx_word' id='word_1_215' title='bbox 1049 3297 1249 3346; x_wconf 79' lang='lat' dir='ltr'><strong>verbum</strong></span> <span class='ocrx_word' id='word_1_216' title='bbox 1273 3297 1339 3346; x_wconf 83' lang='lat' dir='ltr'><strong>sit</strong></span> <span class='ocrx_word' id='word_1_217' title='bbox 1364 3298 1419 3346; x_wconf 85' lang='lat' dir='ltr'><strong>in</strong></span> <span class='ocrx_word' id='word_1_218' title='bbox 1447 3299 1694 3346; x_wconf 76' lang='lat' dir='ltr'><strong>seutentioe</strong></span> 
     </span>
     <span class='ocr_line' id='line_1_32' title="bbox 675 3374 1691 3442; baseline 0.003 -20"><span class='ocrx_word' id='word_1_219' title='bbox 675 3374 857 3440; x_wconf 86' lang='lat' dir='ltr'><strong>judicis</strong></span> <span class='ocrx_word' id='word_1_220' title='bbox 938 3377 1334 3439; x_wconf 77' lang='lat' dir='ltr'><strong>pronuntiatione</strong></span> <span class='ocrx_word' id='word_1_221' title='bbox 1403 3376 1691 3442; x_wconf 79' lang='lat' dir='ltr'><strong>proprium3</strong></span> 
     </span>
     <span class='ocr_line' id='line_1_33' title="bbox 678 3454 1691 3519; baseline 0.001 -18"><span class='ocrx_word' id='word_1_222' title='bbox 678 3455 855 3502; x_wconf 82' lang='lat' dir='ltr'><strong>vitium</strong></span> <span class='ocrx_word' id='word_1_223' title='bbox 876 3469 905 3501; x_wconf 77' lang='grc' dir='ltr'>ι</span> <span class='ocrx_word' id='word_1_224' title='bbox 931 3454 1179 3505; x_wconf 77' lang='lat' dir='ltr'><strong>confusius</strong></span> <span class='ocrx_word' id='word_1_225' title='bbox 1221 3454 1432 3504; x_wconf 79' lang='lat' dir='ltr'><strong>dictante</strong></span> <span class='ocrx_word' id='word_1_226' title='bbox 1470 3465 1691 3519; x_wconf 82' lang='lat' dir='ltr'><strong>repeten-</strong></span> 
     </span>
     <span class='ocr_line' id='line_1_34' title="bbox 682 3532 1694 3583; baseline 0.002 -4"><span class='ocrx_word' id='word_1_227' title='bbox 682 3532 798 3580; x_wconf 85' lang='lat' dir='ltr'><strong>dum</strong></span> <span class='ocrx_word' id='word_1_228' title='bbox 845 3532 1055 3581; x_wconf 83' lang='lat' dir='ltr'><strong>videtur.</strong></span> <span class='ocrx_word' id='word_1_229' title='bbox 1090 3535 1249 3583; x_wconf 85' lang='lat' dir='ltr'><strong>Locus</strong></span> <span class='ocrx_word' id='word_1_230' title='bbox 1283 3545 1442 3582; x_wconf 78' lang='lat' dir='ltr'><strong>sutem</strong></span> <span class='ocrx_word' id='word_1_231' title='bbox 1469 3534 1694 3582; x_wconf 71' lang='lat' dir='ltr'><strong>classicus</strong></span> 
     </span>
     <span class='ocr_line' id='line_1_35' title="bbox 681 3610 1698 3677; baseline 0.001 -18"><span class='ocrx_word' id='word_1_232' title='bbox 681 3623 753 3660; x_wconf 89' lang='lat' dir='ltr'><strong>est</strong></span> <span class='ocrx_word' id='word_1_233' title='bbox 768 3611 956 3660; x_wconf 76' lang='lat' dir='ltr'><strong>Acsdd.</strong></span> <span class='ocrx_word' id='word_1_234' title='bbox 978 3613 1027 3658; x_wconf 86' lang='lat'><strong>11</strong></span> <span class='ocrx_word' id='word_1_235' title='bbox 1044 3646 1062 3674; x_wconf 90' lang='lat'>‚</span> <span class='ocrx_word' id='word_1_236' title='bbox 1089 3619 1151 3673; x_wconf 65' lang='grc'><strong>47</strong></span> <span class='ocrx_word' id='word_1_237' title='bbox 1168 3645 1184 3672; x_wconf 84' lang='grc'><em>,</em></span> <span class='ocrx_word' id='word_1_238' title='bbox 1218 3613 1316 3668; x_wconf 75' lang='grc'><strong>146</strong></span> <span class='ocrx_word' id='word_1_239' title='bbox 1338 3626 1352 3662; x_wconf 76' lang='lat' dir='ltr'><strong><em>z</em></strong></span> <span class='ocrx_word' id='word_1_240' title='bbox 1378 3631 1402 3655; x_wconf 74' lang='grc' dir='ltr'>ι</span> <span class='ocrx_word' id='word_1_241' title='bbox 1423 3610 1698 3677; x_wconf 72' lang='lat' dir='ltr'><strong>quoejuruti</strong></span> 
     </span>
     <span class='ocr_line' id='line_1_36' title="bbox 677 3690 1695 3760; baseline 0.001 -23"><span class='ocrx_word' id='word_1_242' title='bbox 677 3690 867 3760; x_wconf 82' lang='lat' dir='ltr'><strong>judices</strong></span> <span class='ocrx_word' id='word_1_243' title='bbox 908 3691 1277 3754; x_wconf 73' lang='lat' dir='ltr'><strong>cognovissent,</strong></span> <span class='ocrx_word' id='word_1_244' title='bbox 1313 3706 1369 3739; x_wconf 74' lang='lat' dir='ltr'><strong>ea</strong></span> <span class='ocrx_word' id='word_1_245' title='bbox 1403 3726 1419 3749; x_wconf 88' lang='lat'><strong>,</strong></span> <span class='ocrx_word' id='word_1_246' title='bbox 1460 3706 1562 3739; x_wconf 90' lang='lat' dir='ltr'><strong>non</strong></span> <span class='ocrx_word' id='word_1_247' title='bbox 1598 3702 1655 3738; x_wconf 84' lang='lat' dir='ltr'><strong>ut</strong></span> <span class='ocrx_word' id='word_1_248' title='bbox 1679 3724 1695 3751; x_wconf 87' lang='lat'><strong>,</strong></span> 
     </span>
     <span class='ocr_line' id='line_1_37' title="bbox 680 3768 1697 3834; baseline 0 -18"><span class='ocrx_word' id='word_1_249' title='bbox 680 3785 783 3816; x_wconf 79' lang='lat' dir='ltr'><strong>esse</strong></span> <span class='ocrx_word' id='word_1_250' title='bbox 807 3771 964 3828; x_wconf 71' lang='lat' dir='ltr'><strong>facts,</strong></span> <span class='ocrx_word' id='word_1_251' title='bbox 1010 3768 1096 3818; x_wconf 82' lang='lat' dir='ltr'><strong>sed</strong></span> <span class='ocrx_word' id='word_1_252' title='bbox 1121 3780 1207 3829; x_wconf 88' lang='lat' dir='ltr'><strong>ut,</strong></span> <span class='ocrx_word' id='word_1_253' title='bbox 1248 3770 1402 3818; x_wconf 79' lang='lat' dir='ltr'><strong>videri</strong></span> <span class='ocrx_word' id='word_1_254' title='bbox 1426 3803 1442 3829; x_wconf 90' lang='lat'><strong>,</strong></span> <span class='ocrx_word' id='word_1_255' title='bbox 1476 3784 1697 3834; x_wconf 85' lang='lat' dir='ltr'><strong>pronun-</strong></span> 
     </span>
     <span class='ocr_line' id='line_1_38' title="bbox 682 3847 999 3898; baseline 0.006 -2"><span class='ocrx_word' id='word_1_256' title='bbox 682 3847 856 3896; x_wconf 80' lang='lat' dir='ltr'><strong>tiatent</strong></span> <span class='ocrx_word' id='word_1_257' title='bbox 869 3871 914 3898; x_wconf 74' lang='grc' dir='ltr'><strong>ιι.</strong></span> <span class='ocrx_word' id='word_1_258' title='bbox 936 3849 999 3898; x_wconf 89' lang='lat' dir='ltr'><strong>G.</strong></span> 
     </span>
    </p>

    <p class='ocr_par' dir='ltr' id='par_1_6' title="bbox 679 3926 1697 4231">
     <span class='ocr_line' id='line_1_39' title="bbox 758 3926 1697 3990; baseline 0 -16"><span class='ocrx_word' id='word_1_259' title='bbox 758 3943 779 3974; x_wconf 86' lang='lat'>1</span> <span class='ocrx_word' id='word_1_260' title='bbox 788 3928 838 3974; x_wconf 82' lang='grc' dir='ltr'><strong>ὃ.</strong></span> <span class='ocrx_word' id='word_1_261' title='bbox 852 3926 1088 3986; x_wconf 78' lang='lat' dir='ltr'><strong>Fuissene,</strong></span> <span class='ocrx_word' id='word_1_262' title='bbox 1105 3939 1171 3986; x_wconf 78' lang='lat' dir='ltr'><strong>cs,</strong></span> <span class='ocrx_word' id='word_1_263' title='bbox 1182 3936 1277 3976; x_wconf 88' lang='lat' dir='ltr'><strong>etc.</strong></span> <span class='ocrx_word' id='word_1_264' title='bbox 1288 3930 1425 3977; x_wconf 83' lang='lat' dir='ltr'><strong>Goer.</strong></span> <span class='ocrx_word' id='word_1_265' title='bbox 1443 3926 1697 3990; x_wconf 75' lang='lat' dir='ltr'><strong>interpun-</strong></span> 
     </span>
     <span class='ocr_line' id='line_1_40' title="bbox 682 4005 1709 4072; baseline -0.002 -18"><span class='ocrx_word' id='word_1_266' title='bbox 682 4006 1008 4072; x_wconf 75' lang='lat' dir='ltr'><strong>gitfieissem;</strong></span> <span class='ocrx_word' id='word_1_267' title='bbox 1045 4016 1096 4053; x_wconf 78' lang='lat' dir='ltr'><strong>ee</strong></span> <span class='ocrx_word' id='word_1_268' title='bbox 1111 4039 1126 4064; x_wconf 92' lang='lat'><strong>,</strong></span> <span class='ocrx_word' id='word_1_269' title='bbox 1146 4018 1240 4055; x_wconf 91' lang='lat' dir='ltr'><strong>etc.</strong></span> <span class='ocrx_word' id='word_1_270' title='bbox 1267 4005 1545 4054; x_wconf 85' lang='lat' dir='ltr'><strong>Semicolon</strong></span> <span class='ocrx_word' id='word_1_271' title='bbox 1560 4040 1576 4065; x_wconf 87' lang='lat'><strong>,</strong></span> <span class='ocrx_word' id='word_1_272' title='bbox 1593 4006 1709 4065; x_wconf 78' lang='lat' dir='ltr'><strong>ait,</strong></span> 
     </span>
     <span class='ocr_line' id='line_1_41' title="bbox 679 4084 1695 4152; baseline -0.001 -18"><span class='ocrx_word' id='word_1_273' title='bbox 679 4099 790 4137; x_wconf 77' lang='lat' dir='ltr'><strong>ante</strong></span> <span class='ocrx_word' id='word_1_274' title='bbox 808 4099 859 4135; x_wconf 83' lang='lat' dir='ltr'><strong>ee</strong></span> <span class='ocrx_word' id='word_1_275' title='bbox 876 4085 1143 4152; x_wconf 80' lang='lat' dir='ltr'><strong>posuimus,</strong></span> <span class='ocrx_word' id='word_1_276' title='bbox 1157 4095 1212 4132; x_wconf 91' lang='lat' dir='ltr'><strong>ut</strong></span> <span class='ocrx_word' id='word_1_277' title='bbox 1237 4085 1394 4132; x_wconf 69' lang='lat' dir='ltr'><strong>wenis</strong></span> <span class='ocrx_word' id='word_1_278' title='bbox 1417 4100 1527 4133; x_wconf 86' lang='lat' dir='ltr'><strong>cum</strong></span> <span class='ocrx_word' id='word_1_279' title='bbox 1546 4084 1695 4133; x_wconf 83' lang='lat' dir='ltr'><strong>verbo</strong></span> 
     </span>
     <span class='ocr_line' id='line_1_42' title="bbox 679 4163 1693 4231; baseline -0.001 -18"><span class='ocrx_word' id='word_1_280' title='bbox 679 4167 898 4231; x_wconf 81' lang='lat' dir='ltr'><strong>superius</strong></span> <span class='ocrx_word' id='word_1_281' title='bbox 937 4164 1100 4228; x_wconf 80' lang='lat' dir='ltr'><strong>posito</strong></span> <span class='ocrx_word' id='word_1_282' title='bbox 1125 4197 1142 4226; x_wconf 89' lang='lat'><strong>,</strong></span> <span class='ocrx_word' id='word_1_283' title='bbox 1183 4163 1429 4219; x_wconf 69' lang='grc' dir='ltr'><strong>αιῦιίὂιιίι,</strong></span> <span class='ocrx_word' id='word_1_284' title='bbox 1459 4164 1693 4212; x_wconf 84' lang='lat' dir='ltr'><strong>conveni·</strong></span> 
     </span>
    </p>
   </div>
   <div class='ocr_carea' id='block_1_5' title="bbox 1766 2037 3215 3831">
    <p class='ocr_par' dir='ltr' id='par_1_7' title="bbox 1768 2037 2774 2102">
     <span class='ocr_line' id='line_1_43' title="bbox 1768 2037 2774 2102; baseline 0.002 -16"><span class='ocrx_word' id='word_1_285' title='bbox 1768 2048 1844 2086; x_wconf 85' lang='lat' dir='ltr'><strong>ret</strong></span> <span class='ocrx_word' id='word_1_286' title='bbox 1866 2056 1879 2087; x_wconf 63' lang='grc' dir='ltr'>ς</span> <span class='ocrx_word' id='word_1_287' title='bbox 1899 2037 2017 2088; x_wconf 74' lang='lat' dir='ltr'><strong>alias</strong></span> <span class='ocrx_word' id='word_1_288' title='bbox 2033 2037 2162 2085; x_wconf 87' lang='lat' dir='ltr'><strong>enim</strong></span> <span class='ocrx_word' id='word_1_289' title='bbox 2180 2038 2304 2086; x_wconf 76' lang='lat' dir='ltr'><strong>male</strong></span> <span class='ocrx_word' id='word_1_290' title='bbox 2321 2047 2537 2102; x_wconf 75' lang='lat' dir='ltr'><strong>tempora</strong></span> <span class='ocrx_word' id='word_1_291' title='bbox 2554 2039 2742 2088; x_wconf 86' lang='lat' dir='ltr'><strong>coirent</strong></span> <span class='ocrx_word' id='word_1_292' title='bbox 2759 2075 2774 2097; x_wconf 92' lang='lat'><strong>,</strong></span> 
     </span>
    </p>

    <p class='ocr_par' dir='ltr' id='par_1_8' title="bbox 1769 2116 2776 2167">
     <span class='ocr_line' id='line_1_44' title="bbox 1769 2116 2776 2167; baseline 0.001 -1"><span class='ocrx_word' id='word_1_293' title='bbox 1769 2129 1820 2166; x_wconf 87' lang='lat' dir='ltr'><strong>et</strong></span> <span class='ocrx_word' id='word_1_294' title='bbox 1855 2135 1967 2167; x_wconf 89' lang='lat' dir='ltr'><strong>cum</strong></span> <span class='ocrx_word' id='word_1_295' title='bbox 2009 2119 2124 2167; x_wconf 82' lang='lat' dir='ltr'><strong>Em.</strong></span> <span class='ocrx_word' id='word_1_296' title='bbox 2171 2128 2367 2166; x_wconf 77' lang='lat' dir='ltr'><strong>vetaret</strong></span> <span class='ocrx_word' id='word_1_297' title='bbox 2410 2116 2776 2167; x_wconf 72' lang='lat' dir='ltr'><strong>desiderandum</strong></span> 
     </span>
    </p>

    <p class='ocr_par' dir='ltr' id='par_1_9' title="bbox 1767 2196 2778 2262">
     <span class='ocr_line' id='line_1_45' title="bbox 1767 2196 2778 2262; baseline -0.001 -16"><span class='ocrx_word' id='word_1_298' title='bbox 1767 2209 1906 2246; x_wconf 82' lang='lat' dir='ltr'><strong>esset.</strong></span> <span class='ocrx_word' id='word_1_299' title='bbox 1926 2199 2051 2261; x_wconf 71' lang='lat' dir='ltr'><strong>Quoe</strong></span> <span class='ocrx_word' id='word_1_300' title='bbox 2072 2196 2334 2245; x_wconf 75' lang='lat' dir='ltr'><strong>eutem-his</strong></span> <span class='ocrx_word' id='word_1_301' title='bbox 2359 2196 2588 2262; x_wconf 73' lang='lat' dir='ltr'><strong>perfectis</strong></span> <span class='ocrx_word' id='word_1_302' title='bbox 2621 2199 2778 2245; x_wconf 86' lang='lat' dir='ltr'><strong>inter-</strong></span> 
     </span>
    </p>

    <p class='ocr_par' dir='ltr' id='par_1_10' title="bbox 1766 2276 2778 2341">
     <span class='ocr_line' id='line_1_46' title="bbox 1766 2276 2778 2341; baseline -0.001 -18"><span class='ocrx_word' id='word_1_303' title='bbox 1766 2287 2036 2340; x_wconf 85' lang='lat' dir='ltr'><strong>ponuntur,</strong></span> <span class='ocrx_word' id='word_1_304' title='bbox 2072 2276 2209 2341; x_wconf 80' lang='lat' dir='ltr'><strong>quasi</strong></span> <span class='ocrx_word' id='word_1_305' title='bbox 2245 2291 2334 2339; x_wconf 78' lang='lat' dir='ltr'><strong>per</strong></span> <span class='ocrx_word' id='word_1_306' title='bbox 2371 2276 2680 2340; x_wconf 76' lang='lat' dir='ltr'><strong>parenthesin</strong></span> <span class='ocrx_word' id='word_1_307' title='bbox 2704 2276 2778 2324; x_wconf 86' lang='lat' dir='ltr'><strong>di-</strong></span> 
     </span>
    </p>

    <p class='ocr_par' dir='ltr' id='par_1_11' title="bbox 1767 2354 2784 2418">
     <span class='ocr_line' id='line_1_47' title="bbox 1767 2354 2784 2418; baseline -0.003 -14"><span class='ocrx_word' id='word_1_308' title='bbox 1767 2365 1959 2404; x_wconf 79' lang='lat' dir='ltr'><strong>cuntur.</strong></span> <span class='ocrx_word' id='word_1_309' title='bbox 1979 2358 2085 2403; x_wconf 73' lang='lat' dir='ltr'><strong>Hac</strong></span> <span class='ocrx_word' id='word_1_310' title='bbox 2106 2354 2303 2417; x_wconf 87' lang='lat' dir='ltr'><strong>quidem</strong></span> <span class='ocrx_word' id='word_1_311' title='bbox 2328 2354 2518 2401; x_wconf 79' lang='lat' dir='ltr'><strong>ratione</strong></span> <span class='ocrx_word' id='word_1_312' title='bbox 2542 2365 2590 2400; x_wconf 78' lang='lat' dir='ltr'><strong>et</strong></span> <span class='ocrx_word' id='word_1_313' title='bbox 2614 2370 2706 2418; x_wconf 89' lang='lat' dir='ltr'><strong>pro</strong></span> <span class='ocrx_word' id='word_1_314' title='bbox 2736 2368 2784 2403; x_wconf 81' lang='lat' dir='ltr'><strong>et</strong></span> 
     </span>
    </p>

    <p class='ocr_par' dir='ltr' id='par_1_12' title="bbox 1768 2430 2781 2496">
     <span class='ocr_line' id='line_1_48' title="bbox 1768 2430 2781 2496; baseline -0.001 -15"><span class='ocrx_word' id='word_1_315' title='bbox 1768 2431 1840 2480; x_wconf 77' lang='lat' dir='ltr'><strong>ita</strong></span> <span class='ocrx_word' id='word_1_316' title='bbox 1860 2432 2148 2496; x_wconf 79' lang='lat' dir='ltr'><strong>capiendum</strong></span> <span class='ocrx_word' id='word_1_317' title='bbox 2169 2440 2258 2479; x_wconf 80' lang='lat' dir='ltr'><strong>est.</strong></span> <span class='ocrx_word' id='word_1_318' title='bbox 2278 2430 2355 2479; x_wconf 84' lang='lat' dir='ltr'><strong>cf.</strong></span> <span class='ocrx_word' id='word_1_319' title='bbox 2379 2432 2514 2479; x_wconf 80' lang='lat' dir='ltr'><strong>Orat.</strong></span> <span class='ocrx_word' id='word_1_320' title='bbox 2533 2433 2599 2480; x_wconf 79' lang='lat'><strong>53</strong></span> <span class='ocrx_word' id='word_1_321' title='bbox 2617 2465 2632 2490; x_wconf 94' lang='lat'><strong>,</strong></span> <span class='ocrx_word' id='word_1_322' title='bbox 2665 2448 2781 2494; x_wconf 91' lang='grc'><strong>177.</strong></span> 
     </span>
    </p>

    <p class='ocr_par' dir='ltr' id='par_1_13' title="bbox 1769 2507 2781 2572">
     <span class='ocr_line' id='line_1_49' title="bbox 1769 2507 2781 2572; baseline 0.001 -16"><span class='ocrx_word' id='word_1_323' title='bbox 1769 2510 1862 2557; x_wconf 84' lang='lat' dir='ltr'><strong>Per</strong></span> <span class='ocrx_word' id='word_1_324' title='bbox 1897 2508 2022 2557; x_wconf 76' lang='lat' dir='ltr'><strong>hunc</strong></span> <span class='ocrx_word' id='word_1_325' title='bbox 2047 2518 2096 2556; x_wconf 76' lang='lat' dir='ltr'><strong>ee</strong></span> <span class='ocrx_word' id='word_1_326' title='bbox 2129 2507 2260 2555; x_wconf 70' lang='lat' dir='ltr'><strong>baud</strong></span> <span class='ocrx_word' id='word_1_327' title='bbox 2286 2522 2394 2555; x_wconf 74' lang='lat' dir='ltr'><strong>raro</strong></span> <span class='ocrx_word' id='word_1_328' title='bbox 2430 2507 2638 2572; x_wconf 74' lang='lat' dir='ltr'><strong>disparis</strong></span> <span class='ocrx_word' id='word_1_329' title='bbox 2666 2519 2781 2557; x_wconf 88' lang='lat' dir='ltr'><strong>tem-</strong></span> 
     </span>
    </p>

    <p class='ocr_par' dir='ltr' id='par_1_14' title="bbox 1770 2582 2779 2652">
     <span class='ocr_line' id='line_1_50' title="bbox 1770 2582 2779 2652; baseline 0 -17"><span class='ocrx_word' id='word_1_330' title='bbox 1770 2602 1889 2652; x_wconf 74' lang='lat' dir='ltr'><strong>pora</strong></span> <span class='ocrx_word' id='word_1_331' title='bbox 1918 2588 2207 2650; x_wconf 71' lang='lat' dir='ltr'><strong>iunguntur.</strong></span> <span class='ocrx_word' id='word_1_332' title='bbox 2248 2585 2393 2634; x_wconf 74' lang='lat' dir='ltr'><strong>Adde</strong></span> <span class='ocrx_word' id='word_1_333' title='bbox 2421 2588 2635 2636; x_wconf 79' lang='lat' dir='ltr'><strong>Herenn.</strong></span> <span class='ocrx_word' id='word_1_334' title='bbox 2670 2582 2744 2635; x_wconf 69' lang='lat' dir='ltr'>W</span> <span class='ocrx_word' id='word_1_335' title='bbox 2763 2622 2779 2647; x_wconf 90' lang='lat'><strong>,</strong></span> 
     </span>
    </p>

    <p class='ocr_par' dir='ltr' id='par_1_15' title="bbox 1779 2663 2782 2730">
     <span class='ocr_line' id='line_1_51' title="bbox 1779 2663 2782 2730; baseline -0.002 -15"><span class='ocrx_word' id='word_1_336' title='bbox 1779 2681 1874 2725; x_wconf 84' lang='lat'><strong>10,</strong></span> <span class='ocrx_word' id='word_1_337' title='bbox 1907 2666 1999 2725; x_wconf 73' lang='lat'><strong>153</strong></span> <span class='ocrx_word' id='word_1_338' title='bbox 2022 2663 2211 2712; x_wconf 74' lang='lat' dir='ltr'><strong>Acsdd.</strong></span> <span class='ocrx_word' id='word_1_339' title='bbox 2235 2666 2316 2723; x_wconf 87' lang='grc' dir='ltr'><strong>Π,</strong></span> <span class='ocrx_word' id='word_1_340' title='bbox 2338 2665 2396 2723; x_wconf 86' lang='grc'><strong>3,</strong></span> <span class='ocrx_word' id='word_1_341' title='bbox 2425 2666 2472 2714; x_wconf 82' lang='grc'><strong>8.</strong></span> <span class='ocrx_word' id='word_1_342' title='bbox 2498 2666 2782 2730; x_wconf 73' lang='lat' dir='ltr'><strong>Hoecparti-</strong></span> 
     </span>
    </p>

    <p class='ocr_par' dir='ltr' id='par_1_16' title="bbox 1773 2726 3215 2805">
     <span class='ocr_line' id='line_1_52' title="bbox 1773 2726 3215 2805; baseline 0.003 -12"><span class='ocrx_word' id='word_1_343' title='bbox 1773 2744 1896 2794; x_wconf 76' lang='lat' dir='ltr'><strong>culae</strong></span> <span class='ocrx_word' id='word_1_344' title='bbox 1921 2743 2022 2803; x_wconf 85' lang='lat' dir='ltr'><strong>vis,</strong></span> <span class='ocrx_word' id='word_1_345' title='bbox 2061 2759 2124 2791; x_wconf 82' lang='lat' dir='ltr'><strong>ne</strong></span> <span class='ocrx_word' id='word_1_346' title='bbox 2155 2743 2260 2790; x_wconf 80' lang='lat' dir='ltr'><strong>loca</strong></span> <span class='ocrx_word' id='word_1_347' title='bbox 2288 2759 2350 2791; x_wconf 83' lang='lat' dir='ltr'><strong>ex</strong></span> <span class='ocrx_word' id='word_1_348' title='bbox 2377 2743 2481 2793; x_wconf 85' lang='lat' dir='ltr'><strong>Cic.</strong></span> <span class='ocrx_word' id='word_1_349' title='bbox 2508 2744 2747 2793; x_wconf 86' lang='lat' dir='ltr'><strong>cumulem</strong></span> <span class='ocrx_word' id='word_1_350' title='bbox 2765 2782 2780 2805; x_wconf 93' lang='lat'>‚</span> <span class='ocrx_word' id='word_1_351' title='bbox 3021 2726 3056 2789; x_wconf 49' lang='grc' dir='ltr'><strong>’ἶ</strong></span> <span class='ocrx_word' id='word_1_352' title='bbox 3194 2761 3215 2797; x_wconf 71' lang='lat' dir='ltr'><strong>c</strong></span> 
     </span>
    </p>

    <p class='ocr_par' dir='ltr' id='par_1_17' title="bbox 1775 2822 2780 2887">
     <span class='ocr_line' id='line_1_53' title="bbox 1775 2822 2780 2887; baseline 0.003 -16"><span class='ocrx_word' id='word_1_353' title='bbox 1775 2826 1829 2871; x_wconf 88' lang='lat' dir='ltr'><strong>in</strong></span> <span class='ocrx_word' id='word_1_354' title='bbox 1871 2822 2038 2887; x_wconf 84' lang='lat' dir='ltr'><strong>primis</strong></span> <span class='ocrx_word' id='word_1_355' title='bbox 2085 2823 2415 2886; x_wconf 75' lang='lat' dir='ltr'><strong>fnequcntatur</strong></span> <span class='ocrx_word' id='word_1_356' title='bbox 2457 2823 2591 2887; x_wconf 73' lang='lat' dir='ltr'><strong>apud</strong></span> <span class='ocrx_word' id='word_1_357' title='bbox 2630 2825 2780 2874; x_wconf 85' lang='lat' dir='ltr'><strong>Corn.</strong></span> 
     </span>
    </p>

    <p class='ocr_par' dir='ltr' id='par_1_18' title="bbox 1776 2901 2782 2967">
     <span class='ocr_line' id='line_1_54' title="bbox 1776 2901 2782 2967; baseline -0.002 -15"><span class='ocrx_word' id='word_1_358' title='bbox 1776 2903 1905 2967; x_wconf 84' lang='lat' dir='ltr'><strong>Nep.</strong></span> <span class='ocrx_word' id='word_1_359' title='bbox 1929 2902 2014 2950; x_wconf 88' lang='lat' dir='ltr'><strong>ubi</strong></span> <span class='ocrx_word' id='word_1_360' title='bbox 2039 2918 2102 2949; x_wconf 86' lang='lat' dir='ltr'><strong>ne</strong></span> <span class='ocrx_word' id='word_1_361' title='bbox 2125 2901 2270 2950; x_wconf 80' lang='lat' dir='ltr'><strong>semel</strong></span> <span class='ocrx_word' id='word_1_362' title='bbox 2289 2901 2484 2965; x_wconf 87' lang='lat' dir='ltr'><strong>quidem</strong></span> <span class='ocrx_word' id='word_1_363' title='bbox 2503 2913 2669 2952; x_wconf 75' lang='lat' dir='ltr'><strong>notata</strong></span> <span class='ocrx_word' id='word_1_364' title='bbox 2692 2913 2782 2951; x_wconf 76' lang='lat' dir='ltr'><strong>est.</strong></span> 
     </span>
    </p>

    <p class='ocr_par' dir='ltr' id='par_1_19' title="bbox 1776 2979 2782 3045">
     <span class='ocr_line' id='line_1_55' title="bbox 1776 2979 2782 3045; baseline -0.002 -14"><span class='ocrx_word' id='word_1_365' title='bbox 1776 2982 2000 3031; x_wconf 80' lang='lat' dir='ltr'><strong>Ceterum</strong></span> <span class='ocrx_word' id='word_1_366' title='bbox 2021 2981 2219 3045; x_wconf 77' lang='lat' dir='ltr'><strong>collegit</strong></span> <span class='ocrx_word' id='word_1_367' title='bbox 2241 2979 2307 3029; x_wconf 77' lang='lat' dir='ltr'><strong>sd</strong></span> <span class='ocrx_word' id='word_1_368' title='bbox 2323 2980 2456 3028; x_wconf 88' lang='lat' dir='ltr'><strong>hunc</strong></span> <span class='ocrx_word' id='word_1_369' title='bbox 2481 2981 2644 3030; x_wconf 85' lang='lat' dir='ltr'><strong>locum</strong></span> <span class='ocrx_word' id='word_1_370' title='bbox 2669 2984 2782 3029; x_wconf 84' lang='lat' dir='ltr'><strong>Bre-</strong></span> 
     </span>
    </p>

    <p class='ocr_par' dir='ltr' id='par_1_20' title="bbox 1778 3058 2783 3125">
     <span class='ocr_line' id='line_1_56' title="bbox 1778 3058 2783 3125; baseline -0.003 -15"><span class='ocrx_word' id='word_1_371' title='bbox 1778 3062 1844 3110; x_wconf 88' lang='lat' dir='ltr'><strong>mi</strong></span> <span class='ocrx_word' id='word_1_372' title='bbox 1873 3062 2012 3125; x_wconf 73' lang='lat' dir='ltr'><strong>plura</strong></span> <span class='ocrx_word' id='word_1_373' title='bbox 2048 3071 2245 3108; x_wconf 76' lang='lat' dir='ltr'><strong>mutstae</strong></span> <span class='ocrx_word' id='word_1_374' title='bbox 2282 3058 2506 3123; x_wconf 66' lang='lat' dir='ltr'><strong>legitima</strong></span> <span class='ocrx_word' id='word_1_375' title='bbox 2530 3070 2783 3108; x_wconf 71' lang='lat' dir='ltr'><strong>structum</strong></span> 
     </span>
    </p>

    <p class='ocr_par' dir='ltr' id='par_1_21' title="bbox 1777 3138 2785 3204">
     <span class='ocr_line' id='line_1_57' title="bbox 1777 3138 2785 3204; baseline -0.004 -15"><span class='ocrx_word' id='word_1_376' title='bbox 1777 3139 1995 3204; x_wconf 72' lang='lat' dir='ltr'><strong>exempla</strong></span> <span class='ocrx_word' id='word_1_377' title='bbox 2011 3174 2026 3198; x_wconf 96' lang='lat'>‚</span> <span class='ocrx_word' id='word_1_378' title='bbox 2064 3144 2270 3203; x_wconf 78' lang='lat' dir='ltr'><strong>quorum</strong></span> <span class='ocrx_word' id='word_1_379' title='bbox 2294 3154 2431 3202; x_wconf 57' lang='lat' dir='ltr'><strong>pue</strong></span> <span class='ocrx_word' id='word_1_380' title='bbox 2449 3138 2636 3202; x_wconf 71' lang='lat' dir='ltr'><strong>singula</strong></span> <span class='ocrx_word' id='word_1_381' title='bbox 2649 3154 2785 3202; x_wconf 77' lang='lat' dir='ltr'><strong>sepa-</strong></span> 
     </span>
    </p>

    <p class='ocr_par' dir='ltr' id='par_1_22' title="bbox 1776 3216 2783 3361">
     <span class='ocr_line' id='line_1_58' title="bbox 1776 3216 2783 3284; baseline -0.004 -16"><span class='ocrx_word' id='word_1_382' title='bbox 1776 3230 1931 3268; x_wconf 70' lang='lat' dir='ltr'><strong>ratum</strong></span> <span class='ocrx_word' id='word_1_383' title='bbox 1968 3217 2213 3284; x_wconf 69' lang='lat' dir='ltr'><strong>quoddam</strong></span> <span class='ocrx_word' id='word_1_384' title='bbox 2241 3216 2483 3278; x_wconf 81' lang='lat' dir='ltr'><strong>judicium</strong></span> <span class='ocrx_word' id='word_1_385' title='bbox 2517 3217 2783 3281; x_wconf 83' lang='lat' dir='ltr'><strong>requirunt.</strong></span> 
     </span>
     <span class='ocr_line' id='line_1_59' title="bbox 1853 3295 2772 3361; baseline -0.004 -15"><span class='ocrx_word' id='word_1_386' title='bbox 1853 3314 1934 3361; x_wconf 89' lang='grc'><strong>17.</strong></span> <span class='ocrx_word' id='word_1_387' title='bbox 1953 3298 2051 3344; x_wconf 86' lang='lat' dir='ltr'><strong>Sed</strong></span> <span class='ocrx_word' id='word_1_388' title='bbox 2067 3307 2122 3343; x_wconf 79' lang='lat' dir='ltr'><strong>uc</strong></span> <span class='ocrx_word' id='word_1_389' title='bbox 2137 3295 2378 3343; x_wconf 71' lang='lat' dir='ltr'><strong>omittam.</strong></span> <span class='ocrx_word' id='word_1_390' title='bbox 2400 3331 2413 3343; x_wconf 94' lang='lat'>.</span> <span class='ocrx_word' id='word_1_391' title='bbox 2436 3329 2450 3342; x_wconf 92' lang='lat'><strong>.</strong></span> <span class='ocrx_word' id='word_1_392' title='bbox 2484 3296 2772 3345; x_wconf 76' lang='lat' dir='ltr'><strong>dolorem...</strong></span> 
     </span>
    </p>

    <p class='ocr_par' dir='ltr' id='par_1_23' title="bbox 1778 3371 2785 3439">
     <span class='ocr_line' id='line_1_60' title="bbox 1778 3371 2785 3439; baseline 0 -17"><span class='ocrx_word' id='word_1_393' title='bbox 1778 3376 1968 3424; x_wconf 72' lang='lat' dir='ltr'><strong>dolores</strong></span> <span class='ocrx_word' id='word_1_394' title='bbox 1985 3374 2192 3438; x_wconf 75' lang='lat' dir='ltr'><strong>denique</strong></span> <span class='ocrx_word' id='word_1_395' title='bbox 2213 3373 2414 3437; x_wconf 71' lang='lat' dir='ltr'><strong>quosvis.</strong></span> <span class='ocrx_word' id='word_1_396' title='bbox 2431 3371 2669 3439; x_wconf 75' lang='lat' dir='ltr'><strong>Coi-rupta</strong></span> <span class='ocrx_word' id='word_1_397' title='bbox 2679 3374 2785 3422; x_wconf 77' lang='lat' dir='ltr'><strong>haec</strong></span> 
     </span>
    </p>

    <p class='ocr_par' dir='ltr' id='par_1_24' title="bbox 1779 3450 2784 3515">
     <span class='ocr_line' id='line_1_61' title="bbox 1779 3450 2784 3515; baseline -0.001 -13"><span class='ocrx_word' id='word_1_398' title='bbox 1779 3454 1945 3504; x_wconf 77' lang='lat' dir='ltr'><strong>Davis.</strong></span> <span class='ocrx_word' id='word_1_399' title='bbox 1967 3452 2154 3514; x_wconf 74' lang='lat' dir='ltr'><strong>judicat</strong></span> <span class='ocrx_word' id='word_1_400' title='bbox 2193 3462 2243 3499; x_wconf 94' lang='lat' dir='ltr'><strong>et</strong></span> <span class='ocrx_word' id='word_1_401' title='bbox 2290 3450 2463 3500; x_wconf 85' lang='lat' dir='ltr'><strong>Bremi.</strong></span> <span class='ocrx_word' id='word_1_402' title='bbox 2491 3453 2554 3500; x_wconf 86' lang='lat' dir='ltr'><strong>Et</strong></span> <span class='ocrx_word' id='word_1_403' title='bbox 2578 3468 2722 3515; x_wconf 78' lang='lat' dir='ltr'><strong>saue,</strong></span> <span class='ocrx_word' id='word_1_404' title='bbox 2743 3454 2784 3502; x_wconf 89' lang='lat' dir='ltr'><strong>si</strong></span> 
     </span>
    </p>

    <p class='ocr_par' dir='ltr' id='par_1_25' title="bbox 1781 3531 2785 3597">
     <span class='ocr_line' id='line_1_62' title="bbox 1781 3531 2785 3597; baseline -0.001 -16"><span class='ocrx_word' id='word_1_405' title='bbox 1781 3548 1836 3581; x_wconf 76' lang='lat' dir='ltr'><strong>es</strong></span> <span class='ocrx_word' id='word_1_406' title='bbox 1860 3533 2143 3597; x_wconf 83' lang='lat' dir='ltr'><strong>simpliciter</strong></span> <span class='ocrx_word' id='word_1_407' title='bbox 2171 3541 2220 3579; x_wconf 91' lang='lat' dir='ltr'><strong>et</strong></span> <span class='ocrx_word' id='word_1_408' title='bbox 2247 3531 2414 3594; x_wconf 84' lang='lat' dir='ltr'><strong>quieto</strong></span> <span class='ocrx_word' id='word_1_409' title='bbox 2457 3532 2651 3590; x_wconf 73' lang='lat' dir='ltr'><strong>animo,</strong></span> <span class='ocrx_word' id='word_1_410' title='bbox 2685 3548 2785 3595; x_wconf 89' lang='lat' dir='ltr'><strong>qno</strong></span> 
     </span>
    </p>

    <p class='ocr_par' dir='ltr' id='par_1_26' title="bbox 1781 3611 2787 3677">
     <span class='ocr_line' id='line_1_63' title="bbox 1781 3611 2787 3677; baseline 0 -17"><span class='ocrx_word' id='word_1_411' title='bbox 1781 3622 1883 3660; x_wconf 86' lang='lat' dir='ltr'><strong>non</strong></span> <span class='ocrx_word' id='word_1_412' title='bbox 1901 3612 2078 3677; x_wconf 73' lang='lat' dir='ltr'><strong>scripta</strong></span> <span class='ocrx_word' id='word_1_413' title='bbox 2099 3620 2237 3668; x_wconf 83' lang='lat' dir='ltr'><strong>sunt,</strong></span> <span class='ocrx_word' id='word_1_414' title='bbox 2258 3611 2528 3672; x_wconf 81' lang='lat' dir='ltr'><strong>examines,</strong></span> <span class='ocrx_word' id='word_1_415' title='bbox 2550 3625 2651 3658; x_wconf 89' lang='lat' dir='ltr'><strong>uon</strong></span> <span class='ocrx_word' id='word_1_416' title='bbox 2675 3611 2787 3660; x_wconf 76' lang='lat' dir='ltr'><strong>talia</strong></span> 
     </span>
    </p>

    <p class='ocr_par' dir='ltr' id='par_1_27' title="bbox 1781 3688 2786 3756">
     <span class='ocr_line' id='line_1_64' title="bbox 1781 3688 2786 3756; baseline -0.001 -17"><span class='ocrx_word' id='word_1_417' title='bbox 1781 3690 1980 3756; x_wconf 82' lang='lat' dir='ltr'><strong>quidem</strong></span> <span class='ocrx_word' id='word_1_418' title='bbox 2025 3690 2255 3753; x_wconf 80' lang='lat' dir='ltr'><strong>reperies,</strong></span> <span class='ocrx_word' id='word_1_419' title='bbox 2291 3688 2450 3750; x_wconf 74' lang='lat' dir='ltr'><strong>qualis</strong></span> <span class='ocrx_word' id='word_1_420' title='bbox 2481 3688 2533 3735; x_wconf 84' lang='lat' dir='ltr'><strong>hi</strong></span> <span class='ocrx_word' id='word_1_421' title='bbox 2560 3699 2734 3752; x_wconf 78' lang='lat' dir='ltr'><strong>putent</strong></span> <span class='ocrx_word' id='word_1_422' title='bbox 2772 3705 2786 3738; x_wconf 90' lang='lat'>:</span> 
     </span>
    </p>

    <p class='ocr_par' dir='ltr' id='par_1_28' title="bbox 1779 3767 2789 3831">
     <span class='ocr_line' id='line_1_65' title="bbox 1779 3767 2789 3831; baseline -0.002 -13"><span class='ocrx_word' id='word_1_423' title='bbox 1779 3771 1884 3831; x_wconf 83' lang='lat' dir='ltr'><strong>ejus</strong></span> <span class='ocrx_word' id='word_1_424' title='bbox 1917 3781 2075 3818; x_wconf 80' lang='lat' dir='ltr'><strong>tamen</strong></span> <span class='ocrx_word' id='word_1_425' title='bbox 2114 3778 2330 3826; x_wconf 76' lang='lat' dir='ltr'><strong>mturae,</strong></span> <span class='ocrx_word' id='word_1_426' title='bbox 2357 3777 2415 3815; x_wconf 91' lang='lat' dir='ltr'><strong>ut</strong></span> <span class='ocrx_word' id='word_1_427' title='bbox 2434 3782 2493 3814; x_wconf 86' lang='lat' dir='ltr'><strong>ex</strong></span> <span class='ocrx_word' id='word_1_428' title='bbox 2515 3767 2678 3814; x_wconf 73' lang='lat' dir='ltr'><strong>animo</strong></span> <span class='ocrx_word' id='word_1_429' title='bbox 2704 3768 2789 3816; x_wconf 78' lang='lat' dir='ltr'><strong>sli-</strong></span> 
     </span>
    </p>
   </div>
   <div class='ocr_carea' id='block_1_6' title="bbox 1759 3843 2783 3912">
    <p class='ocr_par' dir='ltr' id='par_1_29' title="bbox 1759 3843 2783 3912">
     <span class='ocr_line' id='line_1_66' title="bbox 1759 3843 2783 3912; baseline -0.002 -17"><span class='ocrx_word' id='word_1_430' title='bbox 1759 3865 1879 3912; x_wconf 76' lang='lat' dir='ltr'><strong>.qua</strong></span> <span class='ocrx_word' id='word_1_431' title='bbox 1901 3849 2089 3897; x_wconf 76' lang='lat' dir='ltr'><strong>ratione</strong></span> <span class='ocrx_word' id='word_1_432' title='bbox 2104 3846 2419 3894; x_wconf 86' lang='lat' dir='ltr'><strong>commotiore</strong></span> <span class='ocrx_word' id='word_1_433' title='bbox 2431 3843 2615 3908; x_wconf 77' lang='lat' dir='ltr'><strong>prolate</strong></span> <span class='ocrx_word' id='word_1_434' title='bbox 2634 3845 2783 3894; x_wconf 73' lang='lat' dir='ltr'><strong>dicas.</strong></span> 
     </span>
    </p>
   </div>
   <div class='ocr_carea' id='block_1_7' title="bbox 1780 3927 2790 4228">
    <p class='ocr_par' dir='ltr' id='par_1_30' title="bbox 1780 3927 2790 4228">
     <span class='ocr_line' id='line_1_67' title="bbox 1781 3927 2788 3988; baseline -0.004 -12"><span class='ocrx_word' id='word_1_435' title='bbox 1781 3928 2022 3976; x_wconf 78' lang='lat' dir='ltr'><strong>Bnemium</strong></span> <span class='ocrx_word' id='word_1_436' title='bbox 2066 3927 2179 3974; x_wconf 80' lang='lat' dir='ltr'><strong>Em.</strong></span> <span class='ocrx_word' id='word_1_437' title='bbox 2231 3940 2428 3973; x_wconf 85' lang='lat' dir='ltr'><strong>mouere</strong></span> <span class='ocrx_word' id='word_1_438' title='bbox 2464 3934 2689 3988; x_wconf 79' lang='lat' dir='ltr'><strong>poterat,</strong></span> <span class='ocrx_word' id='word_1_439' title='bbox 2733 3937 2788 3974; x_wconf 88' lang='lat' dir='ltr'><strong>ut</strong></span> 
     </span>
     <span class='ocr_line' id='line_1_68' title="bbox 1780 4001 2786 4056; baseline -0.001 -2"><span class='ocrx_word' id='word_1_440' title='bbox 1780 4005 2049 4056; x_wconf 73' lang='lat' dir='ltr'><strong>accuratius</strong></span> <span class='ocrx_word' id='word_1_441' title='bbox 2076 4003 2358 4054; x_wconf 79' lang='lat' dir='ltr'><strong>attenderet.</strong></span> <span class='ocrx_word' id='word_1_442' title='bbox 2383 4001 2629 4053; x_wconf 81' lang='lat' dir='ltr'><strong>Differunt</strong></span> <span class='ocrx_word' id='word_1_443' title='bbox 2659 4005 2786 4053; x_wconf 87' lang='lat' dir='ltr'><strong>enim</strong></span> 
     </span>
     <span class='ocr_line' id='line_1_69' title="bbox 1780 4082 2790 4151; baseline -0.002 -19"><span class='ocrx_word' id='word_1_444' title='bbox 1780 4087 1940 4151; x_wconf 86' lang='lat' dir='ltr'><strong>primo</strong></span> <span class='ocrx_word' id='word_1_445' title='bbox 1980 4100 2116 4142; x_wconf 80' lang='lat' dir='ltr'><strong>vere,</strong></span> <span class='ocrx_word' id='word_1_446' title='bbox 2154 4105 2179 4124; x_wconf 76' lang='grc' dir='ltr'><strong>α</strong></span> <span class='ocrx_word' id='word_1_447' title='bbox 2205 4082 2346 4131; x_wconf 87' lang='lat' dir='ltr'><strong>dolor</strong></span> <span class='ocrx_word' id='word_1_448' title='bbox 2364 4116 2380 4142; x_wconf 91' lang='lat'><strong>,</strong></span> <span class='ocrx_word' id='word_1_449' title='bbox 2405 4082 2549 4146; x_wconf 66' lang='lat' dir='ltr'><strong>quei!</strong></span> <span class='ocrx_word' id='word_1_450' title='bbox 2577 4084 2790 4147; x_wconf 75' lang='lat' dir='ltr'><strong>optimus</strong></span> 
     </span>
     <span class='ocr_line' id='line_1_70' title="bbox 1789 4161 2788 4228; baseline 0 -16"><span class='ocrx_word' id='word_1_451' title='bbox 1789 4165 1994 4228; x_wconf 82' lang='lat' dir='ltr'><strong>quisque</strong></span> <span class='ocrx_word' id='word_1_452' title='bbox 2020 4162 2222 4227; x_wconf 66' lang='lat' dir='ltr'><strong>ancipit</strong></span> <span class='ocrx_word' id='word_1_453' title='bbox 2242 4184 2266 4203; x_wconf 69' lang='lat' dir='ltr'>n</span> <span class='ocrx_word' id='word_1_454' title='bbox 2282 4195 2298 4221; x_wconf 91' lang='lat'><strong>,</strong></span> <span class='ocrx_word' id='word_1_455' title='bbox 2327 4172 2376 4211; x_wconf 90' lang='lat' dir='ltr'><strong>et</strong></span> <span class='ocrx_word' id='word_1_456' title='bbox 2405 4184 2432 4204; x_wconf 70' lang='grc' dir='ltr'><strong><em>κ</em></strong></span> <span class='ocrx_word' id='word_1_457' title='bbox 2461 4161 2653 4211; x_wconf 81' lang='lat' dir='ltr'><strong>dolores</strong></span> <span class='ocrx_word' id='word_1_458' title='bbox 2677 4164 2788 4227; x_wconf 85' lang='lat' dir='ltr'><strong>qui·</strong></span> 
     </span>
    </p>
   </div>
  </div>
 </body>
</html>
