3217 4784
817 375 940 441 DE
981 374 1155 443 FlN.
1211 375 1415 442 BoN.
1473 375 1583 441 ET
1633 376 1852 444 MAL.
1883 380 1968 460 v,
2016 400 2083 470 9.
2383 369 2518 476 5'77

392 499 811 590 perveniant
848 495 933 566 ad
969 509 1369 568 extremum
1413 523 1427 565 ε
1470 511 1550 566 ut
1582 496 1730 590 jam
1769 497 1978 568 liceat
2017 522 2155 569 una
2195 524 2521 601 compre-

389 605 736 676 hensione
776 608 1020 677 omnia
1057 608 1468 703 complecti3
1490 632 1641 678 non
1666 607 2211 706 dubitemque²⁰
2244 612 2518 703 dicere,

384 740 679 787 ornnem
720 731 1052 788 naturam
1090 742 1238 787 esse
1276 720 1877 790 conservatricem
1928 722 2078 811 sui,
2134 721 2354 820 idque
2397 724 2520 796 ha-

386 824 559 897 bere
587 829 1036 925 propositum
1061 882 1080 914 ,
1109 827 1314 922 quasi
1349 823 1566 897 finem
1599 840 1673 895 et
1711 842 2113 900 extremum
2133 885 2152 918 ,
2178 856 2252 902 se
2290 848 2370 903 ut
2397 861 2517 906 cu-

382 937 642 1008 stodiat
668 961 885 1033 quam
912 938 984 1006 in
1011 937 1362 1034 optimo²¹
1398 936 1511 1006 sui
1542 938 1825 1032 generis
1856 953 2082 1011 statu:
2115 956 2195 1012 ut
2228 967 2514 1017 necesse

382 1051 495 1131 sit,
525 1049 850 1116 omnium
881 1070 1123 1116 rerum
1145 1099 1163 1132 ,
1186 1070 1346 1142 quae
1379 1060 1635 1116 natura
1664 1047 1988 1142 vigeant,
2027 1050 2331 1122 similem
2363 1078 2515 1126 esse

378 1156 638 1242 finem,
682 1182 835 1227 non
869 1156 1228 1228 eumdem.
1277 1162 1382 1227 Ex
1413 1181 1561 1253 quo
1601 1155 1903 1253 intelligi
1943 1156 2191 1245 debet,
2234 1161 2509 1235 homini

378 1266 446 1337 id
482 1292 635 1338 esse
664 1269 738 1338 in
773 1266 988 1339 bonis
1021 1266 1350 1338 ultimum
1375 1320 1395 1350 ,
1440 1263 1840 1336 secundum
1879 1281 2209 1339 naturam
2247 1273 2512 1345 vivere:

376 1378 571 1474 quod
620 1382 718 1449 ita
765 1382 1448 1474 interpretemurv,
1502 1375 1742 1446 vivere
1780 1400 1864 1447 ex
1905 1376 2218 1449 hominis
2257 1397 2514 1456 natura

373 1488 700 1585 undique
717 1485 1027 1585 perfecta
1055 1542 1073 1574 ,
1094 1501 1166 1557 et
1196 1485 1370 1556 nihil
1399 1484 1913 1583 requirente23.
1944 1493 2111 1559 Haec
2142 1490 2359 1586 igitur
2386 1519 2512 1566 no-

372 1598 485 1668 bis
520 1597 943 1696 explicanda
970 1611 1140 1667 sunt
1172 1623 1186 1665 :
1230 1594 1353 1666 sed
1379 1597 1437 1665 si
1475 1595 1900 1685 enodatiuS,
1937 1624 2066 1668 vos
2100 1600 2509 1696 ignoscetis».

328 1744 341 1755 ·
372 1709 604 1802 Hujus
636 1709 826 1778 enim
866 1709 1087 1791 aetati,
1112 1721 1184 1776 et
1213 1706 1417 1793 huic,
1452 1730 1648 1777 nunc
1685 1707 1827 1777 hoc
1863 1714 2177 1806 primum
2212 1710 2510 1788 fortasse

370 1816 797 1903 audienti24,
825 1816 1086 1887 servire
1108 1814 1479 1887 debemus.
1516 1820 1623 1886 Ita
1653 1840 1947 1914 prorsus
1970 1872 1989 1906 ,
2013 1821 2333 1918 inquam.
2358 1830 2506 1897 Etsi

325 2027 328 2032 .
368 2003 473 2034 cam
489 2022 503 2045 ,
542 1986 732 2034 efficere
783 2022 794 2033 .
818 2022 830 2032 .
854 2023 866 2036 .
918 2004 1006 2052 per
1045 2004 1095 2035 se
1117 2024 1130 2048 ,
1168 2003 1229 2036 eo
1254 1988 1391 2044 nisu,
1477 1988 1703 2036 sterion-es
1722 1989 1998 2038 reclamanti
2018 1991 2255 2050 Grutero,
2278 1994 2504 2059 scriptos·

366 2077 421 2113 ut
458 2069 545 2114 ista
573 2067 721 2114 multa
752 2067 871 2132 ipsis
915 2066 977 2113 ad
1033 2067 1130 2114 viv.
1176 2081 1392 2114 crescen-
1475 2082 1574 2130 que
1609 2068 1968 2133 impressusque
2003 2080 2123 2118 vett.
2150 2073 2376 2135 urgenti,
2420 2076 2499 2123 ni-

366 2145 578 2209 dumque
617 2146 836 2204 valeant,
880 2157 930 2193 et
971 2156 1026 2193 ut
1073 2144 1166 2194 hac
1202 2147 1392 2194 ratione
1476 2144 1628 2193 mium
1647 2147 1936 2198 tribuerunt.
1966 2148 2089 2195 Nam
2119 2150 2301 2200 oblitus
2322 2164 2394 2200 est
2417 2153 2498 2202 bic

363 2224 425 2271 ad
455 2225 503 2272 id
548 2229 831 2290 perveniant
871 2238 1142 2274 extremum
1179 2260 1195 2284 ‚
1247 2227 1389 2287 cnjus
1473 2224 1678 2284 docere,
1705 2241 1805 2288 quo
1829 2227 1980 2276 modo
2008 2228 2245 2293 vulgata,
2276 2248 2422 2295 quam
2448 2233 2498 2281 in

365 2318 458 2368 pro
485 2306 658 2368 genere
687 2321 778 2353 ³110
802 2321 1003 2370 capae,
1024 2315 1138 2353 sunt
1152 2326 1194 2351 n.
1472 2301 1651 2365 optimo
1673 2338 1688 2362 ‚
1738 2304 2008 2367 probabilis
2065 2324 2233 2356 sensus
2250 2344 2265 2367 ,
2312 2310 2496 2377 integra

433 2401 521 2433 πο.
556 2385 671 2432 Non
705 2384 1014 2448 dubiumque
1042 2383 1222 2432 dicere.
1248 2383 1384 2430 Goer.

362 2463 529 2511 scribit
574 2478 588 2512 :
636 2479 732 2510 uon
769 2461 1151 2525 dubitanterque
1198 2461 1381 2510 dicere.

361 2544 544 2589 Omnes
566 2543 738 2604 nostri,
755 2542 914 2606 inquit
928 2578 941 2600 ‚
956 2541 1355 2604 dubitantemque
1369 2577 1384 2602 ,

360 2620 498 2682 quod
523 2637 584 2667 ex
611 2621 712 2668 sola
739 2621 950 2668 Victorii
976 2620 1192 2668 editione
1218 2620 1382 2668 Davis.

360 2702 560 2764 recepit,
571 2700 699 2749 binis
721 2701 826 2761 ejus
843 2699 1384 2784 dubitaremxreferenti-

360 2777 465 2826 bus.
486 2779 579 2827 Sed
602 2795 705 2826 non
722 2778 943 2825 videmus
960 2794 1061 2841 quo
1075 2779 1209 2839 jum,
1229 2795 1381 2842 quum

357 2856 605 2904 dubitanti
642 2856 952 2904 scribendum
981 2868 1118 2905 esset.
1145 2859 1209 2905 Et
1234 2859 1276 2906 si
1305 2860 1381 2906 vel

356 2947 529 2983 auctor
569 2937 635 2983 ita
680 2935 859 2982 soloece
894 2936 1144 3000 positurus
1182 2937 1379 2994 fnisset,

356 3028 487 3068 certe
510 3032 605 3080 que
630 3013 809 3061 addere
835 3026 1069 3076 parceret.
1098 3014 1193 3061 Sed
1221 3031 1379 3078 neque

355 3094 548 3157 vulgata
596 3093 807 3140 auctoris
855 3091 1067 3148 videtur,
1112 3108 1263 3155 quum
1306 3095 1377 3141 sic

353 3173 569 3220 luxatius
598 3172 756 3219 oratio
775 3181 965 3233 pergat.
987 3171 1105 3219 Ausi
1126 3170 1276 3234 igitur
1295 3189 1375 3221 su-

355 3268 461 3300 mus
484 3250 702 3314 aliquid,
738 3264 888 3312 quum
927 3248 1059 3297 bunc
1097 3260 1372 3299 nostrorum

353 3344 640 3378 consensum
682 3330 732 3376 in
776 3339 870 3375 tam
912 3328 1042 3376 facili
1080 3328 1231 3376 verbo
1270 3345 1371 3379 non

353 3411 562 3458 fortuitu
583 3407 816 3458 accidisse
838 3405 1193 3467 judicaremus,
1226 3421 1371 3474 atque

351 3488 723 3551 dubitanterque
778 3485 1092 3533 correximus.
1151 3486 1372 3537 Tui-bant

350 3569 478 3617 enim
507 3566 678 3616 scribae
701 3566 753 3613 in
779 3563 1049 3623 adverbiis,
1086 3581 1196 3629 qnae
1223 3566 1274 3613 in
1303 3579 1374 3615 ter

349 3658 555 3707 exeunt,
592 3644 877 3707 auctorique
903 3642 1045 3691 valde
1064 3644 1369 3709 frequentat)-

348 3731 451 3774 tur,
478 3719 764 3782 sepissima
802 3715 868 3762 cs.
895 3730 1040 3778 supra
1069 3717 1146 3772 11,
1173 3718 1200 3764 3
1219 3754 1233 3777 ‚
1276 3734 1368 3777 10,

347 3798 428 3848 cll.
468 3800 643 3845 Reuss.
672 3796 736 3843 ad
762 3794 866 3842 off.
897 3796 949 3854 1,
980 3807 1071 3851 ιο,
1119 3810 1173 3842 11
1198 3828 1213 3852 ,
1243 3793 1367 3845 ibid.

347 3879 448 3935 111,
485 3878 581 3934 33,
608 3893 659 3937 7.

397 3971 502 4004 at.
532 3959 691 4019 Quam
709 3954 761 4001 in
786 3952 983 4019 optirno.
1015 3953 1148 4002 Goer.
1177 3965 1365 4021 transp.

345 4032 396 4082 iu
425 4049 572 4096 quam
600 4031 797 4097 optt'mo.
822 4035 893 4081 Ita
910 4067 925 4091 ,
941 4033 1130 4096 inquit,
1153 4034 1285 4083 cm.
1313 4046 1366 4083 ut

343 4115 397 4162 P.
425 4112 617 4160 Manat.
642 4122 690 4159 et
717 4112 884 4160 Lamb.
912 4125 1241 4162 correxerant.
1270 4112 1361 4161 Ρο-

491 4199 578 4267 ῙῘ.
622 4213 719 4262 Cic.
729 4230 847 4280 pars
871 4215 1022 4263 tertia.

1469 2378 1733 2440 latinitate,
1755 2382 1906 2430 inesse
1926 2386 2082 2446 possit
2098 2421 2112 2444 ,
2146 2403 2289 2450 quem
2309 2390 2494 2438 nullum

1469 2459 1707 2508 videmus.
1739 2461 1964 2509 Ceterum
2001 2479 2140 2526 aeque
2180 2466 2252 2513 sic
2290 2466 2494 2528 dicitur,

1468 2548 1615 2601 atque
1642 2561 1666 2579 u
1687 2540 1740 2587 in
1769 2551 1865 2587 tam
1895 2542 2115 2590 maximis
2140 2543 2419 2606 laboribus,
2442 2548 2493 2597 in

1469 2626 1567 2663 tam
1590 2616 1875 2666 brevissimo
1903 2630 2143 2685 tempore,
2182 2636 2277 2674 etc.
2304 2648 2330 2667 a
2367 2629 2495 2676 Scri·

1466 2693 1553 2741 bas
1581 2695 1634 2742 in
1666 2695 1742 2743 bis
1782 2708 1977 2762 stupere
2017 2701 2140 2749 nibil
2175 2706 2349 2753 mirum
2378 2719 2450 2755 est
2480 2723 2494 2755 :

1467 2772 1582 2820 inde
1622 2775 1834 2822 refe'runt
1870 2777 1983 2825 Bas.
2023 2789 2070 2826 et
2107 2781 2241 2831 Gud.
2274 2799 2324 2845 ι,
2360 2786 2499 2849 quod

1464 2852 1531 2900 in.
1553 2855 1753 2902 Oxonn.
1780 2857 1835 2904 E.
1856 2866 1905 2903 et
1923 2851 1965 2912 ξ.
1985 2857 2036 2904 in
2066 2859 2290 2932 ignorant
2312 2900 2327 2924 ,
2346 2879 2488 2927 quam

1465 2941 1568 2980 tum
1620 2933 1886 2997 neglectam
1927 2935 2151 2998 putabis,
2203 2955 2353 3002 quum
2386 2942 2486 3002 jam

1464 3027 1615 3073 quam
1635 3012 1933 3077 praemissum
1956 3013 2208 3076 legeretur.

1534 3105 1619 3137 aa.
1653 3090 1800 3154 Quod
1832 3091 1904 3137 ica
1941 3091 2320 3155 interpretemur.
2361 3098 2401 3145 1.
2442 3115 2484 3147 e.

1460 3189 1485 3208 κ
1504 3178 1748 3216 vertamus
1764 3183 1827 3215 ex
1845 3168 2028 3215 Graecis
2043 3171 2274 3218 Antiochi
2285 3195 2324 3219 ι».
2346 3173 2486 3225 Cete—

1458 3261 1568 3293 rum
1588 3261 1650 3293 ex
1668 3246 1760 3292 bac
1779 3247 2106 3312 explicatione
2124 3260 2287 3314 aperte
2303 3254 2481 3304 Antio-

1457 3324 1536 3371 chi
1565 3323 1784 3372 studium
1819 3327 2099 3374 Stoicorum
2126 3345 2365 3379 summum
2393 3334 2482 3384 bo·

1454 3418 1576 3450 uum
1616 3419 1730 3452 cum
1778 3405 1866 3453 illo
1908 3406 2307 3457 Academicorum
2350 3415 2482 3462 Peri.

1453 3482 1872 3547 pateticorumque
1886 3483 1909 3548 (
1919 3485 2003 3548 qui
2018 3485 2068 3533 in
2083 3487 2159 3535 his
2171 3506 2199 3535 a
2221 3490 2483 3542 Polemone

1454 3560 1567 3609 inde
1595 3562 1737 3626 plene
1773 3563 2213 3632 consentiebant),
2238 3569 2478 3635 jungendi

1453 3650 1607 3704 petet.
1635 3643 1703 3690 G.

1529 3720 1612 3767 23.
1640 3718 1779 3767 Nihil
1795 3720 2101 3785 requirente,
2130 3724 2314 3786 valent,
2341 3751 2367 3770 α
2385 3730 2479 3778 sibi

1453 3797 1546 3861 ipsi
1566 3795 1840 3845 sufficiente
1862 3820 1906 3849 υ.
1926 3799 1988 3848 G.

1524 3884 1608 3932 ²4·
1629 3877 1695 3923 Ec
1708 3876 1820 3924 huic
1837 3911 1854 3934 ,
1876 3878 2123 3930 nunc-hoc
2140 3880 2352 3943 primum
2362 3883 2479 3949 sbr-

1453 3968 1583 4004 tasse
1603 3956 1828 4004 audienti
1832 3992 1845 4005 .
1866 3956 1963 4005 Eri.
1984 3956 2062 4005 hic
2079 3974 2171 4023 pro
2198 3958 2288 4008 hoc
2302 3995 2316 4020 ‚
2345 3963 2474 4011 Gud.

1453 4053 1482 4083 τι
1509 4035 1613 4083 lzoec
1633 4052 1651 4082 .·
1677 4037 1810 4100 quod
1840 4053 1901 4085 ex
1930 4038 2035 4086 aliis
2073 4055 2183 4086 cnm
2205 4041 2259 4087 P.
2287 4042 2479 4092 Manat.

1448 4116 1633 4180 recepit
1683 4117 1851 4166 Daris.
1902 4118 2140 4182 probante
2187 4120 2301 4166 Ern.
2339 4123 2474 4182 quod

2159 4201 2243 4298 37

2551 1535 2615 1587 ²7
