3217 4784
816 492 943 561 DE
992 491 1163 560 rm.
1214 490 1416 560 ΒοΝ.
1456 491 1569 558 ET
1614 494 1832 563 MAI..
1887 497 2023 579 lv,
2059 499 2170 582 24.

2424 497 2563 598 517

429 614 585 708 ejus
631 611 779 682 fere
819 610 1094 709 aequali.
1148 614 1327 700 Quae
1362 609 1480 680 hic
1524 612 1940 712 reipublicae
1986 617 2281 690 vulnera
2324 622 2563 722 impo-

439 724 698 811 nebat,
741 723 995 797 eadetn
1041 723 1159 794 ille
1209 720 1525 792 sanabat.
1582 725 1720 794 Sed
1757 726 1934 798 nihil
1978 742 2131 817 est,
2176 732 2378 828 quod
2419 748 2566 809 tam

431 838 733 906 miseros
785 834 1044 918 faciat,
1103 856 1322 930 quam
1381 833 1748 928 impietas,
1794 850 1865 906 et
1917 839 2172 910 sceluS.
2218 839 2361 914 Ut⁸
2415 845 2563 939 jam

430 969 681 1015 ornnes
732 946 1155 1042 insipientes
1201 943 1344 1013 sint
1393 942 1671 1031 miseri,
1719 945 1923 1042 quod
1972 948 2303 1045 profecto
2353 970 2565 1037 sunt,

428 1080 580 1125 non
602 1069 710 1125 est
741 1069 983 1131 tamen
1008 1076 1212 1149 aeque
1248 1053 1502 1139 miser,
1538 1056 1665 1149 qui
1697 1057 1943 1153 patriae
1973 1061 2285 1132 consulit
2311 1117 2330 1149 ‚
2368 1078 2441 1135 et
2469 1066 2563 1149 is,

424 1165 553 1261 qui
611 1163 803 1235 illam
854 1164 1276 1235 exstinctam
1327 1164 1546 1261 cupit.
1611 1167 1905 1236 Levatio
1960 1168 2178 1265 igitur
2228 1173 2561 1244 vitiorum

428 1298 686 1371 magna
727 1273 811 1344 fit
848 1275 932 1345 iis
964 1328 984 1361 ,
1027 1273 1154 1371 qui
1201 1270 1474 1344 habent
1529 1273 1618 1344 ad
1654 1275 1994 1347 virtutem
2047 1285 2566 1379 progressionis

425 1385 872 1484 aliquantum
884 1398 937 1455 9.
963 1386 1202 1457 Vestri
1227 1398 1466 1456 autem
1498 1388 2082 1482 progressionem
2106 1389 2196 1460 ad
2218 1392 2555 1465 virtutem
2594 1413 2670 1480 67

427 1493 583 1565 fieri
618 1500 860 1582 aiunt,
889 1495 1314 1566 levationem
1359 1494 1702 1564 vitiorum
1738 1493 1893 1566 fieri
1927 1515 2216 1596 negant.
2245 1502 2372 1589 At,
2410 1530 2561 1600 quo

426 1607 756 1678 nitantur
791 1606 1123 1678 homines
1154 1605 1346 1675 acuti
1383 1619 1816 1701 argumento
1852 1603 1943 1677 ad
1964 1617 2025 1652 ¹⁰
2064 1607 2518 1706 probandum
2543 1669 2563 1697 ‚

382 1820 388 1829 '
425 1810 504 1858 hic
524 1825 634 1857 cum
659 1811 731 1858 M.
757 1811 945 1865 Druso,
972 1807 1077 1855 filio
1093 1842 1108 1867 ,
1131 1808 1216 1872 qui
1238 1805 1446 1856 Catonis

425 1889 637 1949 ejusdem
660 1887 929 1935 avunculus
955 1888 1064 1935 fuit.
1094 1887 1317 1936 Ceterum
1352 1901 1446 1933 ma.

424 1967 586 2013 lumus
605 1969 677 2015 M.
699 1968 925 2023 Drusum,
942 1967 1240 2030 praenomine
1258 1964 1447 2025 addito,

425 2045 608 2104 scribi,
643 2046 843 2094 honoris
876 2046 1053 2109 magis,
1085 2061 1230 2109 quam
1269 2044 1445 2093 distin·

425 2126 603 2172 ctionis
618 2160 633 2183 ‚
658 2141 799 2174 causa
822 2140 835 2173 :
865 2125 925 2171 de
951 2140 1048 2188 qua
1068 2141 1120 2172 re
1142 2123 1321 2188 saepius
1342 2138 1447 2170 mo-

424 2205 639 2253 nuimus.
653 2203 933 2251 Praecedens
947 2220 995 2250 m
1014 2202 1153 2250 facile
1169 2205 1240 2250 M.
1253 2202 1446 2250 haurire

425 2283 615 2348 potnit,
642 2299 793 2346 quum
831 2282 883 2328 in
911 2293 1026 2330 vett.
1066 2280 1215 2328 codd.
1252 2281 1445 2327 nomina

426 2361 694 2411 initialibus
730 2361 883 2410 literis
918 2376 1023 2408 non
1071 2360 1447 2423 distinguantur.

424 2441 582 2491 Simili
614 2441 736 2489 vitio
779 2439 880 2489 duo
921 2439 1079 2488 nostri
1113 2440 1168 2486 in
1211 2438 1448 2503 proximis

435 2543 457 2566 «ι
481 2523 541 2571 C.
593 2521 818 2570 Graccho
837 2541 863 2561 ¹-
901 2518 956 2568 τὸ
986 2519 1037 2567 C.
1062 2519 1310 2567 omittunt.
1348 2518 1413 2564 G.

497 2603 547 2651 8.
573 2601 672 2648 Sed
691 2598 818 2647 nihil
842 2610 944 2657 ese,
969 2599 1106 2662 quod
1128 2609 1230 2644 tam
1254 2595 1450 2642 miseros

408 2678 606 2742 fache,
635 2695 783 2743 quam
807 2677 922 2742 imp.
953 2688 1003 2725 et
1024 2677 1194 2724 scelus.
1233 2677 1297 2722 Ue
1316 2673 1443 2736 jam.

425 2759 594 2807 Davis.
616 2758 825 2808 scribit:
867 2780 893 2800 ιι
917 2758 970 2805 Si
1013 2756 1137 2805 nihil
1173 2766 1270 2814 est,
1310 2753 1446 2817 quod

429 2849 526 2885 tam
567 2836 772 2884 miseros
807 2838 952 2885 faciat
978 2853 1123 2900 quam
1148 2835 1372 2900 impietas
1398 2844 1447 2881 et

425 2916 615 2974 scelus3
640 2925 697 2962 ut
716 2916 817 2975 jam
844 2930 1012 2962 omnes
1037 2913 1322 2977 insipientes
1348 2913 1446 2962 sint

426 2995 600 3051 miseri,
619 3004 715 3041 etc.
733 3015 758 3033 ι
777 2993 1047 3056 Integritati
1064 3008 1165 3039 ωε
1184 2991 1348 3039 locum
1373 3009 1447 3039 re·

425 3075 684 3131 stituimus‚
698 3073 874 3135 iuquit,
892 3087 1037 3136 opem
1057 3071 1323 3118 ferentibus
1336 3073 1444 3119 Par.

424 3171 505 3218 pr.
535 3166 644 3204 tert.
671 3165 719 3202 et
746 3152 844 3201 Pal.
866 3162 1069 3216 quarto,
1095 3152 1181 3214 qui
1203 3152 1273 3198 sic
1296 3151 1411 3198 dunt
1428 3185 1443 3208 ,

425 3243 478 3280 ut
500 3232 800 3281 exhibemus.
817 3232 981 3295 Vulgo
994 3266 1010 3288 ,
1046 3254 1071 3273 α
1090 3230 1185 3279 Sed
1204 3229 1327 3276 nihil
1340 3238 1411 3276 est
1428 3263 1444 3289 ,

425 3311 558 3375 quod
585 3322 678 3360 tam
703 3312 979 3359 miseros...
996 3346 1007 3358 .
1025 3309 1225 3357 ,scelus.
1257 3310 1325 3357 Ut
1343 3309 1443 3369 jam

426 3408 626 3451 omnes,
655 3403 749 3441 etc.
781 3412 803 3433 ο
843 3392 956 3453 Quo
979 3389 1128 3438 modo
1156 3405 1257 3437 uon
1285 3389 1444 3436 solum

423 3471 671 3520 connexio
692 3470 1039 3518 sententiarum
1055 3504 1069 3527 ‚
1100 3470 1186 3518 sed
1203 3480 1251 3517 et
1277 3486 1445 3517 sensus

425 3553 530 3615 ipse
559 3551 776 3598 vitiatur.
801 3576 871 3585 —
898 3549 1083 3597 Davisii
1116 3550 1444 3610 conjecturam

426 3629 596 3693 recipit
629 3631 767 3677 Goer.
789 3629 897 3676 Hoc
919 3629 1060 3675 etiam
1083 3627 1223 3684 loco,
1258 3627 1442 3690 inquit,

423 3711 541 3758 Ern.
579 3709 808 3763 Davisio‚
849 3724 1007 3755 veram
1050 3706 1160 3754 lect.
1197 3723 1260 3753 ex
1288 3706 1444 3755 tribus

421 3790 521 3836 suis
548 3776 832 3853 reponenti,
860 3803 961 3834 non
990 3787 1180 3851 paruit,
1213 3787 1444 3835 retinuit-

421 3885 517 3930 que
546 3868 814 3932 vulgatam,
842 3889 868 3908 α
886 3866 983 3915 Sed
1017 3883 1068 3914 n.
1102 3877 1227 3913 est..
1245 3866 1443 3915 ‚seclum

425 3949 490 3994 Ut
513 3949 615 4009 jam
646 3970 689 3996 a.
722 3944 890 3995 Nostri
916 3957 1012 3993 tres
1032 3946 1207 4010 optimi
1230 3945 1285 3992 Si
1314 3962 1444 3993 com·

424 4025 646 4086 probant.
697 4029 761 4074 Ue
802 4042 895 4091 pro
938 4025 1050 4073 licet
1091 4024 1189 4071 dici
1208 4057 1223 4081 ,
1269 4040 1355 4087 per
1391 4041 1442 4072 se

423 4112 555 4167 patet
573 4118 586 4152 t
595 4102 707 4168 jam
725 4116 889 4153 nutem
908 4106 958 4152 in
983 4104 1330 4153 consecutione
1351 4104 1446 4150 fre-

424 4196 576 4243 quens
597 4194 684 4228 est.
1442 4169 1446 4173 ⁴

493 4278 542 4321 9.
570 4262 904 4325 Aliquantum.
920 4262 1079 4313 Codtl.
1101 4262 1252 4310 nostri
1273 4278 1440 4312 omues

1532 1817 1583 1854 et
1613 1807 1833 1872 impressi
1861 1820 1977 1858 vett.
2003 1809 2249 1874 plerique,
2271 1813 2407 1876 qnod
2435 1826 2564 1862 recte

1534 1887 1760 1935 Davisius
1810 1903 1902 1952 pro
1944 1889 2301 1952 aliquantulum
2347 1891 2561 1941 reduxit.

1534 1967 1718 2016 Scribe
1727 1966 2011 2016 diminutiva
2021 1968 2372 2030 adjectivorum
2384 1983 2545 2019 ament
2553 2003 2568 2027 ‚

1533 2057 1591 2095 ut
1626 2046 1801 2110 saepius
1831 2047 1884 2094 in
1902 2048 2176 2112 paullulum
2214 2049 2442 2100 vidimus.
2483 2051 2560 2099 Cf.

1535 2126 1726 2175 Acadd.
1754 2128 1831 2185 11,
1857 2134 1942 2187 ω,
1974 2130 2088 2175 128.

1614 2220 1692 2251 10.
1729 2207 1814 2261 Ae,
1836 2222 1935 2269 quo
1957 2203 2199 2254 nitantur.
2216 2243 2228 2256 .
2243 2221 2561 2272 argumento

1537 2281 1611 2328 ad
1625 2279 1946 2343 probandum.
1968 2284 2103 2331 Goer.
2124 2283 2304 2348 praebet
2324 2285 2558 2335 m'tuntur.

1537 2362 1687 2418 Tres,
1729 2359 1920 2423 inquit,
1949 2363 2104 2410 nostri
2144 2364 2322 2427 optimi
2357 2365 2528 2413 vitiose
2551 2401 2564 2421 ‚

1538 2462 1563 2482 α
1583 2438 1646 2487 ad
1684 2438 1821 2502 quod
1852 2450 2058 2487 utuntur
2085 2456 2100 2489 ε
2133 2464 2159 2484 ι-
2183 2459 2295 2490 nam
2320 2443 2557 2500 nituntur,

1537 2517 1676 2583 quod
1690 2520 1797 2566 Bas.
1811 2519 2009 2568 Monac.
2028 2520 2160 2571 Gud.
2189 2524 2307 2581 t,E.
2331 2517 2441 2580 ξΝ.
2456 2524 2561 2571 alii-

1536 2614 1633 2663 que
1649 2598 1844 2647 Gruteri
1862 2598 2141 2661 Davisiique
2159 2600 2378 2660 firmant,
2403 2603 2478 2650 vel
2499 2621 2560 2652 ex

1536 2695 1597 2726 eo
1632 2677 1988 2742 preferendum
2027 2689 2132 2738 est,
2172 2681 2309 2743 quod
2350 2682 2558 2747 adpro·

1536 2756 1752 2805 bandum
1785 2757 1998 2815 additur,
2031 2760 2213 2824 quippe
2244 2762 2380 2823 quod
2405 2762 2557 2809 abun-

1536 2836 1697 2894 daret,
1723 2838 1765 2883 si
1800 2847 2005 2884 utuntur
2037 2855 2205 2886 verum
2240 2850 2382 2888 esset.
2405 2841 2554 2903 Quod

1532 2927 1693 2964 autem
1712 2916 1876 2964 Davis.
1899 2932 1960 2963 ex
1980 2933 2083 2966 uno
2105 2933 2324 2975 suorum,
2340 2930 2394 2966 ut
2417 2920 2553 2971 dicit.

1533 2995 1758 3044 nitamur
1796 2998 2034 3058 correxit,
2074 2997 2295 3044 Ernestio
2340 2997 2555 3061 adstipu-

1533 3075 1684 3130 lante,
1713 3076 1764 3123 id
1799 3076 1853 3122 in
1889 3086 2026 3121 tanto
2055 3074 2283 3122 codicum
2315 3092 2555 3124 consensu

1533 3154 1853 3202 necessarium
1891 3169 1991 3201 non
2035 3163 2123 3201 est.
2167 3155 2386 3216 Utroque
2426 3156 2553 3202 enim

1534 3234 1670 3281 verbi
1689 3232 1838 3280 modo
1864 3234 1936 3283 uti
1956 3231 2048 3280 hac
2074 3233 2124 3279 iu
2147 3232 2342 3280 dicendi
2368 3236 2555 3281 ratione

1533 3310 1979 3360 licet.—Ceterum
2004 3309 2069 3357 ob
2085 3327 2254 3358 vocem
2276 3314 2409 3359 acuti
2428 3313 2553 3362 indi-

1534 3390 1721 3438 cativus
1752 3389 1928 3438 modus
1956 3389 2079 3438 adeo
2105 3390 2433 3454 praeferendus
2457 3404 2550 3442 est.

1535 3471 1586 3518 si
1629 3469 1835 3534 amplius
1870 3470 2071 3533 quaeris,
2129 3468 2226 3516 hoc
2277 3470 2551 3534 exemplum

1533 3549 1597 3596 ad
1654 3551 2020 3615 interrogativas
2068 3548 2321 3597 indefinite
2372 3551 2555 3613 positas

1532 3629 1836 3677 referendum
1876 3629 2100 3693 putabis,
2148 3629 2211 3676 ad
2261 3645 2381 3693 quas
2423 3630 2550 3679 haud

1532 3724 1643 3756 raro
1693 3712 1756 3756 ita
1806 3719 1977 3757 auctor
2023 3708 2340 3756 indicativum
2395 3709 2548 3759 addit.

1533 3786 1678 3835 Conf.
1726 3786 1992 3834 Ruhnken.
2051 3786 2114 3833 ad
2158 3788 2428 3843 Rutilium,
2469 3792 2551 3843 11,

1531 3866 1599 3919 6,·
1648 3868 1747 3928 98,
1795 3876 1842 3913 et
1888 3865 2072 3913 Gemh.
2116 3865 2175 3913 ad
2217 3866 2363 3915 offic.
2405 3870 2458 3924 1,
2496 3883 2551 3933 7,

1535 3947 1637 4003 26,
1683 3946 1769 4009 qui
1809 3957 1966 4004 recte,
2009 3965 2031 3988 ι
2057 3946 2187 3993 unde
2240 3944 2382 3992 verba
2439 3957 2550 3993 sunt

1532 4025 1675 4072 ducta
1704 4047 1728 4066 a
1746 4058 1761 4083 ,
1807 4025 2024 4088 reposuit
2069 4039 2083 4071 ε
2127 4023 2296 4070 eodem
2342 4024 2515 4070 referes
2535 4060 2548 4077 ,

1530 4103 1717 4151 Acndd.
1743 4106 1815 4164 11,
1850 4104 1940 4162 15,
1967 4105 2031 4156 46
2060 4118 2073 4148 :
2104 4125 2126 4141 κ
2151 4112 2328 4165 quanta
2360 4100 2466 4149 luce
2496 4119 2547 4148 es

1531 4182 1778 4231 referenda
1805 4194 1918 4230 suut
1939 4205 1981 4230 a.
2004 4183 2066 4229 Et
2091 4181 2161 4229 sic
2179 4181 2294 4228 item
2323 4180 2467 4228 nobis
2489 4199 2548 4229 cs

1532 4263 1687 4311 tribus
1732 4262 1928 4326 optimis
1982 4260 2159 4309 nostris
2210 4259 2548 4321 corrigendum
