3217 4784
831 478 955 544 DE
1004 477 1176 545 FIN.
1226 477 1435 545 BON.
1484 478 1595 543 ET
1643 476 1862 548 MAI..
1915 477 2051 560 111,
2094 476 2159 548 8.

2410 470 2546 567 357

437 595 637 693 quod
681 594 869 667 idem
919 597 996 666 in
1040 600 1295 667 ceteris
1337 597 1611 669 artibus
1665 624 1818 668 non
1860 596 2234 692 contingit.
2277 600 2549 667 Tenere

428 719 672 776 autem
704 707 1005 777 virtutes
1045 730 1166 776 eas
1192 711 1381 802 ipsas
1400 718 1417 751 ¹
1436 719 1487 792 ¹,
1523 732 1833 803 quarum
1860 706 2080 778 modo
2111 706 2550 776 mentionem

434 812 572 886 feci
596 826 681 905 ¹²,
733 839 951 886 nemo
982 817 1287 912 poterit,
1330 815 1465 884 nisi
1507 819 1872 903 statuerit,
1909 816 2090 887 nihil
2128 840 2316 899 esse,
2354 814 2552 912 quod

434 926 754 1011 intersit,
797 938 923 1000 aut
974 921 1261 994 differat
1304 923 1498 995 aliud
1537 925 1628 997 ab
1663 923 1908 1014 alio¹³,
1945 940 2205 1023 praeter
2251 926 2552 999 honesta

437 1048 510 1105 et
537 1034 796 1129 turpia.

530 1146 716 1211 VIII.
753 1139 1138 1213 Videamus
1183 1166 1409 1232 nunc,
1451 1168 1673 1239 quam
1712 1144 1855 1213 sint
1890 1143 2231 1241 praeclare
2272 1143 2390 1215 illa
2435 1145 2556 1232 iis,

437 1276 598 1347 quae
632 1252 773 1346 jam
818 1252 1029 1349 posui
1051 1265 1093 1337 ¹,
1140 1253 1678 1351 consequentia.
1725 1254 1970 1345 Quum
2006 1253 2198 1323 enim
2222 1262 2249 1294 ²
2302 1251 2443 1323 hoc
2471 1253 2561 1324 sit

439 1376 844 1435 extremum
900 1363 1172 1458 (sentis
1209 1364 1438 1448 enim,
1488 1363 1743 1449 credo,
1785 1386 1900 1433 me
1946 1362 2091 1456 jam
2138 1362 2305 1449 diu,
2359 1361 2559 1459 quod

438 1475 609 1550 τέλος
671 1471 962 1539 Groecus
1004 1464 1263 1553 dicat³‚
1310 1467 1380 1537 id
1432 1467 1671 1542 dicere
1710 1483 1869 1539 tum
1917 1482 2359 1556 extremum,
2404 1483 2560 1540 tum

439 1691 492 1728 nt
523 1681 685 1730 omnia
707 1716 722 1739 ‚
750 1696 863 1744 quat
889 1679 979 1727 tibi
991 1679 1241 1738 accidant,
1263 1680 1389 1727 infr·
1412 1690 1458 1729 te

436 1776 539 1808 esse
576 1771 750 1823 putes3
783 1758 848 1805 ita
881 1760 1002 1819 insti
1038 1767 1136 1814 est,
1162 1774 1190 1805 a
1213 1758 1463 1805 communi

437 1838 696 1887 bominum
734 1846 867 1884 sorte
903 1836 956 1883 in
991 1850 1097 1883 sese
1122 1836 1461 1901 exceptionem

439 1916 545 1964 fieri
578 1915 727 1964 nolle.
773 1913 964 1964 Deinde
1013 1924 1044 1972 4
1092 1915 1264 1981 optimi
1307 1916 1461 1963 nostri

439 1994 674 2041 accidunt
687 2012 708 2051 ‚·
742 1992 829 2041 sed
846 1994 1040 2057 vulgata
1058 2005 1132 2042 est
1156 1994 1427 2059 probatior.

515 2087 595 2120 ιι.
624 2072 833 2120 Virtutes
861 2087 947 2120 eas
969 2072 1115 2137 ipsas.
1146 2076 1206 2121 E.
1235 2083 1287 2121 et
1310 2068 1351 2130 ξ.
1376 2090 1464 2122 eas

438 2153 650 2215 ignorat.
669 2154 762 2199 Per
782 2167 833 2198 se
851 2151 1046 2215 quidem
1067 2152 1285 2216 optime:
1312 2169 1463 2217 quum

442 2243 601 2279 tamen
637 2229 800 2277 nullus
839 2229 963 2278 alius
1002 2230 1115 2277 eod.
1159 2233 1462 2297 consentiat,

438 2320 489 2357 et
511 2308 792 2372 precedens
813 2308 928 2372 syll.
955 2325 1006 2356 es
1033 2308 1131 2356 hoc
1163 2324 1301 2372 pron.
1325 2326 1463 2373 eque

440 2388 669 2446 sorbere,
695 2398 843 2451 atque
867 2388 1045 2436 addere
1067 2388 1285 2452 potuerit
1299 2423 1315 2447 ,
1341 2388 1464 2436 nihil

440 2465 787 2530 corrigendum
818 2478 833 2513 ε
866 2465 920 2513 in
954 2466 1126 2531 primis
1158 2469 1200 2513 si
1238 2467 1460 2515 attende-

439 2546 532 2604 ris,
563 2562 648 2593 vv.
675 2555 835 2592 tenere
868 2555 919 2592 et
940 2544 1066 2608 ipsas
1102 2545 1338 2594 enuntiati
1361 2547 1460 2593 vim

439 2624 724 2681 continere3
770 2639 909 2671 sures
934 2623 1143 2672 libenter
1175 2640 1259 2672 eas
1283 2624 1461 2673 admit-

401 2742 408 2751 .
444 2714 544 2752 tere
569 2703 766 2753 senties.
791 2705 858 2751 G.

516 2797 598 2833 ω.
635 2780 939 2829 Nomionem
968 2780 1085 2844 feci.
1131 2785 1267 2832 Goer.
1311 2781 1458 2829 scrib.

425 2859 544 2924 feci
583 2859 892 2908 mentionem.
922 2860 1105 2908 Omnes
1117 2870 1338 2920 nostros,
1378 2860 1456 2907 in-

436 2940 573 3003 quit,
613 2938 807 3001 sequuti
843 2953 1029 2985 sumus.
1074 2939 1150 2986 Cf.
1181 2942 1324 3002 Legg.
1353 2941 1458 2998 111,

437 3022 471 3068 6
492 3054 508 3079 ,
548 3026 640 3077 14,
677 3038 702 3059 ιι
731 3016 792 3063 de
845 3031 947 3079 quo
1004 3016 1097 3063 feci
1140 3033 1284 3080 supra
1324 3033 1458 3064 men-

440 3099 624 3146 tionem
655 3118 698 3144 ».
732 3100 903 3157 Agru.
934 3096 1037 3152 111,
1078 3110 1138 3156 α,
1164 3103 1195 3150 4
1225 3110 1284 3143 ε·
1303 3111 1459 3157 neque

439 3176 570 3242 apud
593 3191 687 3225 voa
704 3185 817 3222 ante
842 3170 939 3222 feci
968 3173 1261 3221 mentionem
1287 3194 1333 3222 ι.
1358 3175 1460 3221 Ne-

440 3271 536 3318 que
554 3256 623 3306 ita
644 3254 818 3303 Cicero
845 3254 1004 3313 solus,
1026 3252 1128 3303 vid.
1149 3255 1301 3302 Corn.
1330 3254 1460 3316 Nep.

439 3340 549 3384 Au.
586 3334 674 3392 16,
720 3335 748 3382 3
770 3346 784 3381 ε
809 3357 835 3375 κ
861 3334 912 3381 ἰῑι
937 3333 1116 3397 quibus
1158 3333 1219 3382 de
1247 3348 1306 3385 eo
1344 3322 1459 3381 facit

446 3414 747 3464 mentionem
766 3447 782 3473 ‚
806 3424 903 3462 etc.
920 3437 946 3456 .-
1030 3412 1041 3425 ⁸

520 3495 600 3543 13.
627 3492 769 3541 Nihil
790 3508 923 3553 esse,
957 3494 1094 3558 quod
1120 3491 1340 3551 [merarit-⁹
1375 3501 1466 3540 aut

444 3572 660 3639 differat
682 3571 827 3619 aliud
847 3573 911 3620 ab
927 3573 1050 3620 alio.
1073 3572 1238 3620 Davis.
1264 3572 1432 3620 suadet
1446 3608 1462 3634 ,

442 3663 531 3701 aue
560 3667 657 3716 quo
699 3650 907 3716 disserat
923 3669 943 3708 ‚-
972 3651 1186 3700 cuiErn.
1215 3650 1428 3714 opponit
1446 3684 1461 3709 ,

441 3732 541 3783 diei
562 3732 640 3779 his
658 3746 731 3777 res
754 3731 882 3795 ipsas
904 3730 1032 3778 inter
1049 3746 1101 3777 se
1118 3729 1335 3790 differre,
1359 3744 1462 3777 non

440 3809 692 3874 quomodo
728 3808 972 3857 differant.
1008 3810 1168 3857 Brem.
1201 3825 1298 3873 quo
1347 3823 1452 3855 nou

441 3886 554 3937 addi
604 3889 708 3936 vult
727 3922 742 3947 ,
802 3889 888 3937 sed
930 3888 1135 3951 intelligi
1162 3921 1178 3945 ,
1220 3888 1453 3952 exemplis

443 3965 621 4025 allatis,
648 3968 704 4015 in
722 3967 901 4031 quibus
918 3966 1347 4016 demonstrativum
1369 3977 1453 4015 ant

445 4044 695 4093 relativum
746 4048 900 4095 altero
950 4046 1187 4095 enuntiati
1238 4045 1454 4094 membro

447 4121 712 4170 omittatur.
741 4124 892 4186 Quod
916 4124 1114 4188 quidem
1136 4124 1251 4173 licet
1277 4125 1340 4172 sit
1368 4141 1452 4172 ve-

447 4199 687 4248 rissimum
701 4236 717 4262 ,
740 4212 794 4249 ut
814 4217 940 4266 sape
961 4203 1293 4268 superioribus
1316 4204 1454 4255 Vou.

1538 1681 1782 1745 vidimnsg
1809 1692 1969 1730 tamen
1994 1681 2094 1730 buc
2118 1680 2240 1730 nibil
2265 1679 2397 1735 facit.
2412 1696 2562 1743 quum

1538 1776 1640 1809 non
1679 1761 1810 1809 idem
1852 1760 2042 1819 relativi
2102 1775 2241 1807 casus
2294 1757 2559 1823 praecedat.

1535 1841 1827 1898 construes,
1873 1861 1899 1880 κ
1927 1838 2052 1887 nibil
2101 1837 2236 1887 eliud
2284 1852 2389 1885 esse
2424 1838 2560 1900 qnod

1538 1918 1755 1977 intersit,
1780 1927 1866 1965 aut
1890 1917 2114 1975 disserat,
2155 1915 2218 1964 ab
2245 1915 2346 1963 ulio
2366 1937 2391 1957 ο
2429 1930 2443 1964 :
2467 1930 2560 1962 au-

1538 2008 1647 2045 ctor
1667 1999 1796 2045 enim
1820 1995 1963 2044 aliud
1984 1995 2130 2043 altius
2156 1995 2323 2055 rejecit
2343 2029 2358 2052 ,
2409 2009 2559 2057 quum

1537 2075 1730 2124 eusdem
1761 2091 1906 2123 voces
1922 2075 2128 2137 jungere
2149 2082 2277 2120 amet
2290 2106 2306 2130 ,
2346 2083 2400 2119 ut
2419 2095 2442 2114 α
2461 2073 2559 2120 siu-

1539 2154 1642 2218 gnli
1666 2171 1694 2202 a
1719 2153 1923 2217 siugulis
1941 2186 1958 2211 ,
1987 2167 2113 2200 unns
2136 2151 2199 2198 ab
2236 2166 2338 2199 uno
2355 2186 2371 2210 ,
2408 2162 2505 2198 etc.
2531 2174 2555 2191 ··

1536 2243 1686 2295 atque
1717 2232 1786 2280 its
1820 2241 1933 2278 ante
1956 2227 2163 2299 differat
2181 2240 2309 2278 recte
2329 2229 2464 2294 qnod
2477 2229 2558 2277 de-

1538 2327 1641 2360 nuo
1661 2310 1912 2374 cogitabis.
1931 2310 2082 2373 Quod
2110 2309 2205 2357 nisi
2233 2319 2355 2356 esset
2375 2310 2559 2356 verissi-

1538 2407 1695 2448 mum,
1713 2389 1953 2452 sequenda
1975 2389 2128 2435 Reisii
2149 2388 2273 2435 ratio
2295 2388 2422 2437 foret
2437 2422 2452 2445 ,
2470 2387 2558 2450 qui

1538 2472 1588 2516 in
1624 2468 1886 2532 exemplari
1928 2482 2019 2513 sno
2069 2482 2191 2530 quo,
2249 2482 2343 2529 pro
2385 2466 2526 2530 quod
2539 2501 2554 2523 ,

1534 2548 1672 2616 legit.
1695 2550 1775 2596 Sic
1797 2561 1998 2610 zeugma
2018 2543 2149 2592 haud
2173 2544 2455 2608 infrequens
2476 2561 2561 2592 ex-

1533 2628 1745 2676 sisteret.
1764 2626 1990 2675 Ceterutn
2016 2624 2093 2671 his
2117 2623 2277 2673 Stoic.
2291 2622 2414 2671 iliud
2436 2624 2558 2671 indi·

1533 2718 1702 2765 catur,
1726 2703 1915 2752 «modo
1932 2703 2190 2751 honestum
2217 2712 2265 2749 et
2288 2714 2432 2766 turpe
2457 2702 2555 2749 dif-

1531 2787 1678 2842 ferre,
1693 2794 1850 2831 cetera
1868 2798 1970 2831 esse
1988 2774 2138 2846 paris,
2160 2775 2469 2848 ἀδιάφορα-ο.
2488 2784 2551 2829 G.

1603 2865 1742 2911 vm.
1777 2878 1820 2910 1.
1854 2864 1980 2926 Qace
2005 2861 2124 2926 jam
2143 2861 2304 2923 posui.
2333 2865 2447 2909 Jam
2481 2870 2554 2907 est

1533 2943 1699 2991 modo.
1731 2944 1797 2990 G.
1827 2966 1898 2979 --
1938 2940 2078 2988 Goer.
2107 2939 2282 3002 incipit
2309 2953 2416 3001 cap.
2437 2939 2555 2983 vm

1533 3021 1755 3085 sequenti
1784 3029 1967 3068 tantum
1996 3016 2026 3080 S
2053 3033 2134 3078 ²7·

1545 3117 1548 3120 ⁴
1606 3116 1659 3149 α.
1687 3097 1830 3147 Enim
1869 3112 1998 3144 nnus
2045 3110 2072 3141 e
2117 3094 2296 3142 nostris
2347 3094 2554 3155 ignorat.

1534 3178 1758 3227 Offendit
1778 3190 1953 3239 nempe
1980 3172 2136 3221 scriba
2156 3173 2208 3218 in
2228 3172 2453 3234 proxime
2479 3188 2553 3218 re-

1535 3256 1715 3320 petita3
1746 3253 1832 3301 sed
1859 3253 1923 3300 cs.
1950 3250 2141 3301 Acadd.
2160 3254 2180 3299 1
2199 3284 2214 3309 ,
2240 3266 2270 3297 2
2293 3283 2310 3308 ,
2331 3251 2384 3299 6.
2407 3252 2469 3298 G.

1609 3336 1659 3383 3.
1688 3332 1836 3395 Quod
1855 3330 1987 3387 τέλος
2015 3331 2215 3378 Groecus
2237 3328 2386 3378 dicae.
2417 3332 2553 3379 Goer.

1537 3412 1684 3461 scrib.
1702 3411 1837 3477 quod
1850 3407 1982 3466 τέλος
1999 3409 2161 3458 Graeci
2171 3409 2356 3457 dicunt.
2377 3409 2554 3457 Elnen·

1540 3492 1631 3550 da,
1664 3491 1827 3554 inquit
1846 3524 1862 3548 ,
1890 3489 2076 3538 mscula
2102 3489 2230 3550 fnit,
2267 3504 2413 3552 quam
2441 3489 2551 3535 VV.

1539 3572 1653 3620 DD.
1677 3586 1740 3619 ne
1780 3585 1968 3618 sensere
2007 3568 2205 3633 quidem
2253 3581 2268 3616 ε
2311 3567 2552 3631 vulgatam

1538 3649 1667 3698 enim
1683 3684 1698 3709 ,
1725 3648 1922 3696 Groecus
1956 3648 2111 3706 dicae,
2160 3648 2394 3696 Cicerone
2429 3646 2556 3694 indi·

1538 3744 1679 3793 gnam
1693 3745 1793 3777 esse
1804 3762 1820 3787 ,
1832 3727 2044 3777 dubitari
2060 3728 2247 3791 nequit.
2260 3725 2460 3774 Talibus
2471 3727 2556 3773 sci-

1537 3807 1655 3857 licet
1671 3808 1848 3872 lingua
1870 3807 2118 3870 elegantiis
2147 3805 2318 3854 scriba
2337 3804 2524 3870 pollent
2540 3836 2555 3859 ‚

1543 3904 1607 3936 ex
1634 3886 1888 3935 vernacula
1922 3887 2136 3950 ipsorum
2157 3886 2320 3948 lingue
2344 3883 2555 3932 adscitis.

1539 3966 1691 4015 Pauci
1727 3976 1886 4014 autem
1931 3964 2100 4029 scripti
2150 3964 2222 4011 sic
2265 3972 2498 4025 corrupte
2542 3975 2555 4008 :

1542 4062 1684 4105 nam,
1723 4055 1898 4109 preter
1929 4053 2026 4093 tres
2067 4046 2266 4092 Oxonu.
2310 4057 2338 4087 e
2379 4038 2558 4086 nostris

1543 4125 1677 4173 solus
1706 4124 1837 4171 Gud.
1871 4138 1901 4170 α
1942 4123 2182 4186 vulgatam
2206 4119 2440 4184 agnoscit.
2461 4120 2551 4165 Ve-

1546 4204 1770 4277 rqmlect.
1796 4212 1954 4253 servat
1971 4203 2086 4251 item
2105 4202 2241 4251 Crat.
2254 4199 2306 4245 in
2323 4195 2558 4259 margine:

2597 1157 2662 1206 26
