3217 4784
682 434 823 531 37ss
1170 408 1223 513 st
1373 438 1469 504 M.
1521 439 1596 504 T.
1651 436 2138 505 CICERONIS

681 556 946 628 offerre
1016 580 1168 626 sese
1226 558 1493 628 nostris
1554 554 2051 641 sermonibus;
2105 568 2178 626 et
2217 554 2350 624 ista
2377 549 2406 596 ³
2455 556 2765 625 maxime
2787 609 2816 638 ,
2903 552 2910 557 ’

684 681 984 765 propter
1039 665 1351 737 limatam
1410 667 1798 764 quamdam
1848 680 1922 737 et
1973 689 2215 736 rerum
2235 717 2254 750 ,
2295 678 2368 734 et
2414 661 2811 735 verborum

682 778 1105 849 tenuitatem
1119 779 1170 845 4.
1198 777 1361 848 Scio
1390 779 1585 850 enim
1617 801 1771 850 esse
1793 774 2145 874 quosdam
2160 764 2214 863 ⁵,
2230 777 2356 871 qui
2383 774 2638 884 quavis
2672 773 2812 843 lin-

680 945 926 995 soebatur.
963 945 1195 995 Similiter
1220 963 1362 996 aures
1391 948 1704 1014 peregrinari

683 1025 913 1073 dicuntur
938 1025 1050 1073 Mil.
1084 1041 1144 1073 ια
1167 1060 1182 1083 ,
1220 1028 1310 1076 33.
1334 1028 1396 1075 G.

610 1088 619 1100 '
753 1105 802 1152 3.
828 1105 896 1151 Ee
915 1102 1011 1155 ista
1035 1105 1266 1153 maxime.
1290 1106 1472 1171 Omnes
1496 1107 1700 1156 omnino

682 1184 801 1233 intt.
831 1181 884 1231 h.
909 1182 944 1229 l.
966 1183 1080 1248 plus
1118 1184 1279 1232 minus
1305 1185 1369 1233 ad
1403 1202 1492 1235 vv.
1526 1197 1576 1232 ee
1598 1184 1702 1233 ista

681 1262 975 1323 coniecturis
988 1262 1294 1311 indulserunt
1306 1298 1322 1322 ,
1341 1262 1633 1329 odon-atique
1648 1267 1703 1312 in

682 1341 762 1388 his
784 1341 984 1390 verbum
1004 1354 1143 1401 sunt,
1167 1343 1230 1391 ad
1253 1343 1389 1408 quod
1406 1344 1494 1394 inf.
1521 1343 1704 1409 offerre

659 1420 968 1479 ‚referretur3
1006 1421 1144 1485 quod
1180 1422 1242 1470 ad
1276 1423 1540 1471 videbatur
1567 1423 1703 1487 frigi-

686 1498 878 1547 dissime
899 1500 1131 1563 applicari
1165 1513 1353 1566 putant.
1388 1502 1618 1567 Scaliger,
1644 1513 1705 1550 ut

686 1588 789 1626 erat
813 1577 1148 1628 obsoletomm
1176 1597 1371 1643 amans,
1409 1593 1482 1630 est
1515 1581 1658 1647 quiea
1679 1613 1697 1635 ‚

687 1657 854 1721 Lsmlp.
891 1659 1135 1718 audebat,
1177 1662 1343 1711 Daris.
1386 1679 1488 1711 esse
1532 1677 1656 1710 ama
1677 1697 1697 1733 ‚²

684 1738 849 1786 Brem.
901 1751 972 1786 est
1007 1756 1148 1789 aena.
1192 1742 1307 1790 Bru.
1360 1743 1414 1790 iu
1455 1741 1564 1789 solo
1607 1742 1703 1789 ista

683 1813 892 1875 haerens,
932 1817 1030 1865 hoe
1062 1817 1140 1866 vel
1178 1819 1422 1880 abjectum
1456 1819 1595 1879 vult,
1626 1820 1704 1869 vel

683 1895 789 1955 ejus
815 1895 929 1944 loeo
949 1895 1057 1946 illa.
1084 1897 1179 1946 Sed
1208 1898 1361 1962 proba
1384 1909 1497 1946 sunt
1519 1901 1699 1948 omnia.

666 1974 943 2023 ‚luduoitur
981 1975 1292 2042 philosophia
1332 1993 1421 2041 per
1454 1993 1702 2043 προσωπο-

681 2049 841 2102 ποιΐαν
888 2072 901 2099 2
951 2064 1098 2117 atque
1127 2056 1198 2102 sic
1241 2054 1306 2102 ad
1349 2053 1531 2119 offem
1571 2065 1704 2107 reas

681 2131 839 2178 velle·
862 2131 1126 2194 cogitabis,
1170 2142 1218 2181 et
1262 2133 1359 2181 hoe
1401 2132 1553 2182 modo
1597 2135 1703 2182 sine

683 2208 821 2256 omni
857 2209 1130 2257 offensione
1168 2210 1298 2259 idem
1337 2212 1400 2261 ad
1438 2211 1705 2261 'm'debamr

672 2286 874 2334 referes.
902 2287 1009 2333 Ista
1037 2297 1213 2347 autem,
1229 2289 1365 2352 quod
1385 2306 1556 2339 omnes
1576 2307 1703 2355 quo-

683 2380 781 2428 que
804 2366 962 2412 nostri
985 2366 1238 2428 prebent,
1259 2369 1494 2417 'neutrum
1525 2382 1597 2418 est
1615 2404 1630 2427 ,
1653 2381 1705 2419 et

682 2442 748 2491 ad
775 2458 1035 2508 praegressa
1063 2462 1144 2495 vv.
1178 2447 1398 2495 -videris
1433 2447 1583 2498 latine
1608 2449 1702 2497 do-

683 2537 791 2569 oere
823 2521 944 2586 phil.
970 2532 1065 2571 ete.
1083 2546 1109 2566 n·
1135 2525 1461 2573 referendum.
1478 2527 1557 2574 Sic
1572 2527 1702 2575 enim

682 2592 813 2648 haud
850 2616 962 2649 raro
1000 2612 1172 2651 neutra
1205 2606 1555 2668 pronominum
1596 2607 1705 2670 plu-

592 2734 600 2742 *
682 2678 807 2726 rium
825 2694 1029 2729 numero
1049 2690 1320 2744 ponuntur.
1340 2685 1571 2749 Exempla
1590 2685 1705 2733 vide

683 2756 745 2805 ad
766 2759 914 2823 Legg.
933 2762 1011 2818 11,
1027 2761 1056 2807 8
1071 2794 1086 2819 ‚
1114 2775 1198 2823 ²9·
1220 2761 1415 2811 Plenius
1428 2764 1700 2828 scripseris:

683 2858 710 2879 κ
726 2848 779 2885 et
798 2837 891 2887 ista
914 2838 1034 2887 mihi
1062 2839 1242 2889 videris
1267 2843 1475 2890 maxime
1500 2854 1705 2908 propter

680 2916 899 2965 limatam
949 2919 1206 2982 quamdam
1225 2955 1240 2982 ‚
1288 2936 1433 2984 qnam
1470 2921 1703 2983 adhibes,

681 3007 815 3044 ete.»
860 2997 966 3046 Nec
1004 2998 1058 3046 in
1105 3001 1395 3062 pronomine
1419 3000 1530 3064 ipso
1571 3012 1702 3050 reete

683 3075 928 3138 offendes,
969 3076 1012 3125 si
1052 3079 1249 3127 noveris
1287 3094 1364 3126 res
1405 3095 1466 3127 eo
1506 3090 1698 3129 notatas

681 3157 840 3204 act-ius
876 3157 1018 3221 quasi
1048 3157 1321 3221 indigetari.
1346 3158 1409 3206 G.
1447 3184 1519 3195 -—
1556 3160 1699 3209 Certe

684 3246 783 3284 ndo
797 3236 989 3285 felicior
1006 3247 1080 3284 est
1098 3236 1306 3285 Goerena
1328 3238 1381 3285 in
1402 3238 1699 3303 explicando

681 3325 946 3372 contextu,
982 3330 1129 3378 quam
1165 3316 1357 3364 fuerant
1392 3318 1538 3366 ueteri
1573 3324 1724 3383 quos·

683 3392 1018 3458 reprehendit,
1046 3393 1099 3439 in
1126 3409 1189 3441 eo
1217 3392 1501 3459 retingendo
1527 3413 1541 3447 :
1576 3397 1700 3462 quid

683 3473 829 3520 tantis
846 3488 974 3536 opus
991 3470 1276 3521 laboribus?
1301 3474 1464 3523 lmen.
1482 3476 1572 3524 ista
1598 3493 1702 3525 um-

654 3532 667 3547 ·
681 3549 842 3609 xime,
864 3549 970 3598 scil.
997 3549 1164 3597 Stoica
1181 3550 1494 3616 philosophia
1515 3589 1531 3613 ‚
1563 3572 1701 3619 pere-

661 3628 873 3692 grinari.
895 3627 1180 3687 videbatur,
1208 3631 1393 3697 quippe
1419 3648 1529 3696 (με
1553 3634 1700 3698 longe

682 3706 1042 3756 obscurior'est
1075 3711 1248 3757 ceteris
1280 3710 1517 3761 doctrinis
1541 3724 1590 3762 et
1614 3730 1701 3762 ex·

682 3785 866 3849 plicatu
892 3784 1158 3835 diffieilior.

753 3870 805 3919 4.
827 3863 1069 3913 Limatam
1081 3900 1095 3913 .
1111 3902 1124 3914 .
1141 3867 1461 3919 denuitatem.
1482 3872 1567 3918 Est
1583 3870 1697 3918 aub-

682 3942 832 3993 tilitas
857 3946 1096 3993 ooneinna
1133 3945 1239 3994 sine
1267 3948 1526 3996 verborum
1554 3964 1699 4012 pom-

682 4039 760 4088 pa.
799 4022 974 4071 Iisdem
1004 4024 1104 4071 fere
1128 4025 1286 4072 verbis
1320 4029 1475 4075 utitur
1500 4027 1698 4088 Noster,

682 4103 871 4152 Aeadd.
890 4105 967 4162 115
1008 4117 1066 4152 οι
1088 4138 1102 4162 ,
1129 4105 1227 4152 66:
1250 4127 1273 4146 α
1297 4107 1509 4154 rationes
1633 4107 1700 4156 la·

580 4164 595 4207 )
683 4183 807 4232 tiore
834 4184 994 4248 speie
1015 4217 1030 4242 ,
1049 4200 1151 4233 nou
1172 4184 1233 4232 ad
1255 4194 1399 4234 tenue
1420 4185 1607 4235 limatas
1628 4209 1673 4237 ιι.

1855 949 1907 996 5.
1934 946 2045 995 Scio
2062 948 2192 994 enim
2217 960 2316 993 esse
2335 943 2571 1009 quosdam
2600 980 2614 994 .
2634 979 2649 993 .
2663 977 2678 993 .
2705 927 2812 991 me'l-

1785 1027 1843 1076 Ic's
1869 1037 2032 1075 tamen
2067 1036 2199 1090 part.
2247 1056 2290 1074 ..
2307 1060 2319 1072 .
2367 1032 2584 1080 utantur,
2617 1021 2809 1087 ipsique

1785 1104 1972 1154 dieunt.
1991 1106 2128 1154 Goer.
2148 1103 2350 1153 scribit:
2378 1124 2404 1144 α
2429 1103 2534 1150 scio
2557 1102 2684 1149 enim
2722 1135 2793 1150 ...

1786 1184 1936 1233 nullis
1952 1184 2081 1233 enim
2111 1216 2124 1230 .
2139 1216 2179 1230 ..
2203 1192 2437 1243 utuntur3
2455 1180 2667 1245 ipsisque
2683 1215 2699 1236 ,
2728 1180 2804 1227 di-

1788 1276 1908 1313 cunt
1918 1285 1961 1311 ιο.
1986 1265 2239 1326 Quatuor,
2273 1262 2463 1325 lnquit,
2497 1261 2550 1307 in
2567 1259 2643 1308 his
2657 1259 2805 1308 nobis

1787 1332 2020 1392 mutanda
2059 1344 2276 1391 fuerunt.
2310 1340 2523 1389 Primum
2561 1340 2804 1403 posterio-

1787 1438 1889 1469 rem
1923 1420 2051 1469 enim
2087 1421 2394 1484 reposuimus
2415 1452 2432 1476 ‚
2469 1433 2564 1482 pro
2599 1429 2759 1466 tamen
2781 1453 2798 1474 ,

1788 1517 1898 1564 quae
1938 1500 2175 1565 particula
2220 1499 2392 1563 iniquo
2426 1494 2538 1546 loco
2573 1515 2601 1546 a
2631 1496 2804 1547 scriba·

1787 1596 1935 1629 mauu
1974 1581 2158 1627 intrusa
2190 1594 2291 1627 esse
2330 1577 2539 1626 videtur.
2587 1576 2713 1626 Nam
2748 1579 2802 1624 in

1788 1659 2007 1723 quinque
2032 1658 2213 1707 nostris
2235 1657 2368 1705 solus
2393 1655 2522 1705 Gud.
2553 1672 2572 1703 ι
2594 1690 2611 1717 ,
2625 1671 2730 1704 eam
2749 1667 2801 1702 nt

1789 1740 2051 1787 vastantem
2078 1737 2335 1786 lectionem
2351 1790 2354 1795 ‚
2370 1735 2515 1784 textis
2545 1734 2804 1800 superscri-

1789 1828 1923 1882 ptam
1949 1817 2111 1865 offert.
2154 1819 2227 1865 At
2252 1815 2380 1863 enim
2419 1815 2632 1863 referunt
2655 1815 2802 1861 etiam

1789 1903 1822 1952 4
1861 1896 2074 1954 Davisii,
2101 1895 2306 1944 totidem
2327 1897 2529 1943 Oxoum
2554 1893 2802 1957 ditique,

1789 1989 1918 2038 qnos
1943 1975 2180 2034 vidimus,
2227 1989 2413 2024 omnes.
2447 1972 2629 2022 Scribe
2676 1971 2801 2020 enim

1788 2053 1867 2102 bis
1908 2065 2236 2103 recurrentem
2254 2089 2270 2113 ,
2316 2063 2373 2102 ut
2418 2052 2608 2111 solent,
2649 2048 2801 2115 fugie-

1790 2132 1908 2181 bant
1945 2146 1958 2181 z
1984 2149 2095 2196 quoe
2124 2132 2389 2197 sepissime
2412 2131 2476 2180 ab
2502 2142 2700 2180 auctore
2732 2132 2804 2178 sic

1788 2212 2043 2276 repetitur.
2063 2212 2192 2261 Vide
2215 2227 2307 2259 nos
2341 2211 2407 2259 ad
2441 2209 2631 2259 Aeadd.
2655 2212 2706 2268 1,
2746 2225 2806 2266 a,

1790 2293 1861 2351 6,
1899 2292 2015 2341 coll.
2054 2295 2192 2341 Orat.
2239 2292 2342 2350 111,
2386 2299 2483 2348 ιο,
2537 2289 2628 2339 161
2662 2320 2678 2347 ,
2718 2288 2803 2336 ubi

1789 2386 1963 2434 nuper,
1990 2386 2127 2434 aeque
2149 2372 2268 2419 eitra
2291 2373 2397 2431 jus,
2422 2368 2558 2432 prior
2588 2368 2732 2415 enim·
2753 2369 2804 2415 in

1788 2460 1950 2497 autem
1990 2459 2170 2498 mutata
2203 2459 2291 2497 est.
2316 2445 2508 2495 Deinde
2533 2455 2735 2492 munem·
2753 2456 2804 2492 et

1790 2526 1958 2575 dicunt
1980 2561 1996 2586 ,
2047 2525 2371 2575 revocandum
2412 2524 2521 2570 suit.
2565 2522 2701 2569 Prius
2738 2538 2802 2569 ex

1791 2605 1941 2655 oodd.
1971 2605 2171 2653 omnino
2198 2601 2456 2659 omnibus,
2482 2601 2620 2664 quod
2643 2616 2706 2647 ex
2724 2602 2800 2647 in·

1791 2685 1934 2747 genio
1959 2685 2072 2732 Em.
2092 2683 2144 2729 in
2163 2691 2367 2728 utantur
2384 2690 2625 2728 mutarat:
2645 2672 2804 2743 poste·

1792 2764 1893 2811 rins
1921 2776 1987 2812 ex
2012 2760 2110 2809 Eri.
2145 2771 2196 2809 et
2215 2759 2340 2824 Spir.
2360 2775 2473 2807 eum
2499 2757 2679 2823 quihus
2695 2759 2798 2808 Pal.

1798 2856 1817 2888 ι
1834 2876 1851 2902 ,
1874 2844 2073 2891 Oxonn.
2092 2841 2151 2889 R.
2179 2856 2243 2888 a
2269 2834 2312 2896 ξ.
2337 2838 2523 2888 faciunt
2540 2874 2555 2899 ,
2579 2838 2804 2903 exemplo

1790 2921 2041 2980 Lambini,
2062 2921 2231 2969 Daris.
2260 2931 2310 2968 et
2343 2916 2525 2968 Bremii
2568 2918 2803 2966 dedimus.

1790 3001 2016 3064 Denique
2035 3017 2099 3048 ex
2118 2999 2292 3049 iisdem
2315 2998 2411 3047 illis
2447 2998 2574 3059 binis
2591 2997 2769 3045 nostris
2789 3033 2805 3057 ,

1786 3078 1993 3144 ipsisque
2004 3116 2020 3141 ,
2038 3095 2188 3143 quum
2208 3078 2450 3142 vulgatam
2465 3076 2647 3142 iJm‘que
2659 3076 2804 3123 Grut.

1785 3175 1849 3207 ex
1884 3159 1987 3208 Pal.
2020 3174 2041 3205 1
2094 3158 2371 3218 induxerit,
2407 3172 2520 3205 enm
2547 3171 2652 3220 quo
2681 3155 2806 3203 E.et

1786 3235 1828 3297 ξ.
1855 3239 2139 3303 conspirant
2162 3253 2176 3287 τ
2214 3240 2355 3299 eujus
2379 3237 2493 3285 looo
2528 3234 2645 3284 olim
2671 3234 2763 3301 ipsi
2785 3270 2803 3297 ‚

1786 3318 1896 3383 qui,
1923 3314 2340 3367 consentientibus
2356 3315 2550 3378 scriptis
2577 3315 2802 3379 reliquis,
2903 3310 2911 3317 ’

1788 3398 2041 3448 edebatur.
2081 3398 2248 3445 Lectio
2281 3413 2309 3444 a
2345 3393 2490 3443 nobis
2522 3393 2651 3442 edita
2678 3392 2802 3451 sele-

1787 3479 1916 3527 ctior
1944 3487 2017 3525 est
2035 3512 2051 3538 ,
2097 3487 2148 3524 et
2181 3492 2236 3524 ea
2254 3507 2269 3532 ,
2309 3490 2419 3539 quae
2453 3489 2554 3521 nou
2577 3490 2607 3520 a
2632 3470 2806 3519 scribis

1784 3535 2033 3622 profecta,
2069 3551 2157 3603 sed
2182 3555 2245 3603 ab
2269 3555 2350 3603 his
2374 3561 2608 3615 corrupta
2643 3550 2805 3598 videa-

1787 3646 1884 3686 tur.
1910 3635 2090 3683 Similis
2102 3646 2344 3682 structura
2365 3633 2418 3681 in
2432 3631 2511 3679 his
2527 3640 2604 3678 est
2620 3665 2636 3689 ,
2655 3652 2681 3672 α
2701 3629 2805 3678 haee

1787 3731 1841 3764 se
1878 3715 2089 3780 probant
2129 3713 2379 3774 omnibu-3
2416 3725 2555 3758 eausa
2602 3726 2655 3755 ea
2701 3724 2805 3755 non
2875 3730 2880 3735 ,

1788 3794 1938 3842 modo
1958 3811 2040 3854 se,
2062 3792 2146 3841 sed
2174 3808 2251 3840 me
2276 3792 2418 3838 etism
2443 3787 2687 3835 absentem
2718 3804 2806 3851 per

1787 3886 1841 3921 se
1859 3872 2037 3936 probat
2051 3907 2066 3930 ,
2089 3881 2181 3919 ete.
2200 3892 2226 3912 n·
2254 3868 2374 3933 Ipsn‘r
2388 3865 2723 3928 autem-plane
2743 3882 2809 3913 ex

1786 3951 2000 4001 auctoris
2023 3964 2158 3998 more
2176 3945 2471 4011 praemissum
2492 3954 2609 4008 puts
2625 3961 2806 4008 ;quum

1788 4042 1960 4079 eontra
1999 4028 2089 4096 ipsi
2114 4028 2302 4089 stige-t.
2329 4023 2473 4072 Adde
2507 4023 2809 4087 huc,1quod

1786 4121 1961 4158 auetor
1979 4124 2041 4155 ex
2063 4120 2200 4154 more
2232 4104 2377 4153 verba
2410 4102 2604 4152 dicendi
2635 4102 2811 4150 mediae

1788 4186 2000 4236 orationi
2041 4185 2333 4249 interponit.-
2372 4184 2642 4233 Construes
2676 4180 2812 4229 euim
2864 4196 2870 4203 ⁴
