3217 4784
807 412 930 478 DE
978 411 1150 478 FIN.
1203 411 1411 478 BON.
1466 412 1577 478 ET
1626 412 1840 479 MAL.
1891 411 1994 496 11,
2033 410 2145 479 28.

2393 410 2530 508 275

418 546 682 629 ptatem
718 535 901 605 tanti
939 534 1399 603 aestimaretis.
1432 561 1466 596 a
1494 534 1659 603 Non
1703 532 1962 618 minor,
2007 535 2278 628 inquit,
2320 535 2530 606 volu-

419 658 573 740 ptas
621 646 1018 742 percipitur
1052 669 1140 714 ex
1180 642 1536 713 vilissimis
1569 640 1789 713 rebus
1812 696 1832 729 ,
1868 666 2089 738 quam
2136 668 2227 715 ex
2263 647 2533 742 pretio-

416 755 704 826 sissimis
740 785 794 824 ³».
850 760 1007 826 Hoc
1059 767 1168 825 est
1210 776 1365 823 non
1404 752 1625 824 modo
1671 776 1799 823 cor
1837 777 1990 824 non
2042 752 2310 827 habere
2337 811 2358 844 ,
2406 756 2531 829 sed

417 887 508 933 ne
534 864 849 960 palatum
884 861 1201 958 quidem.
1230 860 1375 951 Qui
1402 861 1591 933 enim
1625 860 2068 957 voluptatem
2099 865 2323 962 ipsam
2357 890 2534 937 con-

416 986 788 1058 temnunt,
835 972 919 1041 iis
964 971 1130 1042 licet
1163 968 1437 1055 dicere,
1465 994 1540 1041 se
1582 972 2066 1067 acipenserem
2113 998 2340 1045 menae
2386 1001 2533 1047 non

416 1096 858 1179 anteponere
876 1090 925 1148 7.
968 1081 1105 1152 Cui
1145 1104 1316 1151 vero
1353 1080 1429 1148 in
1458 1078 1827 1176 voluptate
1857 1102 2220 1153 summum
2254 1081 2535 1157 bonum

418 1204 568 1277 est,
613 1188 784 1260 huic
826 1191 1069 1261 omnia
1098 1214 1355 1276 sensu,
1391 1214 1545 1259 non
1590 1190 1871 1259 ratione
1907 1204 2075 1260 sunt
2104 1189 2535 1283 judicanda3

419 1323 647 1396 eaque
679 1298 980 1373 dicenda
1015 1301 1326 1396 optima,
1369 1325 1529 1397 quae
1571 1313 1742 1370 sunt
1789 1301 2204 1371 suavissima
2222 1292 2278 1371 ⁸.

514 1414 820 1497 Verum,
868 1420 1074 1482 esto9
1129 1437 1146 1478 ε

1206 1425 1695 1506 consequatur
1732 1433 2044 1480 summas
2095 1409 2536 1508 voluptates,
2576 1445 2639 1494 92

422 1543 570 1589 non
632 1519 852 1591 modo
904 1542 1157 1618 parim,
1195 1519 1319 1591 sed
1379 1543 1511 1616 per
1560 1542 1679 1588 me
1730 1516 1987 1602 nihilo,
2026 1522 2081 1589 si
2134 1534 2411 1617 potest3
2447 1528 2541 1595 sit

423 1628 755 1728 voluptas
779 1656 927 1702 non
968 1632 1207 1701 minor
1230 1631 1309 1698 in
1334 1628 1689 1699 nasturtio
1717 1626 1866 1713 illo,
1888 1652 2040 1723 quo
2072 1633 2265 1700 vesci
2296 1634 2540 1703 Persas

422 1764 575 1810 esse
610 1740 856 1811 solitos
891 1738 1137 1811 scribit
1170 1737 1583 1835 Xenophon
1609 1746 1699 1823 1⁰,
1729 1762 1948 1832 quam
1979 1740 2051 1807 in
2087 1742 2542 1835 Syracusanis

424 1852 718 1937 mensis,
757 1875 918 1946 quae
948 1874 987 1919 a
1019 1848 1318 1919 Platone
1355 1849 1663 1945 graviter
1703 1848 2241 1943 vituperantur3
2272 1851 2362 1919 sit
2384 1905 2403 1937 ,
2433 1852 2541 1920 in-

424 1982 641 2054 quam
664 2013 683 2046 ,
719 1974 861 2030 tam
899 1957 1121 2029 facilis
1143 1982 1168 2046 ,·
1202 1981 1419 2055 quam
1458 1958 1714 2044 vultis,
1749 1955 2136 2057 voluptatis
2178 1983 2543 2057 compara-

500 2168 547 2210 7.
569 2150 666 2213 Qui
682 2150 808 2199 enim
825 2152 1130 2214 voluptatem
1150 2152 1305 2216 ipsam
1331 2167 1442 2198 eon·

425 2241 643 2277 temnunt
678 2264 690 2277 .
714 2266 726 2278 .
749 2266 762 2278 .
800 2246 897 2278 non
925 2241 1239 2293 anteponere.
1283 2231 1439 2277 Brenn.

427 2328 537 2358 cum
577 2310 670 2358 Th.
727 2309 948 2358 Bentleio
998 2319 1127 2373 part.
1172 2308 1442 2371 negativam

427 2390 579 2438 deleri
596 2387 736 2449 jubet
752 2422 768 2449 ,
794 2400 999 2452 propter
1016 2380 1443 2451 argumentationis

426 2469 595 2516 seriem
610 2502 625 2526 ,
645 2484 741 2532 qua
767 2467 863 2515 hoc
887 2467 1004 2514 velit
1026 2477 1196 2514 auctor
1222 2481 1236 2514 :
1268 2465 1442 2512 mirum

425 2564 554 2606 esse,
585 2547 721 2610 qnod
748 2548 1014 2611 Epicurum
1040 2544 1250 2610 pudeat,
1282 2559 1336 2590 ea
1365 2543 1441 2590 di-

429 2643 563 2683 cere,
600 2642 710 2690 quae
737 2626 813 2672 vel
834 2625 940 2673 istis
968 2624 1127 2671 dicere
1151 2623 1294 2671 liceat
1312 2656 1328 2678 ,
1358 2623 1445 2685 qui

429 2704 573 2753 nihili
606 2704 906 2768 voluptatem
950 2713 1142 2766 putent.
1183 2703 1445 2766 Comparnt

430 2786 597 2839 etiam,
625 2800 735 2847 quae
753 2799 895 2846 supra
920 2783 978 2839 8,
1003 2789 1097 2840 ⁴²4,
1123 2782 1340 2830 similiter
1367 2781 1446 2830 di-

429 2873 626 2913 cuntur.
656 2861 848 2913 Habent
873 2861 981 2908 haec
1007 2877 1144 2908 suam
1171 2860 1442 2925 probabili·-

430 2952 577 2989 tatem
609 2938 897 3004 quamdam,
936 2937 1024 2986 sed
1055 2937 1235 2985 nullam
1279 2955 1440 2987 corre-

431 3021 608 3068 ctionis
635 3018 982 3066 necessitatem.
1004 3015 1129 3062 Nam
1152 3015 1229 3063 vel
1244 3017 1314 3063 sic
1336 3018 1446 3064 vul-

428 3110 537 3161 gat·
562 3097 686 3145 bene
714 3095 844 3143 coit:
881 3095 968 3157 qui
994 3092 1123 3140 enim
1148 3093 1446 3157 voluptatem

432 3191 521 3241 per
541 3191 591 3223 ne
616 3175 765 3239 ipsam
786 3181 1109 3221 contemnunt
1123 3205 1138 3229 ,
1162 3172 1348 3220 etiamsi
1369 3172 1446 3220 his

432 3255 681 3318 acipeneer
735 3251 970 3299 suavioris
1016 3250 1204 3314 saponis
1224 3284 1239 3308 ,
1301 3266 1445 3314 quein

433 3350 598 3382 mana
615 3369 631 3394 ,
644 3342 717 3379 est
731 3366 746 3391 ,
779 3343 940 3380 tamen
959 3330 1118 3377 dicere
1141 3339 1377 3393 possunt,
1395 3346 1446 3376 se

432 3411 571 3460 illum
613 3412 727 3459 huic
759 3425 860 3458 non
895 3419 1206 3474 anteponere.
1249 3409 1299 3456 Si
1330 3423 1446 3456 vero

431 3502 605 3540 auctor
615 3507 678 3539 ex
694 3489 871 3539 Bremii
884 3488 1120 3536 sententia
1139 3487 1350 3535 scribere
1360 3502 1446 3533 vo-

433 3569 615 3629 luisset,
628 3580 730 3618 tum
746 3602 761 3628 ,
780 3567 874 3615 nisi
893 3566 1036 3630 plane
1056 3565 1297 3626 fallimur,
1314 3567 1364 3614 N
1363 3579 1445 3613 am

432 3648 590 3696 veliis
605 3681 622 3709 ,
637 3648 748 3713 qui,
764 3658 848 3695 aut
865 3644 1084 3694 similiter
1099 3645 1361 3710 potuisset.
1380 3645 1444 3692 G.

433 3753 503 3764 —-
533 3729 656 3777 Hac
679 3725 848 3775 laudet
874 3724 1065 3772 Nonius
1089 3726 1143 3772 iu
1172 3740 1221 3771 v.
1250 3725 1445 3780 Hence,-

430 3822 522 3854 nec
541 3806 644 3856 abit
665 3822 693 3854 a
706 3804 856 3854 Tullii
876 3802 1153 3863 codicibus,
1188 3803 1286 3850 nisi
1309 3800 1449 3865 quod

432 3885 708 3949 voluptates
763 3882 894 3948 ipsas
950 3881 1113 3929 habet.
1153 3881 1281 3929 Vide
1332 3880 1445 3930 Nic.

434 3963 686 4012 licinium
706 3962 770 4010 ad
782 3960 929 4008 ovid.
948 3963 1076 4009 Ἐπεὶ.
1090 3961 1161 4019 11,
1179 3960 1209 4008 5
1216 3960 1300 4021 78.
1312 3960 1440 4007 Dur.

508 4043 558 4090 8.
593 4045 720 4107 Qua
745 4052 855 4090 sunt
874 4038 1175 4091 suavissima.
1210 4040 1285 4088 Ita
1312 4040 1442 4103 Spir.

436 4119 534 4169 Erl.
559 4119 689 4170 Crat.
733 4119 909 4183 aliique
951 4129 1070 4169 vett.
1104 4118 1224 4166 editi
1259 4118 1440 4183 plures.

1522 2149 1721 2213 Reliqui
1759 2153 1914 2198 nostri
1947 2167 2061 2199 cum
2101 2151 2231 2201 binis
2268 2155 2470 2204 Oxoun.
2498 2167 2548 2203 et

1524 2230 1719 2292 Marso,
1763 2230 1861 2277 sine
1883 2248 1904 2287 ,·
1943 2231 2078 2295 quod
2137 2232 2304 2281 Daris.
2346 2248 2411 2279 ex
2446 2236 2549 2282 suin

1525 2306 1709 2366 edidit,
1751 2309 1986 2372 probante
2021 2311 2262 2361 Ernestio.
2296 2310 2394 2359 Sed
2420 2324 2549 2362 recte

1525 2388 1686 2434 Brenn.
1731 2388 1978 2451 vulgatum
2019 2400 2197 2438 tuetur.
2229 2389 2375 2441 Adde
2411 2392 2549 2456 quod

1529 2475 1601 2511 est
1625 2465 1730 2513 haec
1756 2467 2030 2516 enuntiatio
2051 2469 2543 2534 comprehendentis:

1529 2559 1642 2591 nam
1656 2561 1752 2608 que
1766 2544 1986 2610 colligit:
2015 2549 2085 2596 nic
2108 2550 2361 2611 conjunct.
2384 2550 2547 2599 minus

1530 2623 1673 2669 etiam
1689 2623 1833 2671 valet.
1859 2625 1921 2672 G.

1602 2716 1651 2763 9.
1692 2705 1901 2762 Verum,
1931 2715 2050 2755 esto.
2088 2705 2141 2752 Si
2167 2722 2278 2754 cum
2317 2707 2418 2757 Pal.
2445 2724 2470 2757 1
2500 2719 2549 2755 et

1529 2779 1713 2827 Eliens.
1739 2795 1762 2827 1
1801 2795 2077 2846 congruunt
2104 2785 2231 2847 Spir.
2273 2788 2376 2838 Ed.
2397 2774 2480 2846 et,
2507 2790 2547 2836 ni

1529 2869 1750 2907 accurate
1776 2860 1941 2922 Alter,
1987 2872 2044 2909 ut
2072 2862 2186 2910 alias
2210 2863 2336 2912 solet
2358 2896 2375 2924 ,
2423 2881 2546 2913 oon·

1531 2936 1645 2984 tulit
1662 2970 1677 2996 ,
1720 2938 1864 2985 Vien.
1891 2941 2056 3002 Atque
2081 2940 2148 2986 ita
2174 2942 2386 3001 coniecit
2409 2943 2550 2989 Lam·

1529 3014 1639 3063 bin.
1667 3016 1769 3063 Nec
1793 3016 1934 3064 aliter
1956 3015 2021 3063 ad
2050 3031 2202 3078 marg.
2238 3019 2368 3067 Crat.
2408 3019 2548 3067 Reli-

1530 3094 1617 3157 qui
1647 3093 1794 3143 codd.
1833 3109 2030 3153 omues,
2062 3110 2238 3142 verum
2261 3094 2352 3141 isco
2371 3097 2545 3153 modo,

1530 3171 1668 3234 quod
1692 3171 1815 3219 nihil
1837 3183 1926 3220 est.
1954 3174 2040 3220 Eut
2062 3172 2278 3220 Platonis
2305 3170 2408 3222 ἀλλ’
2436 3166 2544 3224 εἷεν.
2591 3208 2598 3213 -

1529 3252 1604 3297 Ita
1631 3265 1829 3314 quoque
1842 3250 2011 3314 paullo
2024 3262 2269 3315 post,per
2283 3268 2392 3312 me,
2411 3255 2549 3318 quod

1530 3326 1751 3375 Palnuno
1795 3343 1818 3374 1
1865 3327 2097 3389 debetur,
2138 3346 2166 3377 ι
2217 3331 2395 3379 nostris
2454 3333 2550 3381 illis

1530 3406 1658 3453 binis
1687 3405 2041 3459 confirmatur:
2084 3410 2285 3475 reliquis
2324 3413 2551 3463 omnibus

1514 3484 1684 3547 fenne
1697 3517 1713 3540 ‚
1741 3486 1975 3554 nutfitme
1991 3488 2348 3540 exhibentibus.
2364 3493 2547 3541 vitium

1534 3580 1595 3612 ex
1628 3580 1687 3612 eo
1727 3560 1945 3629 tempore
1981 3579 2079 3624 eut,
2109 3585 2208 3632 quo
2229 3571 2548 3621 met-ininitia-

1532 3642 1663 3693 libus
1681 3643 1832 3693 literis
1851 3646 2165 3697 scribebatur.
2190 3650 2254 3697 G.

1612 3739 1695 3773 10.
1717 3724 2016 3773 Νικίαι-τέο...
2029 3743 2126 3791 quo
2143 3726 2440 3791 Xenophon.
2457 3730 2553 3783 Lo·

1537 3817 1592 3850 cn
1612 3801 1675 3849 ad
1693 3818 1801 3867 (με
1815 3803 1870 3850 in
1888 3805 2126 3867 proximis
2141 3806 2421 3870 respicitur,
2437 3819 2551 3858 sunt

1532 3881 1880 3947 Xenophonti·
1903 3883 1953 3929 in
1980 3883 2165 3949 cymp.
2184 3886 2230 3944 1,
2261 3900 2290 3933 τ
2305 3900 2325 3931 1
2348 3918 2366 3943 ,
2406 3887 2434 3935 8
2452 3918 2469 3945 ,
2502 3895 2553 3934 et

1534 3961 1752 4009 Platonis
1788 3962 1942 4026 Epist.
1978 3964 2104 4023 vn,
2148 3979 2264 4028 pag.
2308 3980 2372 4027 97
2394 3998 2409 4023 ,
2445 3965 2549 4028 Bip.

1536 4042 1682 4089 Hunc
1717 4040 1823 4091 Cic.
1852 4041 1962 4109 ipse
1977 4041 2126 4092 latine
2143 4045 2379 4109 expressit
2404 4045 2548 4092 Tunc.

1532 4119 1578 4163 V
1595 4152 1612 4177 ,
1634 4118 1700 4166 35
1714 4152 1730 4177 ,
1771 4134 1863 4166 τοι
1878 4154 1891 4167 .
1912 4120 1977 4169 G.

2209 4206 2310 4273 18.
