3217 4784
706 440 843 527 524
1388 444 1485 511 M.
1533 444 1613 510 T.
1664 442 2152 513 CICERONIS

700 571 1068 637 Zenonem
1112 577 1317 634 tuum
1361 584 1529 634 cum
1570 565 1902 636 Aristone
1948 558 2183 636 verbis
2228 560 2710 655 consistere⁶‚
2773 592 2870 637 re

702 674 1085 759 dissidere;
1119 696 1287 743 cum
1317 673 1699 746 Aristotele
1726 688 1800 745 et
1824 674 1963 745 illis
2000 699 2078 746 re
2109 677 2555 762 consentire,
2600 673 2862 746 verbis

704 784 1148 881 discrepare?
1189 785 1338 853 Cur
1375 785 1629 880 igitur,
1680 809 1912 882 quum
1951 784 2042 858 de
2077 809 2158 856 re
2196 788 2623 873 conveniat,
2687 812 2858 856 non

703 893 1036 965 malimus
1087 894 1342 965 usitate
1386 894 1638 992 loqui?
1673 900 1817 967 Ant
1853 894 2181 984 doceat7,
2228 897 2663 993 paratiorem
2729 922 2857 966 me

701 1002 794 1075 ad
840 1004 1443 1075 contemnendam
1502 1006 1883 1102 pecuniam
1921 1003 2116 1092 fore,
2164 1008 2223 1077 si
2267 1005 2463 1077 illam
2498 1008 2576 1076 in
2617 1004 2857 1076 rebus

702 1114 1142 1212 praepositiS,
1189 1136 1411 1212 quam
1456 1115 1514 1185 si
1570 1116 1648 1186 in
1697 1113 1911 1188 bonis
1955 1114 2267 1202 duxero;
2317 1112 2854 1211 fortioremque

704 1226 778 1293 in
815 1223 1156 1320 patiendo
1186 1222 1441 1296 dolore
1463 1278 1483 1311 ,
1509 1225 1569 1295 si
1599 1248 1770 1295 eum
1800 1248 2142 1321 asperum
2175 1239 2249 1295 et
2278 1221 2645 1295 difficilem
2683 1250 2856 1321 per·

703 1357 955 1431 pessa,
977 1348 1049 1405 et
1067 1349 1319 1405 contra
1346 1349 1675 1406 naturam
1700 1359 1852 1407 esse
1868 1325 1922 1423 ⁸,
1945 1359 2164 1431 quam
2187 1336 2249 1405 si
2269 1334 2537 1407 malum
2563 1332 2852 1405 dixero.

599 1462 668 1534 73
704 1449 952 1515 Facete
977 1447 1075 1514 M.
1106 1444 1267 1515 Piso
1282 1456 1339 1532 9,
1367 1442 1732 1516 familiaris
1759 1459 2028 1534 noster,
2044 1460 2118 1516 et
2144 1444 2279 1517 alia
2306 1446 2565 1530 multa,
2589 1459 2665 1515 et
2700 1444 2857 1517 hoc

706 1554 866 1626 loco
884 1554 1147 1627 stoicos
1162 1554 1530 1627 irridebat.
1564 1554 1760 1646 Quid
1786 1557 1982 1628 enim
2012 1553 2363 1628 aiebatw?
2397 1561 2679 1626 Bonum
2711 1581 2857 1627 ne-

703 1689 828 1762 gas
853 1689 1004 1737 esse
1033 1664 1313 1736 divitias
1330 1720 1349 1750 ‚
1382 1667 1852 1765 praepositum
1874 1690 2029 1738 esse
2053 1665 2254 1737 dicis.
2285 1663 2478 1758 Quid
2501 1663 2807 1760 adjuvas
2826 1666 2859 1734 ἰ’

704 1777 1163 1847 avaritiamne
1201 1776 1508 1846 minuis?
1539 1775 1759 1868 Quod
1800 1779 1859 1848 si
1899 1774 2209 1848 verbum
2254 1778 2644 1874 sequimur,
2689 1780 2852 1873 pri-

706 1984 779 2031 vis
800 1999 912 2031 cum
933 1983 1022 2032 int.
1056 1982 1263 2030 inserere
1289 1980 1467 2029 solere.
1496 1981 1725 2029 Similiter

706 2064 929 2113 restitues
963 2078 1027 2109 ex
1043 2061 1150 2108 aliie
1177 2069 1551 2123 nostrorumque
1577 2059 1726 2120 binis,

705 2143 804 2191 off.
826 2143 903 2190 111
921 2175 936 2199 ‚
950 2157 1043 2197 22,
1072 2156 1092 2187 1
1108 2156 1128 2186 ι
1150 2155 1202 2188 :-
1221 2154 1367 2203 quem
1383 2154 1537 2201 quum
1552 2135 1725 2187 utilem

705 2221 889 2269 diceret
913 2235 1016 2267 non
1041 2234 1170 2275 eene,
1196 2233 1384 2282 mquam
1408 2218 1644 2266 fateretur
1663 2240 1690 2260 »
1710 2234 1726 2276 ;

706 2296 791 2348 ubi
808 2315 959 2365 prave
976 2297 1152 2355 editur,
1177 2319 1199 2340 ι
1218 2297 1386 2345 utilem
1406 2312 1508 2345 non
1535 2312 1638 2344 enee
1655 2295 1728 2363 di·

703 2389 859 2435 ces-et,
884 2393 986 2426 etse
1007 2392 1099 2441 aeq.
1124 2376 1159 2424 f.
1183 2397 1210 2417 a·
1233 2376 1300 2426 G.

773 2458 826 2507 6.
857 2458 975 2509 cam
1002 2456 1233 2505 Aristone
1258 2457 1421 2505 verbis
1452 2454 1724 2505 consister-e.

704 2536 874 2586 Nostri
897 2552 1098 2600 quoque
1134 2551 1302 2583 omnes
1334 2552 1448 2599 cum
1479 2535 1727 2584 Gruterin·

703 2616 803 2673 nie,
826 2614 1100 2664 Davisienie
1122 2613 1363 2678 editisque
1388 2624 1508 2661 vett.
1534 2614 1726 2673 multis,

702 2693 961 2742 consistere
980 2710 999 2740 .·
1018 2703 1131 2740 ante
1157 2694 1301 2740 Grut.
1320 2692 1594 2741 consentire
1618 2692 1727 2741 vul·

703 2785 869 2838 gutum
889 2783 989 2834 eet,
1012 2781 1070 2819 ut
1089 2772 1233 2819 etiam
1261 2772 1410 2818 Mare.
1433 2772 1600 2821 refert.
1622 2774 1727 2821 Nos

703 2851 899 2916 quidem
928 2850 1129 2899 formam
1152 2849 1281 2897 hanc
1305 2848 1528 2907 dicendi,
1547 2871 1571 2891 .-
1599 2864 1724 2896 eon·

704 2932 868 2978 sistere
891 2945 1005 2977 cum
1026 2929 1192 2991 aliquo
1213 2948 1235 2969 ι
1250 2962 1265 2986 ,
1291 2927 1363 2975 sie
1379 2938 1434 2975 ut
1457 2926 1728 2975 consentire

704 3010 888 3069 velent,
917 3023 1152 3072 nusquam
1170 3004 1288 3054 alibi
1311 3003 1444 3071 apud
1474 3016 1724 3057 auctorem

705 3089 874 3153 legisse
904 3087 1224 3137 meminimus.
1269 3087 1338 3134 At
1376 3084 1533 3133 nihilo
1564 3087 1726 3133 minue

696 3169 913 3232 probum
933 3167 1131 3216 verbum
1144 3165 1444 3228 judicamus,
1468 3180 1727 3229 graecoque

702 3245 973 3297 συνιστάναι
994 3258 1231 3312 aptatum.
1266 3246 1469 3309 Propria
1492 3245 1567 3302 vi,
1593 3244 1727 3292 unde

704 3327 809 3376 haec
843 3329 950 3393 ipse
988 3329 1169 3393 pendet
1184 3360 1201 3386 ,
1242 3325 1448 3391 ponitur
1489 3325 1542 3373 in
1584 3327 1725 3373 Verr.

704 3408 818 3456 Act.
842 3409 898 3467 1,
938 3424 985 3469 7,
1040 3422 1137 3469 19:
1161 3428 1186 3447 ι
1213 3420 1326 3452 eum
1359 3405 1456 3453 hoe
1475 3406 1721 3461 consistit,

704 3484 836 3534 hunc
851 3485 1172 3551 amplexatur,
1189 3483 1323 3532 hunc
1335 3484 1355 3545 i
1361 3482 1476 3532 ubet
1489 3484 1594 3530 eine
1613 3499 1728 3531 cura

703 3578 806 3611 eene
826 3586 870 3612 a.
893 3567 1119 3615 Ceterum
1134 3596 1149 3621 ‚
1170 3572 1287 3627 apte
1322 3561 1378 3609 id
1403 3561 1554 3610 verbo
1583 3560 1729 3610 dissi-

704 3640 819 3688 dere
834 3642 1022 3705 opponi
1035 3675 1050 3699 ‚
1066 3644 1171 3706 ipse
1193 3641 1344 3690 vides.
1365 3640 1500 3689 Gud.
1514 3656 1543 3688 α
1565 3641 1728 3688 minua

705 3718 827 3766 bene
851 3718 1104 3768 Aristonis.
1128 3720 1192 3769 G.

777 3813 827 3855 7.
862 3796 972 3844 Am
998 3796 1189 3847 doceat.
1223 3801 1322 3846 Aue
1342 3798 1598 3865 abruptius
1621 3815 1728 3863 per·

702 3876 772 3941 git
786 3909 800 3933 ,
821 3892 911 3940 pro
929 3880 1090 3937 «Aut,
1105 3877 1201 3925 hoc
1218 3879 1261 3926 si
1279 3878 1405 3926 nolis
1416 3912 1432 3938 ‚
1450 3890 1580 3928 certe
1593 3880 1726 3927 Zeno

703 3957 875 4005 docet!
898 3979 939 4006 υ.
954 3958 1017 4005 G.

775 4032 824 4086 8.
866 4038 932 4084 Ec
965 4047 1134 4084 contra
1173 4046 1401 4083 natent-am
1443 4050 1560 4083 esse.
1600 4038 1725 4098 Quae

704 4116 782 4164 hi·
819 4127 872 4164 et
906 4116 1232 4182 praemittitur,
1268 4114 1448 4162 nostris
1495 4114 1724 4163 omnibus

703 4196 973 4258 ignoratur.
1018 4195 1203 4242 Omissa
1244 4194 1375 4243 nude
1413 4193 1589 4257 copula
1645 4197 1724 4242 vix

1817 1992 1947 2030 recte
1973 1980 2183 2045 placebit
2206 1980 2328 2031 :sed
2345 1995 2494 2044 quum
2515 1978 2641 2042 Spir.
2669 1990 2722 2028 et
2745 1981 2860 2027 Eri.

1807 2060 2032 2125 perpessi
2047 2061 2275 2119 referant,
2296 2075 2396 2107 non
2415 2060 2518 2107 eine
2533 2074 2706 2122 magna
2729 2076 2856 2124 pro·

1818 2139 2066 2188 habilitate
2082 2162 2108 2182 α
2124 2156 2374 2204 perpessu,
2395 2138 2616 2187 sicontra
2632 2138 2851 2187 »eunde-

1820 2234 1943 2266 mue.
1963 2219 2028 2268 G.

1892 2312 1942 2360 9.
1967 2299 2035 2345 M.
2055 2295 2184 2345 Piso.
2205 2297 2302 2344 Hic
2328 2307 2401 2344 eet
2435 2312 2580 2361 quem
2607 2296 2659 2343 iu
2686 2298 2856 2360 quin·

1822 2389 1876 2425 to
1903 2376 2031 2425 libro
2066 2376 2256 2425 inducit
2306 2377 2477 2427 Cicero
2511 2388 2851 2441 exponentem

1819 2455 2009 2505 Acadd.
2045 2465 2097 2504 et
2133 2455 2331 2520 Peripp.
2359 2456 2618 2519 opiniones
2643 2454 2705 2502 de
2725 2454 2848 2503 fini·

1818 2534 1912 2583 bus
1935 2534 2178 2584 bonorum
2195 2545 2245 2583 et
2269 2536 2505 2584 malorum
2525 2550 2540 2585 ε
2567 2551 2721 2599 nepos
2739 2548 2850 2584 erut

1817 2614 1964 2676 hujus
2001 2615 2193 2663 Pisonis
2226 2616 2312 2678 qni
2356 2615 2722 2679 cognominatus
2767 2626 2846 2662 eet

1818 2691 1984 2758 Frugi.
2012 2694 2125 2741 Jam
2151 2705 2374 2742 mortuus
2394 2704 2497 2741 erat
2515 2693 2596 2741 ille
2623 2693 2757 2751 Piso,
2779 2710 2848 2741 eo

1817 2781 2037 2835 tempore
2061 2789 2165 2836 quo
2196 2774 2368 2824 Cicero
2396 2771 2541 2837 fingit
2570 2790 2622 2822 ee
2648 2789 2702 2821 ee
2728 2789 2845 2820 cum

1816 2851 2004 2900 catone
2039 2852 2381 2919 colloquutmn
2417 2869 2520 2902 esee
2536 2888 2552 2912 ‚
2600 2868 2708 2916 qum
2743 2852 2846 2901 hoc

1814 2929 1946 2981 libro
1963 2933 2127 2981 refert.
2140 2935 2195 2982 J.
2208 2934 2272 2980 V.
2287 2934 2341 2981 1..

1895 3028 1970 3060 ro.
1999 3012 2136 3077 Quid
2166 3011 2294 3060 enlm
2317 3012 2525 3061 aiebat?
2564 3010 2724 3058 Daris.
2757 3010 2841 3058 di—

1817 3093 2000 3156 stingui
2038 3090 2221 3139 mavult
2263 3113 2285 3134 ι
2325 3091 2465 3154 Quid
2490 3092 2633 3148 enim,
2657 3087 2843 3147 aiebat,

1815 3169 2000 3219 bonum
2012 3206 2029 3228 ,
2049 3181 2144 3219 etc.
2162 3193 2187 3213 ιο
2210 3169 2307 3219 Sed
2327 3173 2369 3218 si
2391 3180 2520 3218 certe
2545 3168 2745 3217 suadere
2763 3169 2842 3216 de-

1814 3248 1961 3297 bebat
1975 3282 1990 3306 ‚
2011 3272 2036 3291 ιι
2055 3250 2191 3313 Quid
2214 3244 2378 3298 enim?
2395 3248 2578 3307 aiebat,
2597 3248 2783 3296 bonnm
2799 3269 2841 3296 n.

1813 3329 1908 3375 Per
1930 3344 1982 3376 ee
2008 3329 2206 3392 quidem
2224 3345 2326 3377 non
2351 3328 2491 3377 male.
2520 3329 2682 3376 Possis
2698 3327 2840 3373 etiam

1813 3406 1970 3463 malle,
1995 3429 2017 3449 ι
2035 3409 2170 3470 Quid
2183 3408 2311 3457 euim
2323 3409 2346 3454 ?
2361 3407 2520 3455 aiebat
2534 3442 2551 3468 ‚
2568 3406 2765 3453 bonum.
2787 3439 2798 3449 .
2825 3436 2838 3447 .

1814 3485 1936 3533 dicis
1952 3487 1975 3532 Ρ
1993 3508 2019 3529 .
2049 3497 2104 3534 ut
2127 3487 2303 3534 bonum
2332 3502 2424 3551 pro
2447 3486 2685 3533 bonumne
2713 3484 2842 3530 acci·

1813 3567 1994 3629 piatur.
2013 3566 2106 3613 Vel
2124 3601 2139 3625 ‚
2175 3565 2219 3615 si
2246 3565 2415 3625 malis,
2443 3588 2468 3607 α
2492 3562 2640 3626 Quod
2675 3564 2805 3610 enim
2826 3600 2840 3617 ,

1811 3643 1993 3691 aiebat.
2008 3644 2210 3703 udicis,
2253 3644 2392 3709 quod
2433 3638 2670 3704 adjuves?
2710 3665 2732 3685 ι-
2783 3654 2839 3690 ut

1816 3722 1965 3786 Quod
1981 3724 2070 3785 eit,
2088 3747 2113 3766 ιι
2130 3726 2251 3788 quid
2272 3725 2443 3773 attinet
2460 3720 2524 3769 ad
2540 3721 2592 3769 id
2609 3755 2624 3779 ‚
2643 3720 2780 3786 quod
2797 3744 2837 3768 ιο.

1810 3801 1882 3849 At
1904 3802 2095 3867 vulgata
2122 3805 2262 3852 facile
2286 3801 2562 3852 defenditur
2582 3817 2646 3848 ex
2670 3800 2840 3865 paullo

1812 3889 1925 3926 ante
1948 3883 2153 3945 ponitis:
2184 3905 2205 3925 ι
2223 3881 2358 3945 Quid
2383 3880 2450 3927 ait
2470 3878 2791 3928 Aristoteles?
2813 3903 2838 3921 υ

1812 3958 1979 4007 Paullo
2029 3974 2142 4009 ante
2185 3960 2353 4008 scribit
2393 3958 2557 4006 lamb.
2608 3969 2662 4005 ue
2703 3959 2808 4007 alia
2825 3995 2839 4015 ,

1810 4047 1956 4101 atque
1974 4039 2040 4087 ita
2057 4042 2191 4089 Crat.
2211 4038 2339 4086 Male
2362 4057 2373 4084 ε
2395 4054 2566 4085 oeneus
2585 4038 2716 4086 enim
2737 4050 2837 4091 est.

1815 4136 1837 4157 ι
1861 4128 1910 4165 et
1935 4118 2099 4181 quoad
2124 4117 2211 4165 elia
2249 4117 2399 4164 multa
2437 4118 2633 4166 Stoicos
2666 4118 2834 4167 irride·

1814 4195 1916 4254 bat,
1937 4206 1983 4243 et
2005 4197 2169 4259 quoad
2193 4197 2319 4245 banc
2338 4213 2438 4255 rem
2457 4220 2496 4244 ιι.
2527 4200 2591 4247 G.
