3217 4784
745 375 882 472 576
1424 376 1518 443 M.
1575 378 1652 443 T.
1704 378 2183 447 CICERONIS

734 498 874 569 Sed
925 512 1003 568 ut
1048 497 1374 567 omnium
1431 496 1689 565 artium
1737 512 1931 567 recte
1989 497 2124 568 dici
2182 513 2417 596 potest
2471 525 2880 579 commune

735 631 916 691 esse,
946 621 1026 676 ut
1052 607 1122 675 in
1161 606 1400 700 aliqua
1429 605 1724 674 scientia
1757 620 2081 677 versetur
2102 604 2187 689 ¹³,
2216 609 2583 679 scientiam
2613 629 2879 684 autem

731 742 929 788 suam
987 716 1335 810 cujusque
1391 717 1561 784 artis
1606 737 1761 785 esse
1798 741 1815 783 :
1872 717 1972 785 sic
2014 739 2398 787 commuue
2443 722 2876 793 animalium

731 827 1051 924 omnium
1075 821 1136 879 ¹4
1155 848 1319 894 secu
1330 821 1551 893 ndum
1575 839 1904 894 naturam
1928 826 2166 895 vivere
2182 878 2202 912 ‚
2235 823 2358 896 sed
2382 840 2669 899 naturas
2699 854 2874 901 esse

728 935 1073 1026 diversaS,
1112 947 1194 1003 ut
1237 931 1430 1003 aliud
1475 929 1668 1029 equo
1707 935 1796 1003 sit
1833 947 2122 1021 natura,
2170 934 2360 1006 aliud
2406 936 2612 1025 bovi,
2655 937 2871 1010 aliud

725 1045 1038 1131 homini,
1076 1058 1150 1114 et
1183 1055 1425 1113 tamen
1460 1043 1534 1111 in
1571 1037 1916 1113 omuibus
1959 1066 2239 1114 summa
2278 1048 2677 1117 communis
2700 1101 2722 1134 ‚
2778 1064 2865 1119 et

725 1153 1012 1249 quidem
1053 1178 1201 1223 nou
1239 1152 1473 1223 solum
1511 1153 1588 1221 in
1619 1150 2094 1239 animalibuS‚
2131 1151 2254 1223 sed
2285 1155 2495 1224 etiam
2524 1156 2599 1225 in
2632 1155 2867 1227 rebus

723 1247 1061 1333 omnibus
1103 1263 1190 1333 iis
1218 1251 1307 1348 ¹5,
1348 1284 1528 1358 quas
1571 1275 1825 1332 natura
1863 1260 1983 1331 alit
2016 1315 2037 1346 ‚
2088 1276 2343 1360 auget,
2380 1278 2452 1334 et
2488 1262 2859 1353 tuetur¹⁶;

722 1375 798 1443 in
836 1371 1100 1470 quibus
1127 1371 1453 1442 videmus
1473 1423 1490 1457 ,
1520 1394 1600 1440 ea
1623 1423 1643 1456 ‚
1679 1393 1840 1466 quae
1867 1372 2264 1466 gignuntur
2288 1397 2329 1443 e
2357 1387 2544 1443 terra
2563 1428 2585 1460 ‚
2623 1376 2862 1446 multa

720 1480 1035 1578 quodam
1077 1479 1295 1550 modo
1333 1477 1619 1549 efficere
1657 1480 1806 1576 ipsa
1849 1476 1984 1549 sibi
2026 1504 2155 1577 per
2191 1491 2367 1566 se¹7,
2418 1506 2579 1578 quae
2615 1484 2700 1553 ad
2744 1488 2853 1554 vi-

720 1581 1119 1662 vendum¹8
1162 1587 1777 1686 crescendumque
1831 1589 2149 1677 valeant,
2193 1605 2267 1662 et
2317 1616 2452 1661 suo
2474 1602 2535 1648 ¹9
2584 1616 2853 1689 genere

796 1753 875 1801 13.
908 1754 973 1799 Ut
997 1751 1046 1798 in
1079 1750 1249 1814 aliqua
1273 1748 1474 1797 sciencia
1496 1759 1737 1800 versetur.
1827 1750 1987 1799 verbis
2015 1752 2236 1814 quaedam
2260 1751 2511 1816 gradatio;
2547 1753 2598 1800 iu
2630 1770 2722 1817 qus
2751 1771 2845 1802 nu·

719 1831 820 1878 Erl.
846 1841 1096 1878 versemus·
1121 1846 1141 1875 .-
1167 1839 1314 1893 atque
1343 1830 1410 1877 its
1451 1844 1562 1875 cum
1605 1828 1737 1876 Aldu
1827 1841 1937 1878 ctor
1960 1832 2371 1879 constructionem
2395 1823 2644 1881 ἀσύνδετον
2658 1846 2806 1896 sinat.

717 1910 943 1958 Davisius
981 1910 1209 1957 correxit.
1248 1907 1343 1954 Sed
1379 1907 1628 1970 vulgatum
1656 1924 1737 1955 ve-
1904 1925 1983 1969 ¹7·
2011 1907 2223 1977 Efficere
2243 1909 2350 1974 ipsa
2375 1909 2468 1958 sibi
2485 1927 2574 1973 per
2595 1927 2663 1960 se.
2684 1914 2842 1959 Erne-

717 2005 825 2036 rum
861 2001 959 2048 est,
985 1990 1169 2052 quippe
1203 1988 1283 2034 cui
1320 1996 1482 2050 aperte
1509 1996 1736 2033 contemta
1825 1989 1921 2036 stio
1949 1986 2041 2042 sibi
2062 1989 2387 2053 suspicionem
2422 1989 2597 2037 afferre
2625 2006 2727 2037 nou
2756 1991 2842 2039 de-

717 2069 930 2117 faveant.
964 2071 1029 2114 Ue
1069 2078 1166 2124 est,
1208 2088 1233 2107 ιι
1260 2066 1360 2124 sic,
1398 2065 1487 2112 bac
1513 2066 1729 2124 ratione,

715 2157 804 2205 ut;
852 2169 878 2188 ιι
905 2145 1316 2211 cogitandumque
1350 2144 1406 2190 id
1448 2155 1548 2200 est,
1576 2155 1632 2191 ut
1665 2146 1732 2193 ad

712 2237 988 2285 commune,
1015 2224 1065 2270 in
1098 2235 1197 2286 quo
1234 2233 1402 2269 auctor
1432 2237 1642 2284 grecum
1676 2223 1730 2274 τὸ

712 2299 861 2352 κοινὸν
885 2303 1100 2349 imitatus
1123 2311 1220 2359 est,
1244 2301 1494 2349 referatur.
1519 2305 1586 2350 G.

789 2390 870 2437 14.
903 2382 1165 2430 Commune
1184 2379 1476 2428 animalium
1500 2379 1729 2429 omnium.

711 2464 835 2510 Ven.
870 2469 1003 2523 1494
1030 2460 1203 2508 ordine
1229 2460 1384 2507 multo
1407 2459 1597 2507 meliori
1616 2462 1729 2506 ani·

709 2539 911 2586 malr‘um
950 2554 1206 2585 commune
1235 2537 1448 2584 omm'mn
1484 2555 1503 2583 .·
1537 2551 1640 2600 quo
1667 2538 1728 2586 de

710 2617 875 2679 positu
900 2632 1029 2679 soepe
1057 2617 1271 2679 egimus3
1304 2615 1369 2663 cf.
1387 2631 1530 2678 supra
1558 2619 1638 2676 11,
1666 2617 1722 2674 3,

712 2710 780 2762 7:
813 2717 834 2737 ιι
860 2694 1156 2759 populorum
1186 2695 1416 2758 sum-agio
1441 2696 1657 2742 omnium
1678 2716 1721 2744 ιι.

709 2774 790 2823 Sic
816 2775 958 2822 etiam
989 2774 1240 2839 oppositio
1268 2773 1446 2820 areium
1465 2784 1511 2821 et
1534 2773 1726 2820 anima·

708 2852 824 2900 litem
851 2852 1026 2900 clarius
1052 2869 1102 2899 se
1123 2849 1308 2916 prodit.
1331 2852 1393 2898 G.

784 2933 862 2980 15.
887 2932 987 2980 Sed
1001 2931 1146 2979 eciam
1176 2929 1226 2977 in
1248 2929 1387 2976 rebus
1406 2928 1625 2976 omnibus
1651 2928 1723 2978 iis.

705 3012 838 3061 Gud.
887 3027 915 3058 α
969 3009 1115 3058 etiam
1157 3011 1367 3074 ignorat.
1407 3010 1499 3056 Per
1528 3024 1579 3056 se
1611 3009 1723 3072 qui-

706 3089 813 3139 dem
827 3089 974 3147 bene,
996 3102 1047 3137 et
1067 3090 1294 3153 exemplo
1316 3098 1428 3152 post
1452 3103 1549 3134 non
1569 3089 1720 3135 solum

704 3169 875 3218 crebro
907 3185 921 3219 :
953 3180 1004 3217 st
1028 3170 1077 3218 h.
1104 3170 1139 3218 l.
1168 3170 1209 3217 si
1250 3168 1398 3215 etiam
1430 3177 1600 3215 auctor
1631 3183 1721 3215 uo-

706 3248 873 3297 luisset
887 3286 902 3312 ,
923 3249 1153 3297 scriberet
1179 3248 1308 3296 haud
1338 3246 1508 3304 dubie,
1527 3270 1551 3289 ιι
1565 3247 1648 3295 sed
1670 3248 1721 3295 iu

703 3328 846 3376 rebus
871 3328 1098 3375 omuibus
1119 3327 1251 3388 ·‚vel
1278 3326 1460 3374 omisso
1479 3324 1561 3383 iis,
1588 3328 1720 3375 utin

702 3406 926 3454 omnibns
963 3406 1038 3454 vis
1082 3405 1319 3454 enuntiati
1351 3416 1503 3462 esset,
1541 3405 1624 3453 vel
1663 3406 1723 3453 iis

701 3495 811 3532 aute
839 3484 1058 3532 omnibus
1077 3486 1260 3549 posito.
1280 3484 1488 3531 Accedit
1513 3483 1649 3548 quod
1667 3487 1719 3532 in

702 3563 891 3611 omissis
908 3561 1114 3610 vocibus
1129 3562 1357 3610 Gudiauo
1371 3562 1562 3626 utrique
1572 3579 1717 3625 parva

701 3641 764 3687 sit
786 3643 1061 3691 auctoritas.
1086 3644 1147 3689 G.

779 3719 858 3765 16.
901 3719 1029 3776 Alit,
1080 3730 1258 3785 auget,
1307 3733 1354 3768 ec
1386 3731 1553 3767 tuetur.
1581 3720 1715 3769 Goer.

701 3796 827 3844 delet
855 3807 919 3845 et.
947 3801 1109 3859 Hauc,
1137 3798 1324 3861 inquit,
1368 3809 1495 3861 part.
1542 3798 1716 3848 melius

698 3865 901 3940 Spirset
928 3875 1026 3925 Erl.
1054 3877 1293 3940 ignorant.
1320 3879 1495 3925 Ortum
1522 3877 1713 3942 copulo

699 3953 833 4002 vides
875 3969 888 4003 ε
937 3956 1005 4002 sic
1052 3965 1208 4002 sutem
1248 3971 1353 4002 eam
1395 3956 1565 4004 scribae
1611 3972 1712 4004 uon

698 4035 945 4084 omittunt.
982 4035 1140 4100 Magis
1182 4049 1296 4082 vero
1318 4034 1368 4082 h.
1397 4034 1431 4082 1.
1461 4053 1606 4099 quam
1636 4035 1711 4082 vel

689 4113 806 4162 alias
832 4112 1096 4175 abjicienda
1126 4125 1247 4177 erat,
1287 4131 1434 4178 quum
1468 4116 1531 4164 sit
1555 4115 1604 4162 in
1632 4114 1709 4163 his

1826 2064 1999 2114 behet:
2022 2082 2173 2129 quum
2194 2078 2323 2115 recte
2351 2068 2428 2114 vel
2450 2068 2510 2116 de
2536 2068 2715 2132 plumis
2740 2069 2841 2118 dici

1821 2145 2003 2207 possit,
2019 2167 2042 2186 ιι
2060 2157 2139 2192 ess
2158 2144 2251 2191 sihi
2271 2160 2359 2208 per
2376 2162 2428 2193 se
2448 2146 2511 2193 nd
2527 2147 2841 2195 crescendum

1819 2222 1961 2285 plura
2010 2221 2203 2271 efficere
2235 2244 2290 2282 n,
2334 2223 2616 2287 recipiendo
2649 2226 2699 2273 iu
2732 2243 2841 2275 sese

1818 2300 2044 2350 humores
2059 2311 2194 2350 terre
2213 2301 2442 2366 celique,
2457 2315 2555 2352 etc.
2576 2305 2672 2353 Sed
2692 2321 2838 2354 acce·

1819 2378 1891 2426 dit
1915 2380 2081 2438 etiam,
2110 2380 2244 2443 quod
2270 2382 2554 2430 Aristoteles
2578 2382 2838 2434 arboribus

1815 2458 2093 2522 plantisque
2110 2459 2285 2517 vitam,
2306 2472 2380 2517 et,
2399 2470 2452 2509 ut
2472 2477 2603 2509 nunc
2616 2463 2839 2526 loquun-

1817 2546 1912 2593 tur,
1940 2537 2340 2602 spontaneitstem
2360 2541 2617 2601 quamdam
2643 2540 2833 2588 tribue-

1814 2613 1900 2662 bat
1922 2631 1939 2672 ς
1964 2616 2029 2665 cf.
2050 2615 2111 2663 de
2132 2618 2306 2663 Anima
2327 2651 2342 2675 ‚
2359 2619 2407 2664 11
2423 2653 2439 2678 ‚
2462 2634 2490 2665 α
2506 2654 2521 2678 ,
2545 2631 2637 2667 etc.
2664 2621 2837 2682 Atque

1814 2693 1880 2741 ita
1920 2695 2031 2742 Piso
2065 2710 2261 2759 quoque
2288 2696 2340 2743 iu
2374 2697 2682 2763 Peripate-tica
2709 2713 2833 2746 sen-

1814 2773 1961 2820 tentis
1989 2773 2306 2836 exponenda,
2331 2775 2391 2822 iis
2422 2792 2534 2838 quae
2555 2792 2581 2824 e
2609 2787 2731 2825 terra
2756 2779 2841 2841 gi-

1813 2861 2046 2913 gnuntur,
2064 2851 2213 2899 vitam
2239 2854 2494 2916 quamdam
2521 2855 2705 2903 tribuit.
2730 2857 2795 2905 G.

1889 2932 1969 2977 18.
2017 2932 2141 2994 Quoe
2180 2930 2254 2978 ad
2294 2932 2569 2981 vivendum.
2613 2934 2839 2983 Omnino

1811 3007 2065 3071 legendum
2084 3042 2099 3066 ‚
2145 3025 2242 3073 quo
2263 3010 2337 3057 ad
2356 3010 2626 3059 wveadum.
2654 3013 2837 3062 Dura.

1889 3103 1967 3151 19.
1996 3089 2061 3136 Ee
2082 3104 2171 3135 suo
2200 3103 2401 3153 genere.
2432 3091 2586 3138 Brem.
2626 3100 2737 3154 post
2778 3105 2838 3141 et

1810 3166 2021 3216 adscribi
2039 3179 2092 3214 ut
2108 3168 2239 3216 vult:
2255 3179 2596 3217 mutatamesse
2613 3169 2837 3232 aliquan·

1810 3247 1965 3295 tulum
2012 3246 2248 3295 omioni·
2294 3247 2498 3295 formam
2526 3282 2542 3304 ‚
2596 3248 2835 3311 quoniam

1810 3325 2094 3390 gerundium
2120 3342 2223 3374 nou
2248 3337 2415 3391 aptum
2433 3326 2617 3375 suisset.
2645 3328 2831 3376 Valent

1808 3407 1881 3454 ad
1900 3407 2211 3454 crescendum
2227 3441 2242 3465 ‚
2265 3418 2315 3453 et
2336 3406 2400 3454 ad
2426 3406 2478 3454 id
2494 3442 2510 3466 ‚
2541 3419 2594 3454 ut
2624 3424 2709 3455 suo
2737 3423 2831 3471 ge·

1807 3500 1920 3533 nere
1931 3501 2070 3549 perv.
2094 3484 2166 3533 ad
2177 3498 2307 3533 extr.
2326 3487 2437 3533 Hoc
2466 3486 2703 3534 interdum
2723 3501 2830 3535 non

1807 3561 2017 3612 librariis
2042 3564 2201 3612 solum
2221 3599 2236 3621 ‚
2274 3564 2359 3611 sed
2403 3577 2455 3612 et
2500 3567 2619 3612 viris
2664 3565 2826 3613 doctis

1806 3642 2116 3705 imposuisse,
2158 3641 2239 3690 cll.
2271 3641 2469 3690 Duker-o
2504 3643 2566 3690 nd
2610 3644 2824 3705 Livium,

1807 3723 2030 3780 xxvn,
2083 3724 2148 3771 33
2172 3757 2186 3781 ‚
2231 3738 2300 3784 93
2341 3722 2487 3771 Corte
2522 3721 2584 3769 ad
2621 3722 2820 3771 Sallust.

1806 3801 1975 3864 fragm.
2004 3817 2057 3866 p.
2085 3811 2184 3865 942
2201 3835 2215 3858 ,
2238 3800 2277 3848 f.
2298 3826 2367 3837 --
2384 3798 2489 3846 Nos
2517 3799 2712 3861 quidem
2742 3801 2825 3849 lo-

1805 3896 1914 3927 cum
1946 3880 2018 3926 sic
2050 3881 2291 3944 capimus,
2316 3890 2372 3926 ut
2409 3892 2550 3940 φησι,
2585 3886 2721 3925 notet
2750 3897 2817 3928 ea

1800 3957 2068 4007 intencione
2087 3992 2104 4017 ,
2136 3975 2191 4005 eo
2212 3956 2325 4023 fine
2357 3968 2437 4014 eet,
2468 3955 2563 4004 hoc
2590 3957 2814 4019 pleniore

1801 4048 2056 4093 contextu,
2103 4059 2127 4078 ιε
2160 4050 2269 4083 nom
2307 4036 2360 4082 iu
2396 4035 2474 4083 his
2508 4037 2673 4086 videre
2704 4039 2820 4088 lieet

1799 4116 1988 4180 plantes
2016 4112 2116 4181 (τὰ
2143 4109 2306 4182 φυτὰ)
2330 4116 2507 4176 mults,
2543 4130 2599 4167 ut
2643 4119 2709 4166 ita
2745 4117 2820 4168 ‹ti-
