3217 4784
705 390 845 464 318
1386 379 2143 453 ARGUMENTUM.

858 513 1062 573 Varias
1086 506 1320 586 quidem
1352 524 1477 564 esse
1501 503 1811 563 sententias
1844 499 2330 581 philosophorum
2355 542 2373 570 ‚
2412 496 2703 561 summum
2724 501 2833 563 bo-

776 632 915 672 num
939 611 1003 669 in
1026 607 1221 667 animo
1246 601 1614 683 ponentium3
1645 613 1705 659 et
1730 619 2082 679 quamquam
2105 598 2169 657 hi
2196 597 2539 677 praefermdi
2559 598 2677 657 sint
2701 600 2833 667 illis,

777 710 878 789 qui
911 706 1005 766 vel
1036 704 1309 762 virtutem
1331 718 1366 758 a
1394 714 1622 757 summo
1648 696 1810 755 bono
1832 708 2134 783 separent,
2164 696 2258 754 vel
2282 695 2488 754 virtuti
2506 694 2665 753 aliud
2687 694 2830 773 quid

778 804 1032 865 addant:
1058 812 1252 859 tamen
1277 794 1562 856 absurdos
1589 814 1713 855 esse
1736 807 1797 852 et
1822 814 1922 853 eos
1939 837 1957 867 ,
1985 793 2090 873 qui
2125 793 2422 853 scientiam
2439 836 2458 867 ,
2485 806 2544 852 et
2570 812 2701 866 eos,
2727 794 2831 872 qui

778 907 1070 980 ἀδιαφορίαν
1115 896 1138 976 (
1162 892 1388 955 Acadd.
1414 895 1497 967 11,
1524 899 1630 963 4²,
1670 889 1821 970 130)
1849 891 1962 949 tale
1994 902 2265 949 statuant.
2305 889 2615 968 Reliquum
2655 889 2833 969 igitur

780 998 895 1056 hoc
916 1000 1073 1067 esse,
1096 1004 1162 1052 ut
1183 1008 1472 1051 summum
1495 987 1716 1047 bonum
1741 988 1855 1058 sit,
1880 988 2082 1046 vivere
2107 987 2190 1046 sic
2210 1031 2228 1060 ,
2254 999 2322 1046 ut
2342 987 2578 1046 scientia
2604 1006 2831 1058 rerum,

778 1107 990 1153 natura
1012 1088 1401 1150 evenientium
1417 1129 1433 1158 ,
1456 1083 1678 1164 ubique
1703 1081 1993 1154 adbibita,
2016 1102 2085 1142 ea
2107 1083 2311 1161 seligas
2329 1126 2347 1156 ,
2365 1103 2495 1162 qun
2513 1082 2831 1143 seeundum

778 1204 1045 1250 natm-am
1070 1189 1215 1259 sint,
1237 1184 1645 1261 eontrariaque
1667 1180 1894 1259 rejicias
1912 1223 1930 1253 ,
1951 1178 1991 1240 i.
2011 1200 2062 1239 e.
2085 1193 2155 1239 ut
2178 1181 2595 1241 convenienter
2611 1193 2833 1241 naturae

779 1289 942 1347 vivas
962 1330 979 1359 ‚
1016 1291 1049 1359 ς
1088 1285 1186 1355 30,
1222 1282 1319 1339 31.
1362 1279 1729 1338 Contrariam
1759 1291 1954 1337 autem
1987 1278 2274 1337 rationem
2304 1297 2429 1338 esse
2453 1278 2751 1358 sapientia
2776 1290 2834 1336 et

780 1386 1136 1463 reliquarum
1154 1378 1370 1439 artium
1396 1399 1410 1433 :
1439 1395 1570 1455 quae
1596 1376 1751 1435 enim
1770 1375 2080 1434 artificiose
2109 1375 2261 1434 facta
2279 1373 2569 1444 dicantur,
2587 1375 2712 1435 haec
2727 1394 2834 1454 per

779 1498 1140 1558 consequens
1187 1475 1284 1557 (et
1318 1471 1740 1552 accessionem)
1781 1472 1917 1532 talia
1957 1491 2124 1531 esse:
2155 1486 2216 1532 at
2242 1492 2375 1550 quae
2404 1472 2729 1551 sapienter,
2765 1489 2834 1529 ea

777 1599 904 1640 esse
929 1575 1119 1636 statim
1155 1592 1190 1631 a
1210 1572 1403 1651 primo
1428 1570 1559 1629 nisu
1586 1567 1860 1629 omnibus
1885 1569 2143 1629 numeris
2169 1568 2435 1629 absoluta
2453 1612 2471 1643 ,
2513 1583 2689 1649 etque
2719 1568 2833 1627 huc

781 1673 992 1738 Stoicis
1015 1670 1077 1730 id
1099 1669 1395 1746 pertinere
1416 1710 1434 1740 ,
1468 1664 1630 1745 quod
1653 1667 1718 1725 in
1740 1665 2080 1745 expetendis
2106 1679 2378 1745 ponatur.
2402 1671 2485 1727 Ut
2513 1668 2669 1726 enim
2691 1686 2834 1745 pec-

779 1785 909 1834 cata
930 1788 1049 1829 non
1074 1769 1136 1826 in
1159 1766 1376 1825 effectu
1397 1764 1588 1823 solum
1603 1806 1622 1836 ,
1647 1762 1753 1822 sed
1779 1763 1843 1822 in
1865 1763 2056 1843 primo
2074 1763 2196 1842 jam
2223 1764 2398 1824 animi
2417 1764 2546 1822 nisu
2561 1806 2579 1836 ,
2598 1775 2836 1841 peecata

780 1871 900 1930 sint
925 1890 939 1926 :
961 1868 1043 1925 ita
1059 1908 1077 1938 ,
1096 1861 1291 1941 quoad
1318 1860 1591 1919 virtutem
1611 1902 1630 1933 ‚
1658 1872 1818 1919 recta
1844 1879 1882 1919 a
1909 1861 2101 1939 prima
2121 1860 2258 1920 inde
2280 1860 2455 1920 animi
2479 1860 2831 1931 intentione,

782 1968 841 2027 in
873 1964 1047 2024 rectis
1072 1956 1431 2019 numeranda
1455 1976 1581 2016 esse
1603 2001 1623 2029 ,
1654 1963 1687 2031 ς
1718 1959 1814 2016 32.

863 2062 1010 2122 Boni
1037 2057 1432 2117 definitionem
1461 2055 1735 2133 amplecti
1775 2075 1838 2115 se
1877 2055 2023 2115 dicit
2045 2061 2193 2117 Cato
2220 2057 2381 2118 illam
2421 2057 2699 2137 Diogenis
2717 2100 2737 2133 ,
2775 2060 2842 2115 id

784 2161 944 2236 quod
988 2168 1205 2213 natura
1243 2155 1321 2211 sit
1348 2154 1670 2210 absolutum
1690 2195 1708 2225 ,
1746 2151 1968 2212 bonum
2008 2173 2133 2213 esse
2176 2156 2501 2214 statuentis·
2539 2156 2694 2215 Huic
2730 2175 2838 2234 per

786 2270 1145 2331 consequens
1186 2251 1386 2309 adesse
1422 2249 1565 2309 utile
1582 2293 1600 2322 ,
1642 2248 1820 2328 idque
1847 2252 2061 2331 partim
2093 2266 2304 2311 monam
2330 2254 2356 2331 (
2378 2253 2520 2311 utile
2545 2252 2722 2315 modo
2760 2252 2837 2310 vi-

785 2348 994 2429 deri),
1021 2348 1231 2428 partim
1261 2360 1477 2406 statum
1497 2346 1669 2428 (vere
1701 2347 1883 2421 utile)
1908 2368 2061 2422 esse,
2087 2370 2123 2407 e
2143 2362 2358 2407 natum
2378 2349 2660 2409 absoluto.
2693 2348 2839 2409 Boni

700 2488 711 2502 ,
784 2460 979 2507 autem
1010 2444 1277 2504 notitiam
1319 2443 1527 2503 factam
1565 2462 1690 2501 esse
1718 2443 2027 2502 collatione
2057 2444 2329 2516 rationis,
2366 2444 2533 2521 cujus
2568 2465 2682 2524 ope
2709 2446 2840 2504 ani—

783 2564 945 2619 mus,
992 2541 1307 2602 ascendens
1337 2538 1411 2599 ab
1438 2539 1544 2612 iis,
1579 2560 1711 2618 quae
1737 2541 2055 2599 secundum
2097 2553 2364 2599 natiiram
2402 2543 2551 2615 sint,
2589 2543 2665 2601 ad
2694 2541 2838 2601 boni

785 2642 1083 2711 notionem
1113 2637 1463 2718 pervenerit.
1488 2642 1617 2697 Hoc
1645 2638 1840 2716 ipsum
1864 2650 2055 2695 autem
2084 2635 2304 2695 bonum
2321 2638 2381 2695 vi
2397 2638 2575 2697 modo
2599 2639 2840 2718 propria

786 2758 890 2798 sua
910 2738 1108 2796 valere
1126 2778 1144 2807 ,
1172 2733 1693 2811 &timendumque
1714 2726 1870 2804 esse,
1895 2752 2014 2791 non
2035 2733 2457 2812 magnitudine,
2477 2736 2581 2796 sed
2609 2757 2836 2817 genere.

787 2838 858 2893 In
897 2829 1437 2913 perturbationibus
1469 2844 1662 2889 autem
1695 2842 1917 2889 naturae
1949 2829 2066 2890 vim
2092 2832 2310 2891 nullam
2347 2833 2536 2894 inesse
2555 2879 2573 2908 ,
2623 2837 2841 2916 quippe

783 2951 914 3012 quae
940 2948 1142 2989 omnes
1170 2950 1202 2987 e
1225 2928 1385 2988 falsis
1405 2927 1780 3007 opinionibus
1803 2926 2086 2993 oriantur.
2129 2933 2463 3011 Sapientem
2490 2934 2666 3015 igitur
2697 2955 2843 2994 sem-

785 3044 896 3105 per
915 3021 991 3082 ab
1010 3015 1101 3081 bis
1130 3019 1377 3080 liberum
1401 3041 1527 3080 esse
1548 3019 1782 3089 debere,
1805 3027 1838 3095 S
1860 3022 1957 3093 33,
1984 3024 2081 3097 34,
2097 3024 2190 3083 35.
2215 3025 2393 3098 Quod
2409 3041 2600 3087 autem
2627 3031 2841 3088 bonum

787 3141 961 3182 omne
988 3138 1099 3198 per
1127 3138 1189 3177 se
1213 3117 1601 3196 expetendum
1626 3119 1704 3177 sit
1724 3161 1742 3190 ‚
1778 3118 1838 3176 id
1867 3120 2118 3198 primum
2151 3122 2317 3182 facile
2351 3144 2424 3182 ex
2455 3144 2531 3182 eo
2570 3124 2843 3203 probari,

786 3218 946 3299 quod
980 3234 1155 3276 nemo
1183 3234 1457 3293 umquam
1490 3228 1606 3273 tam
1645 3214 1913 3293 pei-ditus
1944 3217 2051 3289 sit,
2087 3219 2265 3295 quin,
2289 3219 2449 3297 quod
2481 3219 2607 3279 sine
2629 3222 2843 3280 scelere

788 3317 972 3397 possit
994 3355 1012 3383 ‚
1060 3311 1122 3371 id
1153 3332 1285 3371 cum
1318 3314 1535 3372 scelere
1572 3314 1700 3371 fieri
1725 3314 1892 3373 malit
1912 3358 1930 3387 ‚
1971 3315 2193 3375 etiamsi
2219 3337 2458 3395 pronus
2493 3317 2737 3396 impune
2763 3320 2844 3378 sic

790 3412 990 3492 possit.
1041 3410 1218 3468 Nulla
1243 3409 1455 3469 deinde
1502 3410 1765 3469 utilitatis
1792 3412 2150 3491 appetitione
2171 3415 2398 3473 occulta
2431 3428 2656 3474 neturae
2694 3434 2802 3473 nos
2825 3459 2846 3489 ‚

789 3507 1145 3587 cognituque
1175 3506 1352 3584 digna
1375 3550 1393 3579 ,
1410 3508 1689 3580 scrutari3
1717 3521 1816 3567 aut
1837 3509 2152 3570 illustrium
2181 3511 2440 3571 virorum
2465 3514 2648 3583 faeta,
2665 3512 2844 3583 dicta,

790 3604 1030 3665 consilia
1054 3601 1297 3662 disoere.
1322 3608 1474 3663 Tum
1500 3604 1751 3682 ingenue
1773 3604 2083 3666 educatum
2106 3628 2394 3687 quemque
2413 3652 2431 3681 ,
2457 3611 2548 3669 vel
2574 3611 2634 3668 in
2658 3610 2844 3669 aliena

794 3697 1188 3780 turpitudine,
1233 3719 1361 3778 quae
1388 3699 1581 3778 ipsum
1609 3720 1732 3759 non
1759 3700 1930 3760 laedat
1948 3745 1966 3773 ,
2008 3704 2249 3764 offendi.
2290 3708 2483 3783 Atque
2522 3725 2659 3765 sane
2677 3750 2694 3778 ‚
2737 3707 2846 3765 ista

790 3801 904 3861 nisi
922 3817 1033 3877 per
1053 3817 1115 3856 se
1139 3795 1278 3855 odio
1310 3797 1486 3875 digna
1515 3811 1662 3856 esset
1679 3843 1697 3872 ‚
1717 3818 1902 3877 quum
1937 3800 2086 3859 clam
2113 3803 2302 3861 faeere
2327 3816 2547 3880 posset,
2588 3802 2647 3861 in
2671 3823 2846 3863 omne

789 3896 1047 3957 dedecus
1070 3912 1132 3952 se
1158 3913 1281 3952 esse
1308 3893 1644 3952 effimmm.
1665 3898 1750 3952 Ex
1771 3895 1863 3954 his
1892 3896 2153 3976 intelligi,
2181 3900 2484 3957 honestum
2511 3901 2701 3960 solum
2723 3922 2847 3962 esse

788 3996 1041 4063 bonnm,
1077 3990 1255 4069 idque
1278 3988 1486 4050 mediis
1520 3991 1633 4049 illis
1657 3991 1807 4069 (nec
1831 3992 2118 4066 honestis,
2143 4014 2253 4053 nec
2288 3994 2596 4076 turpibus)
2621 3998 2846 4079 abipso

793 4084 1209 4173 pendentibus,
1245 4088 1418 4165 longe
1453 4086 1882 4166 praeferendum
1903 4132 1921 4163 ‚
1960 4097 1992 4162 S
2017 4090 2212 4158 36-40.
