3217 4784
828 400 952 471 DE
999 394 1168 471 ΠΝ.
1222 403 1428 471 BON.
1481 400 1596 470 ET
1646 401 1865 469 MAL.
1916 401 2051 488 ΙΙΙ,
2089 415 2199 470 2'2.
2433 405 2575 496 [μς

458 545 786 608 noscere,
818 537 892 595 et
946 522 1126 593 nihil
1162 511 1495 593 nimis5.»
1555 525 1720 592 Haec
1778 522 1931 592 sine
1981 521 2298 620 physicis
2355 547 2575 620 quam

453 635 594 702 vim
666 630 983 704 habeant
1037 632 1169 730 (et
1229 630 1503 703 habent
1562 630 2031 720 maximam),
2061 630 2306 703 videre
2360 658 2576 705 nemo

453 755 712 839 potest.
741 746 980 839 Atque
1009 744 1228 813 etiam
1248 736 1282 786 ⁶
1308 739 1400 811 ad
1421 741 1775 835 justitiam
1807 740 2219 830 colendam,
2246 740 2338 826 ad
2371 756 2578 815 tuen-

452 850 580 922 das
616 853 963 922 amicitias
1000 862 1077 923 et
1110 850 1422 947 reliquas
1461 850 1791 921 caritates
1827 850 2006 948 quid
2041 866 2298 923 natura
2329 852 2581 939 valeat,

450 959 603 1032 haec
638 985 787 1033 una
822 959 1141 1056 cognitio
1181 973 1421 1058 potest
1449 958 1756 1032 tradere.
1796 962 1946 1031 Nec
1983 984 2156 1032 vero
2192 963 2420 1062 pietas
2451 962 2579 1035 ad·

449 1088 705 1141 versus
746 1067 958 1157 de03,
995 1093 1131 1140 nec
1162 1081 1434 1167 quanta
1467 1068 1580 1140 his
1608 1070 1833 1167 gratia
1864 1066 2243 1159 debeatur,
2275 1072 2430 1144 sine
2465 1097 2584 1142 ex-

452 1179 839 1277 plicatione
875 1190 1146 1251 natur'ae
1184 1179 1491 1278 intelligi
1530 1194 1789 1279 potest.

547 1289 686 1362 Sed
725 1291 873 1385 jam
902 1290 1139 1362 sentio
1167 1314 1287 1362 me
1319 1306 1475 1362 esse
1511 1289 1802 1388 longius
1837 1304 2262 1387 provectum
2286 1345 2306 1378 ‚
2368 1316 2584 1389 quam
2625 1320 2693 1383 74

450 1403 824 1499 proposita
868 1403 1050 1471 ratio
1105 1399 1526 1500 postularet.
1581 1402 1857 1471 Verum
1896 1398 2340 1472 admirabilis
2387 1426 2589 1474 com-

450 1512 718 1607 positio
760 1509 1186 1609 disciplinae,
1226 1508 1825 1606 incredibilisque
1860 1533 2106 1580 rerum
2133 1513 2350 1581 traxit
2379 1510 2587 1582 ordo.

448 1619 714 1707 Quae7,
744 1641 903 1715 ‘per
967 1616 1144 1690 deos
1203 1615 1694 1689 immortales!
1742 1642 1992 1690 nonne
2045 1619 2371 1691 miraris?
2410 1620 2591 1719 quid

449 1728 643 1797 enim
697 1740 825 1797 aut
862 1729 941 1798 in
987 1741 1281 1814 natura,
1332 1738 1480 1824 qua
1534 1716 1716 1798 nihil
1753 1743 1863 1799 est
1908 1730 2180 1826 aptius,
2227 1729 2408 1800 nihil
2459 1730 2590 1802 de-

450 1840 825 1936 seriphus,
870 1836 996 1909 aut
1037 1843 1113 1908 in
1148 1836 1500 1935 operibus
1529 1855 1752 1910 manu
1794 1838 1999 1911 factis
2042 1854 2189 1913 tam
2227 1843 2588 1937 composi·

450 1961 642 2033 tum,
677 1961 974 2042 tamque
1020 1962 1485 2044 compactum
1531 1962 1605 2019 et
1653 1963 2235 2044 coagmentatum
2280 1951 2590 2020 inveniri

453 2056 737 2152 potest?
769 2053 948 2152 quid
984 2058 1350 2152 posterius
1387 2059 1614 2154 priori
1646 2075 1800 2128 non
1835 2061 2222 2130 convenit?
2264 2058 2437 2157 quid
2475 2084 2591 2130 se-

451 2167 728 2262 quitur,
766 2162 967 2261 quod
1006 2182 1160 2235 non
1189 2164 1628 2262 respondeat
1657 2170 2010 2265 superiori
2038 2166 2068 2235 ’τ’
2101 2166 2277 2264 quid
2310 2191 2456 2237 non
2490 2170 2590 2239 sic

448 2399 681 2447 faverent.
692 2399 859 2461 Quum
876 2408 1037 2447 antem
1058 2397 1134 2446 illi
1150 2410 1330 2463 magno
1351 2408 1475 2447 con·

448 2488 594 2525 seusu
621 2477 867 2541 vulgatam
906 2479 1167 2526 lectionem
1203 2478 1471 2535 retineant,

447 2573 552 2605 eam
577 2556 689 2605 loco
711 2557 1006 2606 movendam
1026 2573 1129 2606 nou
1144 2567 1288 2623 puto.
1301 2558 1475 2606 Cicero

449 2634 582 2685 Fam.
602 2629 700 2695 l'v,
732 2652 811 2700 ep.
836 2650 870 2699 9
891 2654 914 2679 ‹-
930 2651 944 2685 :
963 2636 1193 2703 Tempori
1215 2636 1480 2702 cedern-id

449 2726 549 2773 est,
592 2714 870 2763 necessitati
921 2730 1117 2780 parere,
1166 2705 1357 2780 semper
1400 2731 1479 2763 sa-

448 2796 627 2859 pientis
648 2805 723 2842 est
743 2793 968 2844 habitum
981 2818 1023 2845 ιι.
1040 2797 1103 2843 Et
1118 2795 1183 2843 ad
1198 2795 1478 2855 Attio.vl1‚

457 2890 475 2920 1
486 2870 519 2923 8
548 2887 563 2922 t
585 2895 608 2917 ι
623 2873 933 2921 Stomachari
952 2870 1252 2933 desinamns3
1273 2876 1481 2939 tempori

448 2968 725 3016 pareamus3
780 2967 893 2999 cum
931 2951 1167 3016 Pompeio
1204 2952 1259 2999 iu
1304 2954 1481 3017 Hispa-

447 3033 581 3081 niam
608 3046 770 3081 eamus
786 3051 828 3078 a.
857 3032 1114 3078 stxsms.

524 3112 574 3159 5.
602 3110 829 3174 Temperi
839 3124 1017 3174 parem
1032 3143 1046 3167 ,
1067 3110 1205 3174 se‘qm‘
1227 3111 1410 3157 Deum.
1425 3144 1438 3157 .
1452 3145 1465 3157 .

450 3188 576 3237 ancil
593 3188 767 3250 nimis,
804 3199 898 3237 etc.
937 3188 1202 3237 Notissima
1229 3197 1343 3236 sunt
1370 3189 1476 3236 hoec

451 3268 724 3332 sapientum
759 3278 1033 3331 praecepta,
1066 3281 1177 3330 quae
1209 3282 1364 3330 graeee
1403 3266 1475 3314 sic

451 3347 725 3395 efferuntur
768 3361 782 3395 :
837 3351 990 3415 καιρῷ
1034 3346 1341 3415 πιιθαρχιῖν,
1380 3349 1474 3415 Θεῷ

446 3425 662 3479 &wtizam
681 3458 697 3486 ‚
724 3442 809 3474 seu
830 3425 944 3474 ἕπου
961 3427 1053 3491 Θιῷ
1072 3460 1087 3485 ,
1105 3426 1247 3494 γνῶθι
1261 3421 1474 3485 etam-bv,

451 3500 606 3572 μηδὲν
632 3503 775 3574 ἄγαν.
798 3531 867 3541 -
889 3502 1040 3568 Sequi
1072 3506 1240 3552 Deum.
1277 3506 1353 3553 De
1376 3503 1473 3552 boc

444 3584 597 3646 effato
630 3584 772 3649 plura
798 3582 1181 3648 suppeditabunt
1218 3585 1354 3635 Just.
1393 3583 1473 3633 Li-

446 3667 584 3729 psius
610 3665 674 3713 ad
701 3666 930 3712 Senecam
962 3662 1025 3712 de
1060 3665 1153 3714 vit.
1191 3664 1326 3713 Beat.
1359 3678 1467 3728 cap.

454 3743 549 3803 1⁵3
576 3745 670 3793 Th.
698 3726 968 3793 Gatakerus
992 3743 1056 3791 ad
1086 3743 1325 3792 Antonini
1341 3742 1471 3802 vu,

449 3824 537 3886 31,
563 3835 613 3873 et
635 3822 993 3874 nonjamnns
1018 3822 1081 3871 ad
1108 3822 1299 3871 Boethii
1318 3821 1470 3872 Cons-

450 3899 538 3948 lib.
565 3906 589 3950 1
603 3937 617 3960 ,
648 3910 697 3958 4.
717 3906 854 3952 Pros.
874 3903 1048 3951 Dans.
1066 3928 1135 3939 -·
1151 3904 1213 3950 Se
1233 3914 1464 3960 nosem,

342 3984 351 3992 ‘
451 3990 498 4025 ee
528 3978 654 4029 nihil
687 3979 846 4030 ninuk.
879 3982 954 4029 De
980 3981 1305 4031 celeberrimis
1336 3980 1471 4029 hines

451 4061 708 4123 praecptis
743 4072 818 4109 sat
850 4061 998 4110 inulta
1041 4060 1240 4125 collegit
1271 4061 1471 4123 Menag.

449 4136 519 4184 sd
542 4139 692 4185 Laert.
709 4141 752 4193 1,
779 4148 859 4193 41.
888 4141 1022 4187 Du.

1634 2398 1686 2448 Β.
1714 2396 1877 2462 Atque
1909 2398 2075 2448 etiam.
2114 2401 2266 2448 Prave
2308 2400 2587 2452 Ernestiana

1562 2476 1706 2540 atqui
1717 2476 1882 2535 etiam,
1896 2487 1944 2527 et
1960 2477 2067 2526 sine
2080 2477 2176 2526 ulla
2193 2481 2495 2531 auctoritate.
2517 2485 2585 2531 G.

1639 2573 1664 2618 7
1673 2593 1684 2605 .
1695 2556 2092 2622 Incredibilis-que
2103 2573 2259 2607 rerum
2279 2560 2438 2608 emt-it
2446 2562 2585 2611 ordo.

1569 2638 1708 2700 Quoe.
1756 2636 1889 2684 Goer.
1927 2635 2112 2701 duplex
2156 2648 2394 2702 punctum
2443 2641 2587 2706 ponit

1567 2722 1686 2779 post
1707 2714 1830 2763 ordo
1846 2751 1861 2773 ‚
1883 2726 1932 2763 et
1965 2730 2059 2780 pro
2087 2732 2199 2781 quoe
2230 2716 2400 2766 scribit
2427 2736 2584 2783 quem.

1568 2792 1670 2843 Eri.
1713 2795 1902 2859 inquit,
1934 2805 2047 2843 ante
2087 2811 2272 2854 rerum,
2312 2814 2390 2845 me
2423 2797 2585 2857 addit,

1570 2872 1711 2921 facile
1748 2890 1810 2923 ex
1838 2875 2115 2939 praegressis
2162 2874 2582 2935 subaudiendum5

1567 2957 1621 3000 et
1649 2969 1777 3017 saepe
1815 2953 2042 3002 consulto
2078 2953 2149 3001 sic
2181 2955 2429 3005 omissum.
2455 2955 2581 3003 Vul-

1569 3032 1680 3095 gata
1707 3029 1883 3079 deinde
1908 3047 2020 3095 quoe
2043 3030 2271 3089 exhibet,
2299 3032 2431 3096 qnod
2448 3068 2462 3091 ‚
2488 3035 2583 3083 etsi

1565 3109 1740 3159 crebro
1774 3120 1946 3157 auctor
1985 3114 2210 3157 nentrum
2246 3109 2467 3172 relativi,
2516 3112 2580 3160 ad

1564 3196 1718 3237 totam
1741 3186 2023 3236 sententiam
2050 3186 2352 3236 referendum
2367 3224 2383 3250 ,
2401 3191 2545 3254 ponit
2562 3226 2578 3247 ,

1562 3266 1660 3314 hoc
1715 3266 1876 3313 'tamen
1916 3264 2033 3312 loco
2080 3278 2249 3330 parum
2294 3264 2472 3331 placet.
2511 3269 2580 3318 Ut

1562 3345 1693 3393 enim
1735 3343 1828 3392 alia
1852 3342 2126 3405 mittamus,
2164 3352 2304 3393 aures
2332 3346 2432 3407 iam
2469 3359 2578 3397 sua-

1563 3423 1705 3481 dent,
1720 3423 1818 3471 boc
1834 3421 1967 3471 relat.
1984 3424 2036 3470 in
2054 3422 2263 3488 spodosi
2276 3427 2582 3490 ponendum,

1561 3500 1700 3566 quod
1725 3503 1779 3549 iu
1815 3501 1920 3562 ejus
1956 3504 2128 3550 neutro
2157 3504 2242 3551 vix
2263 3503 2446 3554 licebit.
2492 3510 2580 3557 Eat

1562 3581 1705 3628 etiam
1733 3579 1939 3644 simplex
1964 3581 2132 3641 notio,
2167 3598 2276 3646 qun
2309 3587 2543 3649 precedit
2562 3623 2577 3647 ,

1558 3657 1783 3706 bifariam
1822 3673 2070 3722 expressa,
2113 3668 2163 3707 et
2205 3662 2427 3724 proxima
2477 3682 2580 3714 vox

1557 3736 1682 3785 ordo
1701 3736 1849 3799 hujus
1866 3736 2085 3786 notionis
2105 3738 2347 3804 princeps.
2378 3744 2580 3809 sequuti

1556 3816 1709 3881 igitur
1732 3830 1898 3866 sumus
1919 3815 2067 3864 codd.
2087 3815 2302 3881 optimos
2324 3836 2548 3887 quosque
2565 3860 2581 3883 ‚

1557 3895 1659 3945 Pal.
1693 3911 1745 3955 1,
1774 3893 1952 3944 Eliens.
1990 3894 2121 3959 spir.
2162 3895 2260 3947 zrl.
2290 3908 2341 3946 et
2372 3901 2506 3950 Gud.
2549 3920 2579 3952 a

1561 3976 1615 4024 in
1637 3988 1788 4038 marg.
1815 3971 2042 4039 idemque
2055 3973 2155 4035 jam
2177 3990 2241 4045 ex
2257 3991 2348 4024 suo
2374 3977 2507 4027 dedit
2525 3984 2582 4031 P.

1562 4054 1758 4104 Manut.
1787 4051 1987 4102 Davisio
2014 4065 2262 4119 sequente.
2287 4058 2362 4103 Ita
2388 4072 2586 4121 quoque

1564 4135 1703 4184 Crat.
1732 4133 1785 4179 in
1813 4132 2041 4193 margine.
2065 4134 2129 4180 G.

2246 4243 2355 4312 27.
