<?xml version="1.0" encoding="UTF-8"?>
<!DOCTYPE html PUBLIC "-//W3C//DTD XHTML 1.0 Transitional//EN"
    "http://www.w3.org/TR/xhtml1/DTD/xhtml1-transitional.dtd">
<html xmlns="http://www.w3.org/1999/xhtml" xml:lang="en" lang="en">
 <head>
  <title>
</title>
<meta http-equiv="Content-Type" content="text/html;charset=utf-8" />
  <meta name='ocr-system' content='tesseract 3.04.00' />
  <meta name='ocr-capabilities' content='ocr_page ocr_carea ocr_par ocr_line ocrx_word'/>
</head>
<body>
  <div class='ocr_page' id='page_1' title='image "./mtciceronisquae00clergoog/mtciceronisquae00clergoog_0150.png"; bbox 0 0 3217 4784; ppageno 0'>
   <div class='ocr_carea' id='block_1_1' title="bbox 653 371 2095 451">
    <p class='ocr_par' dir='ltr' id='par_1_1' title="bbox 653 371 2095 451">
     <span class='ocr_line' id='line_1_1' title="bbox 653 371 2095 451; baseline -0.006 -3"><span class='ocrx_word' id='word_1_1' title='bbox 653 380 783 451; x_wconf 77' lang='lat'><strong>130</strong></span> <span class='ocrx_word' id='word_1_2' title='bbox 1304 371 2095 445; x_wconf 84' lang='lat' dir='ltr'><strong>ARGUMENTUM.</strong></span> 
     </span>
    </p>
   </div>
   <div class='ocr_carea' id='block_1_2' title="bbox 710 489 2774 775">
    <p class='ocr_par' dir='ltr' id='par_1_2' title="bbox 710 489 2774 775">
     <span class='ocr_line' id='line_1_2' title="bbox 720 489 2770 573; baseline -0.003 -12"><span class='ocrx_word' id='word_1_3' title='bbox 720 504 1024 563; x_wconf 79' lang='lat' dir='ltr'><strong>honestum</strong></span> <span class='ocrx_word' id='word_1_4' title='bbox 1056 500 1375 568; x_wconf 88' lang='lat' dir='ltr'><strong>indicetur,</strong></span> <span class='ocrx_word' id='word_1_5' title='bbox 1400 513 1575 573; x_wconf 87' lang='lat' dir='ltr'><strong>quam</strong></span> <span class='ocrx_word' id='word_1_6' title='bbox 1601 493 1761 572; x_wconf 88' lang='lat' dir='ltr'><strong>quod</strong></span> <span class='ocrx_word' id='word_1_7' title='bbox 1791 493 1888 551; x_wconf 85' lang='lat' dir='ltr'><strong>ille</strong></span> <span class='ocrx_word' id='word_1_8' title='bbox 1917 492 2224 552; x_wconf 81' lang='lat' dir='ltr'><strong>definierit.</strong></span> <span class='ocrx_word' id='word_1_9' title='bbox 2247 494 2393 553; x_wconf 87' lang='lat' dir='ltr'><strong>Inde</strong></span> <span class='ocrx_word' id='word_1_10' title='bbox 2419 489 2589 554; x_wconf 79' lang='lat' dir='ltr'><strong>etiam</strong></span> <span class='ocrx_word' id='word_1_11' title='bbox 2616 502 2770 557; x_wconf 86' lang='lat' dir='ltr'><strong>Tor--</strong></span> 
     </span>
     <span class='ocr_line' id='line_1_3' title="bbox 717 588 2774 678; baseline -0.003 -21"><span class='ocrx_word' id='word_1_12' title='bbox 717 603 978 678; x_wconf 86' lang='lat' dir='ltr'><strong>quatum‘,</strong></span> <span class='ocrx_word' id='word_1_13' title='bbox 1001 615 1183 675; x_wconf 90' lang='lat' dir='ltr'><strong>quum</strong></span> <span class='ocrx_word' id='word_1_14' title='bbox 1211 593 1360 653; x_wconf 89' lang='lat' dir='ltr'><strong>idem</strong></span> <span class='ocrx_word' id='word_1_15' title='bbox 1387 602 1686 663; x_wconf 80' lang='lat' dir='ltr'><strong>statueret,</strong></span> <span class='ocrx_word' id='word_1_16' title='bbox 1712 609 1878 667; x_wconf 79' lang='lat' dir='ltr'><strong>aeque</strong></span> <span class='ocrx_word' id='word_1_17' title='bbox 1904 609 2044 649; x_wconf 80' lang='lat' dir='ltr'><strong>vera</strong></span> <span class='ocrx_word' id='word_1_18' title='bbox 2069 588 2300 651; x_wconf 74' lang='lat' dir='ltr'><strong>honesti</strong></span> <span class='ocrx_word' id='word_1_19' title='bbox 2321 592 2378 651; x_wconf 83' lang='lat' dir='ltr'><strong>vi</strong></span> <span class='ocrx_word' id='word_1_20' title='bbox 2399 611 2524 652; x_wconf 82' lang='lat' dir='ltr'><strong>esse</strong></span> <span class='ocrx_word' id='word_1_21' title='bbox 2540 594 2774 665; x_wconf 88' lang='lat' dir='ltr'><strong>victum,</strong></span> 
     </span>
     <span class='ocr_line' id='line_1_4' title="bbox 710 690 1550 775; baseline -0.012 -18"><span class='ocrx_word' id='word_1_22' title='bbox 710 717 842 775; x_wconf 77' lang='lat' dir='ltr'><strong>quae</strong></span> <span class='ocrx_word' id='word_1_23' title='bbox 872 695 1121 755; x_wconf 76' lang='lat' dir='ltr'><strong>maxima</strong></span> <span class='ocrx_word' id='word_1_24' title='bbox 1150 691 1308 763; x_wconf 78' lang='lat' dir='ltr'><strong>sit,§</strong></span> <span class='ocrx_word' id='word_1_25' title='bbox 1343 690 1550 749; x_wconf 79' lang='lat'><strong>50-52.</strong></span> 
     </span>
    </p>
   </div>
   <div class='ocr_carea' id='block_1_3' title="bbox 792 819 2774 901">
    <p class='ocr_par' dir='ltr' id='par_1_3' title="bbox 792 819 2774 901">
     <span class='ocr_line' id='line_1_5' title="bbox 792 819 2774 901; baseline -0.002 -16"><span class='ocrx_word' id='word_1_26' title='bbox 792 832 919 886; x_wconf 83' lang='lat' dir='ltr'><strong>Hoc</strong></span> <span class='ocrx_word' id='word_1_27' title='bbox 954 834 1148 883; x_wconf 87' lang='lat' dir='ltr'><strong>autem</strong></span> <span class='ocrx_word' id='word_1_28' title='bbox 1176 832 1576 901; x_wconf 75' lang='lat' dir='ltr'>argumentum</span> <span class='ocrx_word' id='word_1_29' title='bbox 1622 838 1829 898; x_wconf 84' lang='lat' dir='ltr'><strong>parum</strong></span> <span class='ocrx_word' id='word_1_30' title='bbox 1863 819 2091 879; x_wconf 80' lang='lat' dir='ltr'><strong>firmum</strong></span> <span class='ocrx_word' id='word_1_31' title='bbox 2128 839 2285 892; x_wconf 82' lang='lat' dir='ltr'><strong>esse,</strong></span> <span class='ocrx_word' id='word_1_32' title='bbox 2329 821 2489 899; x_wconf 90' lang='lat' dir='ltr'><strong>quod</strong></span> <span class='ocrx_word' id='word_1_33' title='bbox 2520 821 2774 900; x_wconf 80' lang='lat' dir='ltr'>improbi</span> 
     </span>
    </p>
   </div>
   <div class='ocr_carea' id='block_1_4' title="bbox 710 916 2779 1091">
    <p class='ocr_par' dir='ltr' id='par_1_4' title="bbox 710 916 2779 1091">
     <span class='ocr_line' id='line_1_6' title="bbox 710 916 2779 995; baseline -0.001 -15"><span class='ocrx_word' id='word_1_34' title='bbox 710 921 1115 982; x_wconf 80' lang='lat' dir='ltr'><strong>excrucientur</strong></span> <span class='ocrx_word' id='word_1_35' title='bbox 1141 919 1315 977; x_wconf 88' lang='lat' dir='ltr'><strong>animi</strong></span> <span class='ocrx_word' id='word_1_36' title='bbox 1343 916 1734 985; x_wconf 80' lang='lat' dir='ltr'><strong>conscientia,</strong></span> <span class='ocrx_word' id='word_1_37' title='bbox 1775 929 1835 974; x_wconf 91' lang='lat' dir='ltr'><strong>et</strong></span> <span class='ocrx_word' id='word_1_38' title='bbox 1874 937 2059 995; x_wconf 83' lang='lat' dir='ltr'><strong>poenae</strong></span> <span class='ocrx_word' id='word_1_39' title='bbox 2088 917 2317 976; x_wconf 90' lang='lat' dir='ltr'><strong>timore.</strong></span> <span class='ocrx_word' id='word_1_40' title='bbox 2353 922 2486 978; x_wconf 83' lang='lat' dir='ltr'><strong>Non</strong></span> <span class='ocrx_word' id='word_1_41' title='bbox 2523 921 2674 977; x_wconf 89' lang='lat' dir='ltr'><strong>enim</strong></span> <span class='ocrx_word' id='word_1_42' title='bbox 2704 920 2779 978; x_wconf 86' lang='lat' dir='ltr'><strong>ti-</strong></span> 
     </span>
     <span class='ocr_line' id='line_1_7' title="bbox 712 1008 2775 1091; baseline -0.003 -17"><span class='ocrx_word' id='word_1_43' title='bbox 712 1016 963 1083; x_wconf 87' lang='lat' dir='ltr'><strong>midum,</strong></span> <span class='ocrx_word' id='word_1_44' title='bbox 998 1012 1186 1091; x_wconf 80' lang='lat' dir='ltr'><strong>qualis</strong></span> <span class='ocrx_word' id='word_1_45' title='bbox 1225 1016 1295 1070; x_wconf 90' lang='lat' dir='ltr'><strong>L.</strong></span> <span class='ocrx_word' id='word_1_46' title='bbox 1325 1009 1629 1078; x_wconf 62' lang='lat' dir='ltr'><strong>Tubulus»,</strong></span> <span class='ocrx_word' id='word_1_47' title='bbox 1672 1008 1774 1069; x_wconf 79' lang='lat' dir='ltr'><strong>sed</strong></span> <span class='ocrx_word' id='word_1_48' title='bbox 1817 1008 2126 1081; x_wconf 88' lang='lat' dir='ltr'><strong>callidum,</strong></span> <span class='ocrx_word' id='word_1_49' title='bbox 2166 1021 2229 1066; x_wconf 86' lang='lat' dir='ltr'><strong>ut</strong></span> <span class='ocrx_word' id='word_1_50' title='bbox 2257 1013 2319 1068; x_wconf 90' lang='lat' dir='ltr'><strong>P.</strong></span> <span class='ocrx_word' id='word_1_51' title='bbox 2362 1014 2522 1070; x_wconf 79' lang='lat' dir='ltr'><strong>Sext.</strong></span> <span class='ocrx_word' id='word_1_52' title='bbox 2559 1011 2775 1081; x_wconf 81' lang='lat' dir='ltr'><strong>Rufus,</strong></span> 
     </span>
    </p>
   </div>
   <div class='ocr_carea' id='block_1_5' title="bbox 703 1106 2780 2152">
    <p class='ocr_par' dir='ltr' id='par_1_5' title="bbox 703 1106 2780 2152">
     <span class='ocr_line' id='line_1_8' title="bbox 714 1106 2777 1191; baseline -0.002 -20"><span class='ocrx_word' id='word_1_53' title='bbox 714 1112 852 1191; x_wconf 78' lang='lat' dir='ltr'><strong>fingi</strong></span> <span class='ocrx_word' id='word_1_54' title='bbox 884 1121 1160 1190; x_wconf 81' lang='lat' dir='ltr'><strong>oportere</strong></span> <span class='ocrx_word' id='word_1_55' title='bbox 1180 1150 1196 1176; x_wconf 89' lang='lat'><strong>‚</strong></span> <span class='ocrx_word' id='word_1_56' title='bbox 1218 1108 1352 1185; x_wconf 90' lang='lat' dir='ltr'><strong>qui,</strong></span> <span class='ocrx_word' id='word_1_57' title='bbox 1379 1106 1615 1165; x_wconf 79' lang='lat' dir='ltr'><strong>utilitati</strong></span> <span class='ocrx_word' id='word_1_58' title='bbox 1652 1106 1883 1165; x_wconf 75' lang='lat' dir='ltr'><strong>inhians</strong></span> <span class='ocrx_word' id='word_1_59' title='bbox 1901 1148 1919 1178; x_wconf 88' lang='lat'>‚</span> <span class='ocrx_word' id='word_1_60' title='bbox 1960 1106 2375 1166; x_wconf 73' lang='lat' dir='ltr'><strong>censcientiam</strong></span> <span class='ocrx_word' id='word_1_61' title='bbox 2400 1107 2547 1166; x_wconf 87' lang='lat' dir='ltr'><strong>nihil</strong></span> <span class='ocrx_word' id='word_1_62' title='bbox 2579 1121 2777 1178; x_wconf 89' lang='lat' dir='ltr'><strong>curet,</strong></span> 
     </span>
     <span class='ocr_line' id='line_1_9' title="bbox 710 1201 2779 1285; baseline -0.001 -19"><span class='ocrx_word' id='word_1_63' title='bbox 710 1216 742 1283; x_wconf 73' lang='lat' dir='ltr'>s</span> <span class='ocrx_word' id='word_1_64' title='bbox 771 1208 976 1267; x_wconf 81' lang='lat'><strong>53-56.</strong></span> <span class='ocrx_word' id='word_1_65' title='bbox 1007 1206 1309 1285; x_wconf 78' lang='lat' dir='ltr'><strong>Epicureis</strong></span> <span class='ocrx_word' id='word_1_66' title='bbox 1331 1204 1526 1282; x_wconf 84' lang='lat' dir='ltr'><strong>igitur,</strong></span> <span class='ocrx_word' id='word_1_67' title='bbox 1546 1203 1650 1281; x_wconf 88' lang='lat' dir='ltr'><strong>qui</strong></span> <span class='ocrx_word' id='word_1_68' title='bbox 1676 1202 1874 1261; x_wconf 91' lang='lat' dir='ltr'><strong>omnia</strong></span> <span class='ocrx_word' id='word_1_69' title='bbox 1891 1201 1965 1260; x_wconf 88' lang='lat' dir='ltr'><strong>ad</strong></span> <span class='ocrx_word' id='word_1_70' title='bbox 1987 1204 2345 1281; x_wconf 86' lang='lat' dir='ltr'><strong>voluptatem</strong></span> <span class='ocrx_word' id='word_1_71' title='bbox 2367 1205 2622 1263; x_wconf 84' lang='lat' dir='ltr'><strong>referant</strong></span> <span class='ocrx_word' id='word_1_72' title='bbox 2640 1246 2657 1273; x_wconf 89' lang='lat'><strong>,</strong></span> <span class='ocrx_word' id='word_1_73' title='bbox 2680 1224 2779 1284; x_wconf 88' lang='lat' dir='ltr'><strong>pe·</strong></span> 
     </span>
     <span class='ocr_line' id='line_1_10' title="bbox 710 1296 2774 1382; baseline -0.002 -18"><span class='ocrx_word' id='word_1_74' title='bbox 710 1306 890 1364; x_wconf 88' lang='lat' dir='ltr'><strong>ricula</strong></span> <span class='ocrx_word' id='word_1_75' title='bbox 923 1302 995 1362; x_wconf 84' lang='lat' dir='ltr'><strong>ad</strong></span> <span class='ocrx_word' id='word_1_76' title='bbox 1022 1321 1257 1382; x_wconf 80' lang='lat' dir='ltr'><strong>magnas</strong></span> <span class='ocrx_word' id='word_1_77' title='bbox 1284 1301 1609 1378; x_wconf 82' lang='lat' dir='ltr'><strong>voluptates</strong></span> <span class='ocrx_word' id='word_1_78' title='bbox 1633 1298 1923 1376; x_wconf 80' lang='lat' dir='ltr'><strong>parandas</strong></span> <span class='ocrx_word' id='word_1_79' title='bbox 1947 1296 2221 1356; x_wconf 83' lang='lat' dir='ltr'><strong>adeunda</strong></span> <span class='ocrx_word' id='word_1_80' title='bbox 2246 1320 2368 1359; x_wconf 85' lang='lat' dir='ltr'><strong>esse</strong></span> <span class='ocrx_word' id='word_1_81' title='bbox 2385 1343 2402 1373; x_wconf 93' lang='lat'><strong>,</strong></span> <span class='ocrx_word' id='word_1_82' title='bbox 2439 1321 2570 1378; x_wconf 82' lang='lat' dir='ltr'><strong>quae</strong></span> <span class='ocrx_word' id='word_1_83' title='bbox 2594 1301 2774 1363; x_wconf 90' lang='lat' dir='ltr'><strong>ceteri</strong></span> 
     </span>
     <span class='ocr_line' id='line_1_11' title="bbox 711 1395 2778 1476; baseline -0.002 -14"><span class='ocrx_word' id='word_1_84' title='bbox 711 1401 1027 1462; x_wconf 79' lang='lat' dir='ltr'><strong>honestatis</strong></span> <span class='ocrx_word' id='word_1_85' title='bbox 1057 1418 1232 1458; x_wconf 85' lang='lat' dir='ltr'><strong>causa</strong></span> <span class='ocrx_word' id='word_1_86' title='bbox 1270 1396 1700 1476; x_wconf 81' lang='lat' dir='ltr'><strong>aggrediantur.</strong></span> <span class='ocrx_word' id='word_1_87' title='bbox 1743 1399 1811 1453; x_wconf 91' lang='lat' dir='ltr'><strong>In</strong></span> <span class='ocrx_word' id='word_1_88' title='bbox 1853 1396 2088 1453; x_wconf 81' lang='lat' dir='ltr'><strong>occuito</strong></span> <span class='ocrx_word' id='word_1_89' title='bbox 2123 1395 2378 1455; x_wconf 84' lang='lat' dir='ltr'><strong>facinore</strong></span> <span class='ocrx_word' id='word_1_90' title='bbox 2410 1398 2778 1476; x_wconf 81' lang='lat' dir='ltr'><strong>gaudebunt3</strong></span> 
     </span>
     <span class='ocr_line' id='line_1_12' title="bbox 703 1492 2778 1579; baseline -0.001 -21"><span class='ocrx_word' id='word_1_91' title='bbox 703 1499 1048 1579; x_wconf 76' lang='lat' dir='ltr'><strong>deprehensi</strong></span> <span class='ocrx_word' id='word_1_92' title='bbox 1072 1516 1301 1577; x_wconf 84' lang='lat' dir='ltr'><strong>poenam</strong></span> <span class='ocrx_word' id='word_1_93' title='bbox 1328 1492 1649 1574; x_wconf 80' lang='lat' dir='ltr'><strong>quamlibet</strong></span> <span class='ocrx_word' id='word_1_94' title='bbox 1668 1504 2060 1565; x_wconf 82' lang='lat' dir='ltr'><strong>contemnent,</strong></span> <span class='ocrx_word' id='word_1_95' title='bbox 2075 1492 2266 1553; x_wconf 83' lang='lat' dir='ltr'><strong>edocti</strong></span> <span class='ocrx_word' id='word_1_96' title='bbox 2283 1495 2501 1554; x_wconf 87' lang='lat' dir='ltr'><strong>scilicet</strong></span> <span class='ocrx_word' id='word_1_97' title='bbox 2529 1496 2605 1554; x_wconf 86' lang='lat' dir='ltr'><strong>ad</strong></span> <span class='ocrx_word' id='word_1_98' title='bbox 2632 1496 2778 1555; x_wconf 91' lang='lat' dir='ltr'><strong>dura</strong></span> 
     </span>
     <span class='ocr_line' id='line_1_13' title="bbox 706 1587 2780 1674; baseline -0.003 -19"><span class='ocrx_word' id='word_1_99' title='bbox 706 1614 1084 1674; x_wconf 77' lang='lat' dir='ltr'><strong>quaecumque</strong></span> <span class='ocrx_word' id='word_1_100' title='bbox 1112 1591 1433 1652; x_wconf 82' lang='lat' dir='ltr'><strong>subeunda.</strong></span> <span class='ocrx_word' id='word_1_101' title='bbox 1461 1595 1591 1649; x_wconf 84' lang='lat' dir='ltr'><strong>Jam</strong></span> <span class='ocrx_word' id='word_1_102' title='bbox 1617 1589 1666 1647; x_wconf 79' lang='lat' dir='ltr'><strong>si</strong></span> <span class='ocrx_word' id='word_1_103' title='bbox 1690 1587 1901 1647; x_wconf 86' lang='lat' dir='ltr'><strong>callide</strong></span> <span class='ocrx_word' id='word_1_104' title='bbox 1926 1587 2229 1666; x_wconf 79' lang='lat' dir='ltr'><strong>improbus</strong></span> <span class='ocrx_word' id='word_1_105' title='bbox 2252 1589 2427 1649; x_wconf 90' lang='lat' dir='ltr'><strong>etiam</strong></span> <span class='ocrx_word' id='word_1_106' title='bbox 2452 1604 2780 1670; x_wconf 81' lang='lat' dir='ltr'><strong>praepotens</strong></span> 
     </span>
     <span class='ocr_line' id='line_1_14' title="bbox 706 1684 2777 1773; baseline -0.003 -20"><span class='ocrx_word' id='word_1_107' title='bbox 706 1695 1023 1773; x_wconf 78' lang='lat' dir='ltr'><strong>cogitetur,</strong></span> <span class='ocrx_word' id='word_1_108' title='bbox 1050 1704 1204 1761; x_wconf 90' lang='lat' dir='ltr'><strong>tum,</strong></span> <span class='ocrx_word' id='word_1_109' title='bbox 1229 1710 1348 1767; x_wconf 87' lang='lat' dir='ltr'><strong>quo</strong></span> <span class='ocrx_word' id='word_1_110' title='bbox 1377 1701 1727 1767; x_wconf 80' lang='lat' dir='ltr'><strong>prorumpat</strong></span> <span class='ocrx_word' id='word_1_111' title='bbox 1756 1684 2107 1764; x_wconf 82' lang='lat' dir='ltr'><strong>improbitas</strong></span> <span class='ocrx_word' id='word_1_112' title='bbox 2126 1729 2142 1756; x_wconf 90' lang='lat'><strong>,</strong></span> <span class='ocrx_word' id='word_1_113' title='bbox 2174 1686 2462 1766; x_wconf 72' lang='lat' dir='ltr'><strong>dispicere</strong></span> <span class='ocrx_word' id='word_1_114' title='bbox 2490 1709 2609 1747; x_wconf 90' lang='lat' dir='ltr'><strong>non</strong></span> <span class='ocrx_word' id='word_1_115' title='bbox 2636 1709 2777 1748; x_wconf 81' lang='lat' dir='ltr'><strong>esse.</strong></span> 
     </span>
     <span class='ocr_line' id='line_1_15' title="bbox 708 1782 2780 1865; baseline -0.002 -14"><span class='ocrx_word' id='word_1_116' title='bbox 708 1793 893 1851; x_wconf 83' lang='lat' dir='ltr'><strong>Multa</strong></span> <span class='ocrx_word' id='word_1_117' title='bbox 917 1789 1087 1848; x_wconf 86' lang='lat' dir='ltr'><strong>etiam</strong></span> <span class='ocrx_word' id='word_1_118' title='bbox 1114 1788 1326 1865; x_wconf 79' lang='lat' dir='ltr'><strong>injuste</strong></span> <span class='ocrx_word' id='word_1_119' title='bbox 1354 1786 1479 1844; x_wconf 86' lang='lat' dir='ltr'><strong>fieri</strong></span> <span class='ocrx_word' id='word_1_120' title='bbox 1506 1805 1711 1863; x_wconf 82' lang='lat' dir='ltr'><strong>posse,</strong></span> <span class='ocrx_word' id='word_1_121' title='bbox 1742 1803 1874 1861; x_wconf 82' lang='lat' dir='ltr'><strong>quae</strong></span> <span class='ocrx_word' id='word_1_122' title='bbox 1899 1782 2265 1862; x_wconf 86' lang='lat' dir='ltr'><strong>deprehendi</strong></span> <span class='ocrx_word' id='word_1_123' title='bbox 2291 1801 2605 1864; x_wconf 85' lang='lat' dir='ltr'><strong>nequeant.</strong></span> <span class='ocrx_word' id='word_1_124' title='bbox 2635 1787 2780 1846; x_wconf 89' lang='lat' dir='ltr'><strong>Inde</strong></span> 
     </span>
     <span class='ocr_line' id='line_1_16' title="bbox 709 1879 2780 1966; baseline -0.002 -18"><span class='ocrx_word' id='word_1_125' title='bbox 709 1909 834 1947; x_wconf 87' lang='lat' dir='ltr'><strong>esse</strong></span> <span class='ocrx_word' id='word_1_126' title='bbox 866 1885 1270 1966; x_wconf 84' lang='lat' dir='ltr'><strong>perspicuum,</strong></span> <span class='ocrx_word' id='word_1_127' title='bbox 1329 1894 1452 1940; x_wconf 89' lang='lat' dir='ltr'><strong>tum</strong></span> <span class='ocrx_word' id='word_1_128' title='bbox 1491 1881 1670 1940; x_wconf 90' lang='lat' dir='ltr'><strong>modo</strong></span> <span class='ocrx_word' id='word_1_129' title='bbox 1714 1882 1903 1939; x_wconf 82' lang='lat' dir='ltr'><strong>virum</strong></span> <span class='ocrx_word' id='word_1_130' title='bbox 1937 1879 2158 1940; x_wconf 89' lang='lat' dir='ltr'><strong>bonum</strong></span> <span class='ocrx_word' id='word_1_131' title='bbox 2205 1902 2374 1961; x_wconf 77' lang='lat' dir='ltr'><strong>posse</strong></span> <span class='ocrx_word' id='word_1_132' title='bbox 2410 1885 2689 1964; x_wconf 88' lang='lat' dir='ltr'><strong>reperiri,</strong></span> <span class='ocrx_word' id='word_1_133' title='bbox 2732 1885 2780 1944; x_wconf 85' lang='lat' dir='ltr'><strong>si</strong></span> 
     </span>
     <span class='ocr_line' id='line_1_17' title="bbox 713 1978 2779 2065; baseline -0.001 -21"><span class='ocrx_word' id='word_1_134' title='bbox 713 1986 983 2065; x_wconf 78' lang='lat' dir='ltr'><strong>aequitas,</strong></span> <span class='ocrx_word' id='word_1_135' title='bbox 1015 1980 1267 2060; x_wconf 82' lang='lat' dir='ltr'><strong>justitia,</strong></span> <span class='ocrx_word' id='word_1_136' title='bbox 1294 1979 1439 2038; x_wconf 82' lang='lat' dir='ltr'><strong>fides</strong></span> <span class='ocrx_word' id='word_1_137' title='bbox 1466 1999 1499 2037; x_wconf 89' lang='lat' dir='ltr'><strong>a</strong></span> <span class='ocrx_word' id='word_1_138' title='bbox 1523 1990 1734 2037; x_wconf 89' lang='lat' dir='ltr'><strong>natura</strong></span> <span class='ocrx_word' id='word_1_139' title='bbox 1761 1978 2233 2056; x_wconf 77' lang='lat' dir='ltr'><strong>proficiscantur,</strong></span> <span class='ocrx_word' id='word_1_140' title='bbox 2256 1993 2434 2059; x_wconf 86' lang='lat' dir='ltr'><strong>atque</strong></span> <span class='ocrx_word' id='word_1_141' title='bbox 2463 1984 2591 2060; x_wconf 81' lang='lat' dir='ltr'><strong>ipsa</strong></span> <span class='ocrx_word' id='word_1_142' title='bbox 2623 1983 2779 2043; x_wconf 88' lang='lat' dir='ltr'><strong>utili-</strong></span> 
     </span>
     <span class='ocr_line' id='line_1_18' title="bbox 717 2075 1901 2152; baseline -0.009 -10"><span class='ocrx_word' id='word_1_143' title='bbox 717 2083 848 2142; x_wconf 80' lang='lat' dir='ltr'><strong>tatis</strong></span> <span class='ocrx_word' id='word_1_144' title='bbox 892 2080 1043 2138; x_wconf 90' lang='lat' dir='ltr'><strong>ratio</strong></span> <span class='ocrx_word' id='word_1_145' title='bbox 1066 2076 1273 2136; x_wconf 89' lang='lat' dir='ltr'><strong>eodem</strong></span> <span class='ocrx_word' id='word_1_146' title='bbox 1301 2075 1617 2147; x_wconf 81' lang='lat' dir='ltr'><strong>referatur,</strong></span> <span class='ocrx_word' id='word_1_147' title='bbox 1638 2080 1669 2147; x_wconf 74' lang='lat'>5</span> <span class='ocrx_word' id='word_1_148' title='bbox 1694 2075 1901 2152; x_wconf 82' lang='lat'><strong>57-59.</strong></span> 
     </span>
    </p>
   </div>
   <div class='ocr_carea' id='block_1_6' title="bbox 719 2207 2782 2580">
    <p class='ocr_par' dir='ltr' id='par_1_6' title="bbox 719 2207 2782 2580">
     <span class='ocr_line' id='line_1_19' title="bbox 796 2207 2782 2291; baseline -0.001 -20"><span class='ocrx_word' id='word_1_149' title='bbox 796 2213 960 2272; x_wconf 87' lang='lat' dir='ltr'><strong>Idem</strong></span> <span class='ocrx_word' id='word_1_150' title='bbox 1004 2212 1197 2270; x_wconf 87' lang='lat' dir='ltr'><strong>valere</strong></span> <span class='ocrx_word' id='word_1_151' title='bbox 1241 2210 1413 2269; x_wconf 82' lang='lat' dir='ltr'><strong>etiam</strong></span> <span class='ocrx_word' id='word_1_152' title='bbox 1448 2210 1523 2269; x_wconf 87' lang='lat' dir='ltr'><strong>de</strong></span> <span class='ocrx_word' id='word_1_153' title='bbox 1563 2207 1968 2285; x_wconf 85' lang='lat' dir='ltr'><strong>temperantia.</strong></span> <span class='ocrx_word' id='word_1_154' title='bbox 2011 2209 2182 2268; x_wconf 87' lang='lat' dir='ltr'><strong>Haud</strong></span> <span class='ocrx_word' id='word_1_155' title='bbox 2214 2209 2353 2270; x_wconf 77' lang='lat' dir='ltr'><strong>satis</strong></span> <span class='ocrx_word' id='word_1_156' title='bbox 2391 2232 2524 2271; x_wconf 88' lang='lat' dir='ltr'><strong>eum</strong></span> <span class='ocrx_word' id='word_1_157' title='bbox 2567 2213 2782 2291; x_wconf 87' lang='lat' dir='ltr'><strong>pudori</strong></span> 
     </span>
     <span class='ocr_line' id='line_1_20' title="bbox 719 2305 2779 2386; baseline -0.001 -17"><span class='ocrx_word' id='word_1_158' title='bbox 719 2310 1045 2382; x_wconf 83' lang='lat' dir='ltr'><strong>consulere,</strong></span> <span class='ocrx_word' id='word_1_159' title='bbox 1070 2307 1173 2386; x_wconf 90' lang='lat' dir='ltr'><strong>qui</strong></span> <span class='ocrx_word' id='word_1_160' title='bbox 1205 2320 1329 2365; x_wconf 89' lang='lat' dir='ltr'><strong>tum</strong></span> <span class='ocrx_word' id='word_1_161' title='bbox 1349 2348 1367 2377; x_wconf 85' lang='lat'><strong>,</strong></span> <span class='ocrx_word' id='word_1_162' title='bbox 1399 2325 1576 2383; x_wconf 89' lang='lat' dir='ltr'><strong>quum</strong></span> <span class='ocrx_word' id='word_1_163' title='bbox 1607 2306 1735 2364; x_wconf 86' lang='lat' dir='ltr'><strong>sine</strong></span> <span class='ocrx_word' id='word_1_164' title='bbox 1769 2318 1911 2364; x_wconf 89' lang='lat' dir='ltr'><strong>teste</strong></span> <span class='ocrx_word' id='word_1_165' title='bbox 1941 2306 2042 2377; x_wconf 86' lang='lat' dir='ltr'><strong>sit,</strong></span> <span class='ocrx_word' id='word_1_166' title='bbox 2083 2305 2310 2366; x_wconf 89' lang='lat' dir='ltr'><strong>libidini</strong></span> <span class='ocrx_word' id='word_1_167' title='bbox 2343 2328 2407 2367; x_wconf 83' lang='lat' dir='ltr'><strong>se</strong></span> <span class='ocrx_word' id='word_1_168' title='bbox 2442 2311 2779 2368; x_wconf 79' lang='lat' dir='ltr'><strong>committat.</strong></span> 
     </span>
     <span class='ocr_line' id='line_1_21' title="bbox 720 2404 2782 2483; baseline -0.003 -13"><span class='ocrx_word' id='word_1_169' title='bbox 720 2415 858 2470; x_wconf 82' lang='lat' dir='ltr'><strong>Esse</strong></span> <span class='ocrx_word' id='word_1_170' title='bbox 897 2409 1051 2467; x_wconf 89' lang='lat' dir='ltr'><strong>enim</strong></span> <span class='ocrx_word' id='word_1_171' title='bbox 1093 2404 1312 2483; x_wconf 87' lang='lat' dir='ltr'><strong>aliquid</strong></span> <span class='ocrx_word' id='word_1_172' title='bbox 1333 2451 1350 2479; x_wconf 90' lang='lat'><strong>,</strong></span> <span class='ocrx_word' id='word_1_173' title='bbox 1384 2404 1543 2481; x_wconf 89' lang='lat' dir='ltr'><strong>quod</strong></span> <span class='ocrx_word' id='word_1_174' title='bbox 1576 2423 1687 2482; x_wconf 91' lang='lat' dir='ltr'><strong>per</strong></span> <span class='ocrx_word' id='word_1_175' title='bbox 1718 2423 1780 2462; x_wconf 86' lang='lat' dir='ltr'><strong>se</strong></span> <span class='ocrx_word' id='word_1_176' title='bbox 1812 2404 1885 2462; x_wconf 89' lang='lat' dir='ltr'><strong>sit</strong></span> <span class='ocrx_word' id='word_1_177' title='bbox 1915 2404 2290 2482; x_wconf 85' lang='lat' dir='ltr'><strong>flagitiosum,</strong></span> <span class='ocrx_word' id='word_1_178' title='bbox 2329 2406 2376 2463; x_wconf 84' lang='lat' dir='ltr'><strong>si</strong></span> <span class='ocrx_word' id='word_1_179' title='bbox 2416 2407 2507 2464; x_wconf 83' lang='lat' dir='ltr'><strong>vel</strong></span> <span class='ocrx_word' id='word_1_180' title='bbox 2544 2406 2782 2464; x_wconf 88' lang='lat' dir='ltr'><strong>infamia</strong></span> 
     </span>
     <span class='ocr_line' id='line_1_22' title="bbox 720 2500 2781 2580; baseline -0.002 -15"><span class='ocrx_word' id='word_1_181' title='bbox 720 2520 933 2567; x_wconf 87' lang='lat' dir='ltr'><strong>careat.</strong></span> <span class='ocrx_word' id='word_1_182' title='bbox 972 2501 1394 2564; x_wconf 86' lang='lat' dir='ltr'><strong>Fortitudinem</strong></span> <span class='ocrx_word' id='word_1_183' title='bbox 1432 2514 1625 2561; x_wconf 87' lang='lat' dir='ltr'><strong>autem</strong></span> <span class='ocrx_word' id='word_1_184' title='bbox 1657 2521 1773 2559; x_wconf 89' lang='lat' dir='ltr'><strong>non</strong></span> <span class='ocrx_word' id='word_1_185' title='bbox 1806 2500 2170 2579; x_wconf 85' lang='lat' dir='ltr'><strong>voluptatum</strong></span> <span class='ocrx_word' id='word_1_186' title='bbox 2204 2520 2308 2579; x_wconf 85' lang='lat' dir='ltr'><strong>spe</strong></span> <span class='ocrx_word' id='word_1_187' title='bbox 2348 2514 2407 2560; x_wconf 90' lang='lat' dir='ltr'><strong>et</strong></span> <span class='ocrx_word' id='word_1_188' title='bbox 2433 2500 2781 2580; x_wconf 85' lang='lat' dir='ltr'><strong>cogitatione</strong></span> 
     </span>
    </p>
   </div>
   <div class='ocr_carea' id='block_1_7' title="bbox 724 2595 2781 2770">
    <p class='ocr_par' dir='ltr' id='par_1_7' title="bbox 724 2595 2781 2770">
     <span class='ocr_line' id='line_1_23' title="bbox 724 2595 2781 2673; baseline -0.001 -12"><span class='ocrx_word' id='word_1_189' title='bbox 724 2603 963 2661; x_wconf 80' lang='lat' dir='ltr'><strong>excitari</strong></span> <span class='ocrx_word' id='word_1_190' title='bbox 985 2645 1002 2672; x_wconf 88' lang='lat'><strong>,</strong></span> <span class='ocrx_word' id='word_1_191' title='bbox 1064 2599 1165 2659; x_wconf 82' lang='lat' dir='ltr'><strong>sed</strong></span> <span class='ocrx_word' id='word_1_192' title='bbox 1217 2598 1420 2657; x_wconf 83' lang='lat' dir='ltr'><strong>animis</strong></span> <span class='ocrx_word' id='word_1_193' title='bbox 1478 2597 1689 2657; x_wconf 86' lang='lat' dir='ltr'><strong>ardore</strong></span> <span class='ocrx_word' id='word_1_194' title='bbox 1735 2609 1795 2654; x_wconf 90' lang='lat' dir='ltr'><strong>et</strong></span> <span class='ocrx_word' id='word_1_195' title='bbox 1847 2595 2068 2670; x_wconf 87' lang='lat' dir='ltr'><strong>impetu</strong></span> <span class='ocrx_word' id='word_1_196' title='bbox 2125 2595 2378 2673; x_wconf 87' lang='lat' dir='ltr'><strong>quodam</strong></span> <span class='ocrx_word' id='word_1_197' title='bbox 2445 2598 2781 2670; x_wconf 77' lang='lat' dir='ltr'><strong>concitatis,</strong></span> 
     </span>
     <span class='ocr_line' id='line_1_24' title="bbox 726 2697 992 2770; baseline -0.004 -16"><span class='ocrx_word' id='word_1_198' title='bbox 726 2705 758 2770; x_wconf 69' lang='grc' dir='ltr'><strong>ς</strong></span> <span class='ocrx_word' id='word_1_199' title='bbox 786 2697 992 2754; x_wconf 81' lang='lat'><strong>60-63.</strong></span> 
     </span>
    </p>
   </div>
   <div class='ocr_carea' id='block_1_8' title="bbox 725 2825 2783 3298">
    <p class='ocr_par' dir='ltr' id='par_1_8' title="bbox 725 2825 2783 3298">
     <span class='ocr_line' id='line_1_25' title="bbox 805 2825 2781 2907; baseline -0.002 -18"><span class='ocrx_word' id='word_1_200' title='bbox 805 2838 884 2889; x_wconf 81' lang='lat' dir='ltr'><strong>At</strong></span> <span class='ocrx_word' id='word_1_201' title='bbox 912 2826 1155 2907; x_wconf 87' lang='lat' dir='ltr'><strong>pulchra</strong></span> <span class='ocrx_word' id='word_1_202' title='bbox 1184 2830 1551 2904; x_wconf 87' lang='lat' dir='ltr'><strong>Torquatum</strong></span> <span class='ocrx_word' id='word_1_203' title='bbox 1578 2826 1845 2885; x_wconf 89' lang='lat' dir='ltr'><strong>oratione</strong></span> <span class='ocrx_word' id='word_1_204' title='bbox 1872 2826 2110 2886; x_wconf 86' lang='lat' dir='ltr'><strong>summis</strong></span> <span class='ocrx_word' id='word_1_205' title='bbox 2135 2825 2561 2905; x_wconf 82' lang='lat' dir='ltr'><strong>voluptatibus,</strong></span> <span class='ocrx_word' id='word_1_206' title='bbox 2588 2825 2781 2885; x_wconf 85' lang='lat' dir='ltr'><strong>nulla—</strong></span> 
     </span>
     <span class='ocr_line' id='line_1_26' title="bbox 725 2922 2780 3007; baseline -0.002 -21"><span class='ocrx_word' id='word_1_207' title='bbox 725 2949 840 3007; x_wconf 89' lang='lat' dir='ltr'><strong>que</strong></span> <span class='ocrx_word' id='word_1_208' title='bbox 878 2946 973 2996; x_wconf 88' lang='lat' dir='ltr'><strong>re,</strong></span> <span class='ocrx_word' id='word_1_209' title='bbox 1020 2945 1127 2984; x_wconf 85' lang='lat' dir='ltr'><strong>nec</strong></span> <span class='ocrx_word' id='word_1_210' title='bbox 1162 2923 1466 3002; x_wconf 80' lang='lat' dir='ltr'><strong>praesenti,</strong></span> <span class='ocrx_word' id='word_1_211' title='bbox 1511 2942 1621 2981; x_wconf 86' lang='lat' dir='ltr'><strong>nec</strong></span> <span class='ocrx_word' id='word_1_212' title='bbox 1662 2922 1857 2982; x_wconf 84' lang='lat' dir='ltr'><strong>futura</strong></span> <span class='ocrx_word' id='word_1_213' title='bbox 1902 2923 2185 2996; x_wconf 87' lang='lat' dir='ltr'><strong>turbatis,</strong></span> <span class='ocrx_word' id='word_1_214' title='bbox 2225 2923 2597 2997; x_wconf 85' lang='lat' dir='ltr'><strong>affluentem,</strong></span> <span class='ocrx_word' id='word_1_215' title='bbox 2648 2944 2780 2983; x_wconf 90' lang='lat' dir='ltr'><strong>cum</strong></span> 
     </span>
     <span class='ocr_line' id='line_1_27' title="bbox 726 3021 2781 3102; baseline -0.001 -17"><span class='ocrx_word' id='word_1_216' title='bbox 726 3024 1078 3085; x_wconf 87' lang='lat' dir='ltr'><strong>cruciatibus</strong></span> <span class='ocrx_word' id='word_1_217' title='bbox 1103 3021 1375 3081; x_wconf 87' lang='lat' dir='ltr'><strong>omnibus</strong></span> <span class='ocrx_word' id='word_1_218' title='bbox 1401 3022 1639 3092; x_wconf 87' lang='lat' dir='ltr'><strong>afflicto,</strong></span> <span class='ocrx_word' id='word_1_219' title='bbox 1662 3023 1756 3081; x_wconf 90' lang='lat' dir='ltr'><strong>cui</strong></span> <span class='ocrx_word' id='word_1_220' title='bbox 1777 3044 1850 3083; x_wconf 88' lang='lat' dir='ltr'><strong>ne</strong></span> <span class='ocrx_word' id='word_1_221' title='bbox 1877 3037 2107 3102; x_wconf 83' lang='lat' dir='ltr'><strong>sperata</strong></span> <span class='ocrx_word' id='word_1_222' title='bbox 2131 3023 2366 3102; x_wconf 88' lang='lat' dir='ltr'><strong>quidem</strong></span> <span class='ocrx_word' id='word_1_223' title='bbox 2390 3022 2660 3102; x_wconf 82' lang='lat' dir='ltr'><strong>voluptas</strong></span> <span class='ocrx_word' id='word_1_224' title='bbox 2679 3024 2781 3096; x_wconf 82' lang='lat' dir='ltr'><strong>sit,</strong></span> 
     </span>
     <span class='ocr_line' id='line_1_28' title="bbox 725 3118 2780 3201; baseline -0.003 -19"><span class='ocrx_word' id='word_1_225' title='bbox 725 3122 1119 3201; x_wconf 78' lang='lat' dir='ltr'><strong>composuisse</strong></span> <span class='ocrx_word' id='word_1_226' title='bbox 1135 3163 1153 3193; x_wconf 92' lang='lat'>‚</span> <span class='ocrx_word' id='word_1_227' title='bbox 1172 3131 1239 3177; x_wconf 90' lang='lat' dir='ltr'><strong>ut</strong></span> <span class='ocrx_word' id='word_1_228' title='bbox 1258 3136 1546 3178; x_wconf 76' lang='lat' dir='ltr'><strong>summum</strong></span> <span class='ocrx_word' id='word_1_229' title='bbox 1568 3118 1784 3179; x_wconf 88' lang='lat' dir='ltr'><strong>malum</strong></span> <span class='ocrx_word' id='word_1_230' title='bbox 1807 3121 2073 3181; x_wconf 88' lang='lat' dir='ltr'><strong>dolorem</strong></span> <span class='ocrx_word' id='word_1_231' title='bbox 2090 3165 2107 3195; x_wconf 93' lang='lat'><strong>,</strong></span> <span class='ocrx_word' id='word_1_232' title='bbox 2135 3139 2538 3198; x_wconf 84' lang='lat' dir='ltr'><strong>summumque</strong></span> <span class='ocrx_word' id='word_1_233' title='bbox 2564 3118 2780 3177; x_wconf 85' lang='lat' dir='ltr'><strong>bonum</strong></span> 
     </span>
     <span class='ocr_line' id='line_1_29' title="bbox 731 3215 2783 3298; baseline -0.002 -20"><span class='ocrx_word' id='word_1_234' title='bbox 731 3222 1084 3297; x_wconf 84' lang='lat' dir='ltr'><strong>voluptatem</strong></span> <span class='ocrx_word' id='word_1_235' title='bbox 1116 3236 1240 3276; x_wconf 76' lang='lat' dir='ltr'><strong>esse</strong></span> <span class='ocrx_word' id='word_1_236' title='bbox 1280 3215 1686 3290; x_wconf 52' lang='lat' dir='ltr'><strong>concluderem</strong></span> <span class='ocrx_word' id='word_1_237' title='bbox 1722 3218 1825 3277; x_wconf 74' lang='lat' dir='ltr'><strong>sed</strong></span> <span class='ocrx_word' id='word_1_238' title='bbox 1862 3220 2091 3278; x_wconf 84' lang='lat' dir='ltr'><strong>ratione</strong></span> <span class='ocrx_word' id='word_1_239' title='bbox 2119 3238 2328 3298; x_wconf 85' lang='lat' dir='ltr'><strong>parum</strong></span> <span class='ocrx_word' id='word_1_240' title='bbox 2373 3237 2527 3277; x_wconf 81' lang='lat' dir='ltr'><strong>vera.</strong></span> <span class='ocrx_word' id='word_1_241' title='bbox 2559 3216 2783 3277; x_wconf 90' lang='lat' dir='ltr'><strong>Thorio</strong></span> 
     </span>
    </p>
   </div>
   <div class='ocr_carea' id='block_1_9' title="bbox 648 3308 2928 3490">
    <p class='ocr_par' dir='ltr' id='par_1_9' title="bbox 648 3308 2928 3490">
     <span class='ocr_line' id='line_1_30' title="bbox 727 3308 2928 3393; baseline -0.001 -19"><span class='ocrx_word' id='word_1_242' title='bbox 727 3316 881 3375; x_wconf 84' lang='lat' dir='ltr'><strong>enim</strong></span> <span class='ocrx_word' id='word_1_243' title='bbox 922 3313 1135 3385; x_wconf 86' lang='lat' dir='ltr'><strong>Balbo,</strong></span> <span class='ocrx_word' id='word_1_244' title='bbox 1176 3313 1279 3392; x_wconf 89' lang='lat' dir='ltr'><strong>qui</strong></span> <span class='ocrx_word' id='word_1_245' title='bbox 1311 3312 1403 3372; x_wconf 79' lang='lat' dir='ltr'><strong>his</strong></span> <span class='ocrx_word' id='word_1_246' title='bbox 1439 3312 1712 3373; x_wconf 78' lang='lat' dir='ltr'><strong>omnibus</strong></span> <span class='ocrx_word' id='word_1_247' title='bbox 1756 3313 2101 3384; x_wconf 85' lang='lat' dir='ltr'><strong>abundarit,</strong></span> <span class='ocrx_word' id='word_1_248' title='bbox 2148 3315 2211 3373; x_wconf 89' lang='lat' dir='ltr'><strong>in</strong></span> <span class='ocrx_word' id='word_1_249' title='bbox 2243 3313 2457 3393; x_wconf 77' lang='lat' dir='ltr'><strong>quihus</strong></span> <span class='ocrx_word' id='word_1_250' title='bbox 2499 3314 2785 3392; x_wconf 86' lang='lat' dir='ltr'><strong>Epicurus</strong></span> <span class='ocrx_word' id='word_1_251' title='bbox 2893 3308 2928 3383; x_wconf 54' lang='lat' dir='ltr'><em>f</em></span> 
     </span>
     <span class='ocr_line' id='line_1_31' title="bbox 648 3408 2784 3490; baseline -0.002 -19"><span class='ocrx_word' id='word_1_252' title='bbox 648 3440 653 3445; x_wconf 83' lang='lat'><strong>·</strong></span> <span class='ocrx_word' id='word_1_253' title='bbox 732 3412 959 3471; x_wconf 86' lang='lat' dir='ltr'><strong>beatam</strong></span> <span class='ocrx_word' id='word_1_254' title='bbox 984 3410 1161 3470; x_wconf 86' lang='lat' dir='ltr'><strong>vitam</strong></span> <span class='ocrx_word' id='word_1_255' title='bbox 1183 3409 1457 3489; x_wconf 78' lang='lat' dir='ltr'><strong>sapientis</strong></span> <span class='ocrx_word' id='word_1_256' title='bbox 1485 3425 1666 3490; x_wconf 90' lang='lat' dir='ltr'><strong>ponat</strong></span> <span class='ocrx_word' id='word_1_257' title='bbox 1683 3455 1699 3484; x_wconf 91' lang='lat'><strong>,</strong></span> <span class='ocrx_word' id='word_1_258' title='bbox 1727 3410 1914 3489; x_wconf 86' lang='lat' dir='ltr'><strong>iisque</strong></span> <span class='ocrx_word' id='word_1_259' title='bbox 1941 3412 2024 3470; x_wconf 90' lang='lat' dir='ltr'><strong>ita</strong></span> <span class='ocrx_word' id='word_1_260' title='bbox 2045 3430 2185 3470; x_wconf 78' lang='lat' dir='ltr'><strong>usus</strong></span> <span class='ocrx_word' id='word_1_261' title='bbox 2209 3411 2313 3483; x_wconf 85' lang='lat' dir='ltr'><strong>sit,</strong></span> <span class='ocrx_word' id='word_1_262' title='bbox 2342 3423 2409 3470; x_wconf 92' lang='lat' dir='ltr'><strong>ut</strong></span> <span class='ocrx_word' id='word_1_263' title='bbox 2430 3408 2605 3486; x_wconf 77' lang='lat' dir='ltr'><strong>hujus</strong></span> <span class='ocrx_word' id='word_1_264' title='bbox 2630 3410 2784 3469; x_wconf 85' lang='lat' dir='ltr'><strong>ratio</strong></span> 
     </span>
    </p>
   </div>
   <div class='ocr_carea' id='block_1_10' title="bbox 729 3506 2786 3880">
    <p class='ocr_par' dir='ltr' id='par_1_10' title="bbox 729 3506 2786 3880">
     <span class='ocr_line' id='line_1_32' title="bbox 731 3506 2785 3585; baseline -0.001 -16"><span class='ocrx_word' id='word_1_265' title='bbox 731 3528 862 3569; x_wconf 88' lang='lat' dir='ltr'><strong>eum</strong></span> <span class='ocrx_word' id='word_1_266' title='bbox 883 3507 1053 3567; x_wconf 87' lang='lat' dir='ltr'><strong>beate</strong></span> <span class='ocrx_word' id='word_1_267' title='bbox 1078 3506 1285 3567; x_wconf 76' lang='lat' dir='ltr'><strong>vixisse</strong></span> <span class='ocrx_word' id='word_1_268' title='bbox 1308 3519 1480 3585; x_wconf 85' lang='lat' dir='ltr'><strong>cogat</strong></span> <span class='ocrx_word' id='word_1_269' title='bbox 1494 3551 1511 3581; x_wconf 91' lang='lat'><strong>,</strong></span> <span class='ocrx_word' id='word_1_270' title='bbox 1533 3520 1724 3571; x_wconf 91' lang='lat' dir='ltr'><strong>tamen</strong></span> <span class='ocrx_word' id='word_1_271' title='bbox 1740 3509 1923 3567; x_wconf 83' lang='lat' dir='ltr'><strong>multo</strong></span> <span class='ocrx_word' id='word_1_272' title='bbox 1941 3507 2258 3567; x_wconf 86' lang='lat' dir='ltr'><strong>beatiorem</strong></span> <span class='ocrx_word' id='word_1_273' title='bbox 2284 3506 2458 3566; x_wconf 77' lang='lat' dir='ltr'><strong>fuisse</strong></span> <span class='ocrx_word' id='word_1_274' title='bbox 2477 3508 2785 3585; x_wconf 83' lang='lat' dir='ltr'><strong>Regulum,</strong></span> 
     </span>
     <span class='ocr_line' id='line_1_33' title="bbox 729 3603 2786 3685; baseline -0.001 -20"><span class='ocrx_word' id='word_1_275' title='bbox 729 3626 908 3685; x_wconf 90' lang='lat' dir='ltr'><strong>quum</strong></span> <span class='ocrx_word' id='word_1_276' title='bbox 932 3608 1083 3664; x_wconf 89' lang='lat' dir='ltr'><strong>inter</strong></span> <span class='ocrx_word' id='word_1_277' title='bbox 1102 3605 1334 3662; x_wconf 84' lang='lat' dir='ltr'><strong>ultimos</strong></span> <span class='ocrx_word' id='word_1_278' title='bbox 1353 3603 1643 3662; x_wconf 77' lang='lat' dir='ltr'><strong>cruciatus</strong></span> <span class='ocrx_word' id='word_1_279' title='bbox 1663 3603 1957 3682; x_wconf 81' lang='lat' dir='ltr'><strong>vigilando</strong></span> <span class='ocrx_word' id='word_1_280' title='bbox 1981 3617 2316 3664; x_wconf 81' lang='lat' dir='ltr'><strong>necaretur:</strong></span> <span class='ocrx_word' id='word_1_281' title='bbox 2339 3605 2637 3682; x_wconf 86' lang='lat' dir='ltr'><strong>multaque</strong></span> <span class='ocrx_word' id='word_1_282' title='bbox 2662 3624 2786 3663; x_wconf 60' lang='grc' dir='ltr'><strong>ωδε</strong></span> 
     </span>
     <span class='ocr_line' id='line_1_34' title="bbox 729 3700 2786 3782; baseline -0 -20"><span class='ocrx_word' id='word_1_283' title='bbox 729 3704 991 3782; x_wconf 84' lang='lat' dir='ltr'><strong>exempla</strong></span> <span class='ocrx_word' id='word_1_284' title='bbox 1018 3702 1307 3761; x_wconf 82' lang='lat' dir='ltr'><strong>clarorum</strong></span> <span class='ocrx_word' id='word_1_285' title='bbox 1350 3700 1650 3759; x_wconf 86' lang='lat' dir='ltr'><strong>hominum</strong></span> <span class='ocrx_word' id='word_1_286' title='bbox 1666 3745 1683 3774; x_wconf 91' lang='lat'><strong>,</strong></span> <span class='ocrx_word' id='word_1_287' title='bbox 1712 3701 1864 3761; x_wconf 85' lang='lat' dir='ltr'><strong>inter</strong></span> <span class='ocrx_word' id='word_1_288' title='bbox 1898 3723 2154 3762; x_wconf 85' lang='lat' dir='ltr'><strong>summos</strong></span> <span class='ocrx_word' id='word_1_289' title='bbox 2195 3703 2351 3782; x_wconf 82' lang='lat' dir='ltr'><strong>ipsos</strong></span> <span class='ocrx_word' id='word_1_290' title='bbox 2393 3703 2626 3762; x_wconf 82' lang='lat' dir='ltr'><strong>dolores</strong></span> <span class='ocrx_word' id='word_1_291' title='bbox 2664 3703 2786 3762; x_wconf 84' lang='lat' dir='ltr'><strong>sine</strong></span> 
     </span>
     <span class='ocr_line' id='line_1_35' title="bbox 731 3798 2785 3880; baseline -0.001 -22"><span class='ocrx_word' id='word_1_292' title='bbox 731 3801 1043 3878; x_wconf 79' lang='lat' dir='ltr'><strong>voluptatis</strong></span> <span class='ocrx_word' id='word_1_293' title='bbox 1069 3818 1260 3877; x_wconf 74' lang='lat' dir='ltr'><strong>spese</strong></span> <span class='ocrx_word' id='word_1_294' title='bbox 1288 3798 1492 3857; x_wconf 81' lang='lat' dir='ltr'><strong>beatos</strong></span> <span class='ocrx_word' id='word_1_295' title='bbox 1521 3799 1926 3858; x_wconf 88' lang='lat' dir='ltr'><strong>sentientium:</strong></span> <span class='ocrx_word' id='word_1_296' title='bbox 1950 3820 2083 3878; x_wconf 78' lang='lat' dir='ltr'><strong>quae</strong></span> <span class='ocrx_word' id='word_1_297' title='bbox 2107 3812 2210 3859; x_wconf 88' lang='lat' dir='ltr'><strong>aut</strong></span> <span class='ocrx_word' id='word_1_298' title='bbox 2235 3800 2621 3880; x_wconf 85' lang='lat' dir='ltr'><strong>vituperanda</strong></span> <span class='ocrx_word' id='word_1_299' title='bbox 2653 3801 2785 3874; x_wconf 84' lang='lat' dir='ltr'><strong>sint,</strong></span> 
     </span>
    </p>
   </div>
   <div class='ocr_carea' id='block_1_11' title="bbox 730 3893 2948 4073">
    <p class='ocr_par' dir='ltr' id='par_1_11' title="bbox 730 3893 2948 4073">
     <span class='ocr_line' id='line_1_36' title="bbox 731 3893 2948 3976; baseline -0.001 -19"><span class='ocrx_word' id='word_1_300' title='bbox 731 3908 833 3957; x_wconf 85' lang='lat' dir='ltr'><strong>aut</strong></span> <span class='ocrx_word' id='word_1_301' title='bbox 876 3895 1184 3974; x_wconf 78' lang='lat' dir='ltr'><strong>voluptatis</strong></span> <span class='ocrx_word' id='word_1_302' title='bbox 1225 3893 1618 3973; x_wconf 88' lang='lat' dir='ltr'><strong>patrocinium</strong></span> <span class='ocrx_word' id='word_1_303' title='bbox 1666 3895 2132 3975; x_wconf 87' lang='lat' dir='ltr'><strong>relinquendum.</strong></span> <span class='ocrx_word' id='word_1_304' title='bbox 2174 3897 2265 3957; x_wconf 69' lang='lat' dir='ltr'><strong>Ad</strong></span> <span class='ocrx_word' id='word_1_305' title='bbox 2311 3897 2550 3976; x_wconf 86' lang='lat' dir='ltr'><strong>Epicuri</strong></span> <span class='ocrx_word' id='word_1_306' title='bbox 2596 3909 2783 3956; x_wconf 87' lang='lat' dir='ltr'><strong>autem</strong></span> <span class='ocrx_word' id='word_1_307' title='bbox 2889 3956 2900 3969; x_wconf 48' lang='grc'><strong>,,</strong></span> <span class='ocrx_word' id='word_1_308' title='bbox 2939 3926 2948 3933; x_wconf 90' lang='grc'>-</span> 
     </span>
     <span class='ocr_line' id='line_1_37' title="bbox 730 3988 2894 4073; baseline -0.002 -19"><span class='ocrx_word' id='word_1_309' title='bbox 730 3995 1012 4054; x_wconf 85' lang='lat' dir='ltr'><strong>rationem</strong></span> <span class='ocrx_word' id='word_1_310' title='bbox 1034 4036 1050 4062; x_wconf 90' lang='lat'>‚</span> <span class='ocrx_word' id='word_1_311' title='bbox 1084 4010 1159 4049; x_wconf 89' lang='lat' dir='ltr'><strong>ne</strong></span> <span class='ocrx_word' id='word_1_312' title='bbox 1186 3991 1355 4071; x_wconf 78' lang='lat' dir='ltr'><strong>unius</strong></span> <span class='ocrx_word' id='word_1_313' title='bbox 1387 3988 1626 4069; x_wconf 83' lang='lat' dir='ltr'><strong>quidem</strong></span> <span class='ocrx_word' id='word_1_314' title='bbox 1651 3994 1848 4070; x_wconf 88' lang='lat' dir='ltr'><strong>magni</strong></span> <span class='ocrx_word' id='word_1_315' title='bbox 1876 3993 1985 4052; x_wconf 83' lang='lat' dir='ltr'><strong>viri</strong></span> <span class='ocrx_word' id='word_1_316' title='bbox 2015 3993 2340 4071; x_wconf 85' lang='lat' dir='ltr'><strong>exemplum</strong></span> <span class='ocrx_word' id='word_1_317' title='bbox 2369 3995 2480 4052; x_wconf 85' lang='lat' dir='ltr'><strong>rite</strong></span> <span class='ocrx_word' id='word_1_318' title='bbox 2503 3994 2784 4073; x_wconf 85' lang='lat' dir='ltr'><strong>applicari</strong></span> <span class='ocrx_word' id='word_1_319' title='bbox 2887 4044 2894 4049; x_wconf 79' lang='grc'>.</span> 
     </span>
    </p>
   </div>
   <div class='ocr_carea' id='block_1_12' title="bbox 729 4086 2780 4173">
    <p class='ocr_par' dir='ltr' id='par_1_12' title="bbox 729 4086 2780 4173">
     <span class='ocr_line' id='line_1_38' title="bbox 729 4086 2780 4173; baseline 0 -23"><span class='ocrx_word' id='word_1_320' title='bbox 729 4111 931 4173; x_wconf 75' lang='lat' dir='ltr'><strong>posse,</strong></span> <span class='ocrx_word' id='word_1_321' title='bbox 996 4086 1263 4161; x_wconf 75' lang='lat'><strong>§63-67.</strong></span> <span class='ocrx_word' id='word_1_322' title='bbox 1322 4089 1483 4144; x_wconf 83' lang='lat' dir='ltr'><strong>Inter</strong></span> <span class='ocrx_word' id='word_1_323' title='bbox 1521 4087 1752 4146; x_wconf 74' lang='lat' dir='ltr'><strong>Stoicos</strong></span> <span class='ocrx_word' id='word_1_324' title='bbox 1803 4102 1863 4147; x_wconf 90' lang='lat' dir='ltr'><strong>et</strong></span> <span class='ocrx_word' id='word_1_325' title='bbox 1905 4087 2315 4165; x_wconf 77' lang='lat' dir='ltr'><strong>Peripateticos</strong></span> <span class='ocrx_word' id='word_1_326' title='bbox 2355 4090 2665 4150; x_wconf 84' lang='lat' dir='ltr'><strong>honestum</strong></span> <span class='ocrx_word' id='word_1_327' title='bbox 2722 4106 2780 4151; x_wconf 89' lang='lat' dir='ltr'><strong>et</strong></span> 
     </span>
    </p>
   </div>
  </div>
 </body>
</html>
