3217 4784
629 410 776 483 232·

1296 421 1392 487 M.
1442 420 1521 485 T.
1575 418 2066 486 CICERONIS

622 535 748 606 bat
770 538 803 606 Ξ)
825 540 1003 607 Nam
1034 536 1162 607 ubi
1186 561 1340 608 eam
1372 548 1764 635 caperet¹⁰‚
1786 552 1911 608 aut
1939 534 2255 635 quand0‚
2286 561 2518 634 quum
2544 540 2758 610 sciret

624 645 1006 717 confestim
1056 671 1208 718 esse
1260 646 1753 734 moriendum,
1806 669 2111 742 eamque
2146 660 2455 717 mortem
2498 646 2755 718 arden-

619 756 805 826 tiore
848 755 1090 827 studio
1136 770 1451 854 peteret,
1495 781 1713 854 quam
1751 757 2103 855 Epicurus
2150 755 2593 854 voluptatem
2628 780 2754 855 pe-

620 863 913 934 tendam
950 867 1206 961 putat?
1262 863 1480 957 Quod
1531 865 1827 962 quidem
1871 866 2025 960 ejus
2080 864 2346 936 factum
2395 867 2534 936 nisi
2571 880 2756 937 esset

615 973 781 1067 jure
826 970 1233 1061 laudatum,
1275 999 1428 1045 non
1482 989 1669 1046 esset
1715 976 2035 1045 imitatus
2081 990 2343 1071 quarto
2378 976 2754 1046 consulatu

621 1107 755 1153 suo
789 1081 1026 1171 filius3
1065 1109 1308 1183 neque
1351 1110 1575 1183 porro
1620 1109 1710 1156 ex
1747 1108 1836 1155 eo
1889 1099 2098 1155 natus
2124 1093 2211 1173 ¹¹,
2265 1109 2428 1154 cum
2476 1084 2753 1181 Pyrrho

619 1189 892 1261 bellum
929 1217 1219 1291 gerens,
1265 1194 1522 1265 consul
1566 1192 1938 1265 cecidisset
1990 1195 2068 1263 in
2119 1194 2404 1292 praelio,
2448 1182 2670 1292 seque
2714 1219 2758 1264 e

618 1304 1017 1373 continenti
1043 1328 1304 1401 genere
1331 1306 1613 1376 tertiam
1643 1304 2008 1374 victimam
2038 1315 2097 1346 ¹²
2128 1303 2545 1401 reipublicae
2576 1329 2757 1402 prae·

515 1434 582 1484 62
621 1410 914 1484 buisset.
960 1416 1317 1486 Contineo
1360 1440 1474 1485 me
1504 1413 1594 1485 ab
1631 1413 1998 1510 exemplis.
2041 1415 2306 1485 Graeeis
2338 1412 2480 1485 hoc
2522 1414 2755 1485 modi-

624 1547 790 1592 cum
841 1520 1081 1594 est¹³z
1136 1525 1530 1612 LeonidaS,
1580 1521 2157 1621 EpaminondaS,
2211 1538 2357 1594 tres
2380 1527 2440 1575 ¹⁴
2491 1524 2754 1619 aliqui,

623 1646 749 1702 aut
781 1650 1120 1730 quatuor.
1166 1640 1357 1733 Ego,
1393 1636 1451 1706 si
1487 1647 1776 1704 nostros
1818 1632 2152 1729 colligere
2189 1656 2476 1730 coepero
2498 1685 2517 1719 ‚
2546 1631 2756 1729 perfi-

626 1743 806 1813 ciam
857 1743 1033 1815 illud
1074 1745 1410 1842 quidem,
1448 1758 1530 1814 ut
1565 1766 1642 1813 se
1678 1745 1930 1814 virtuti
1980 1743 2210 1814 tradat
2251 1746 2754 1838 constringen-

624 1851 790 1922 dam
820 1854 1177 1951 voluptas.
1219 1853 1358 1924 Sed
1391 1854 1543 1923 dies
1576 1876 1694 1921 me
1723 1849 2010 1923 deficiet
2044 1879 2060 1920 ε
2103 1867 2209 1937 et,
2248 1866 2330 1922 ut
2356 1854 2438 1921 A.
2467 1855 2757 1937 Varius,

625 1964 753 2060 qui
798 1976 904 2034 est
943 1962 1232 2034 habitus
1266 1961 1489 2057 judex
1528 1959 1813 2047 durior,
1858 1960 2097 2032 dicere
2134 1961 2533 2032 consessori
2569 1960 2755 2031 sole·

706 2187 780 2217 10.
800 2171 935 2218 Nam
959 2170 1044 2218 ubi
1062 2186 1168 2218 eam
1194 2182 1405 2235 caperet.
1429 2169 1650 2219 Turbant

628 2248 799 2296 scriboe
828 2269 853 2291 ιι
874 2265 925 2297 n.
949 2258 1007 2296 ut
1033 2265 1117 2303 en,
1149 2249 1247 2297 nisi
1275 2262 1329 2298 ut
1376 2266 1479 2298 eam
1500 2284 1515 2309 ‚
1562 2247 1649 2296 ubi

629 2338 686 2375 ut
705 2342 812 2375 eam
830 2348 857 2369 a·
877 2342 891 2376 :
915 2342 1018 2375 non
1041 2328 1172 2375 enim
1194 2329 1295 2376 vim
1316 2329 1453 2378 verbi
1478 2328 1652 2377 itidem

631 2405 897 2468 optativam
920 2406 1194 2470 capiebant.
1213 2407 1351 2455 Nihil
1376 2409 1522 2471 igitur
1544 2410 1648 2455 Da·

629 2483 738 2531 visii
764 2486 1069 2545 conjectura,
1105 2485 1189 2533 aba·
1212 2497 1376 2534 autem
1413 2498 1612 2551 caperet
1632 2521 1647 2546 ‚

628 2578 755 2625 opus
780 2574 883 2622 est3
924 2565 1119 2628 vulgata
1147 2580 1317 2612 omues
1358 2567 1409 2612 in
1445 2582 1497 2613 se
1547 2567 1648 2613 veri

629 2652 770 2689 notas
799 2641 965 2690 habet.
995 2645 1055 2691 G.

706 2735 788 2770 11.
807 2722 892 2768 Ex
913 2738 970 2769 eo
1002 2733 1166 2773 natus.
1196 2726 1237 2773 ῐ.
1258 2741 1303 2774 e.
1327 2740 1482 2789 nepos
1511 2723 1649 2789 prio·

628 2799 694 2848 ris
720 2800 889 2859 Decii,
920 2800 1080 2850 dictus
1099 2803 1204 2866 ipse
1229 2805 1359 2853 Mus.
1379 2807 1528 2852 Auno
1545 2804 1649 2850 280

628 2891 741 2928 ante
758 2881 816 2930 C.
837 2892 939 2929 nat.
958 2897 1009 2929 se
1034 2881 1249 2930 devovit.
1280 2884 1358 2930 Cs.
1378 2893 1484 2930 not.
1502 2897 1606 2945 seq.

704 2977 785 3010 η.
814 2962 969 3026 Seque
1003 2978 1031 3007 e
1059 2961 1327 3010 continenti
1358 2975 1535 3027 genere
1554 2971 1650 3007 cer-

628 3040 747 3088 tium
782 3038 1030 3088 vkeimam
1051 3076 1066 3100 ‚
1114 3052 1207 3090 etc.
1251 3043 1335 3088 «E
1374 3038 1648 3087 continenti

630 3134 802 3181 genere
818 3140 844 3159 ι·
865 3153 881 3178 ,
905 3119 956 3168 id
981 3131 1052 3168 est
1072 3155 1087 3179 ,
1119 3136 1171 3167 se
1193 3120 1431 3167 continua
1450 3133 1652 3182 genere·

628 3198 763 3246 tione
803 3209 1140 3264 propagatum.
1186 3197 1435 3261 Cogitavit
1477 3207 1650 3245 auctor

629 3293 837 3340 graecum
890 3274 1096 3340 συνεχής.
1152 3278 1226 3325 De
1278 3278 1421 3325 tertio
1457 3277 1612 3325 Decio
1633 3311 1648 3337 ,

628 3357 783 3419 quise
804 3354 1079 3413 devoverit,
1122 3356 1298 3419 reliqui
1325 3366 1552 3405 auctores
1577 3367 1649 3404 ta·

629 3443 776 3481 cent:
807 3433 893 3480 sed
928 3433 1058 3482 idem
1092 3436 1275 3484 Noster
1306 3437 1482 3499 repetit
1499 3438 1646 3485 Tusc.

630 3514 678 3571 1,
713 3514 773 3575 37
795 3548 810 3572 ‚
842 3515 910 3579 89
934 3527 948 3561 z
971 3536 997 3556 e·
1017 3530 1119 3562 non
1138 3531 1249 3562 cum
1278 3516 1459 3564 Latinis
1484 3516 1650 3565 decer-

630 3603 736 3639 tans
757 3602 889 3655 pater
910 3593 1093 3643 Decius
1107 3628 1121 3651 ‚
1141 3610 1252 3641 oum
1271 3595 1486 3643 Etruscis
1500 3593 1649 3651 filius,

628 3686 738 3718 cnm
762 3671 958 3733 Pyrrho
998 3688 1155 3736 nepos
1178 3707 1193 3732 ‚
1222 3689 1272 3720 se
1305 3673 1517 3721 hostium
1538 3671 1650 3720 telis

629 3749 956 3810 objecissent·
972 3788 985 3800 .
1011 3752 1155 3799 Solus
1169 3754 1405 3813 Zonaras,
1442 3750 1646 3802 Annall.

629 3830 709 3883 11,
736 3840 895 3877 narrat
934 3832 990 3879 Ρ.
1032 3832 1237 3879 Decium
1279 3847 1381 3879 cos.
1410 3830 1472 3878 ad
1500 3829 1651 3878 devo-

627 3907 840 3956 ventium
875 3924 928 3957 se
961 3919 1182 3973 paratum
1236 3911 1411 3970 fnisse,
1451 3924 1652 3972 eamque

629 3987 803 4035 famam
831 4003 932 4035 non
958 4004 1129 4052 parum
1166 3989 1364 4037 terroris
1388 3988 1646 4037 incussisse

627 4066 840 4117 hostium
882 4067 1137 4115 exercitui.
1192 4067 1453 4115 Conciliari
1498 4066 1648 4129 igitur

628 4156 755 4193 recte
775 4145 845 4194 sic
863 4161 1009 4211 posse
1028 4146 1314 4195 Ciceronem
1329 4161 1438 4193 cum
1458 4145 1644 4193 Zonarn

1735 2169 1959 2232 putabis,
1986 2171 2028 2218 si
2055 2170 2314 2219 consilium
2343 2171 2496 2220 Decio
2523 2188 2576 2220 se
2610 2172 2760 2221 devo-

1736 2250 1884 2298 vendi
1897 2252 2044 2300 fuisse
2052 2263 2231 2300 statuas
2247 2288 2262 2313 ,
2279 2252 2366 2299 sed
2382 2287 2396 2308 ,
2414 2268 2578 2315 pugna
2590 2251 2641 2298 in
2657 2251 2760 2299 seli·

1735 2330 1840 2378 cius
1860 2348 1995 2380 versa
2011 2366 2026 2391 ‚
2065 2330 2118 2378 id
2146 2347 2249 2377 esse
2273 2332 2632 2378 intermissum:
2660 2341 2764 2378 tam-

1736 2410 1913 2473 cupide
1941 2421 2100 2457 tamen
2133 2407 2263 2454 huuc
2291 2422 2560 2469 pugnasse,
2614 2417 2671 2454 ut
2704 2410 2760 2454 in

1733 2487 1908 2551 praelio,
1929 2487 2138 2535 caderet.
2165 2484 2319 2546 quue
2355 2500 2467 2532 sane
2491 2501 2551 2531 eo
2578 2484 2758 2548 proba-

1732 2565 1880 2613 bilius
1897 2564 2051 2611 videri
2080 2563 2224 2610 debet
2240 2595 2257 2621 ,
2277 2577 2430 2625 quum
2450 2562 2623 2611 Cicero
2639 2562 2758 2609 alibi

1735 2645 1878 2693 binos
1897 2643 2049 2691 modo
2074 2641 2256 2690 Decios
2279 2653 2647 2690 commemoret.
2679 2642 2757 2691 Cf.

1736 2721 1981 2772 Paradox.
2018 2724 2078 2787 12
2105 2735 2133 2769 α
2156 2754 2171 2779 ,
2206 2736 2354 2784 «quae
2393 2720 2530 2786 (vis)
2572 2732 2759 2785 patrem

1735 2801 1939 2851 Decium
1959 2837 1974 2861 ,
1991 2816 2101 2864 qnae
2114 2800 2268 2849 filium
2288 2801 2539 2849 devotavit
2565 2803 2588 2848 Ρ
2606 2825 2631 2843 ··
2659 2801 2757 2851 Cll.

1735 2880 1837 2929 Off.
1870 2883 1971 2938 111,
2004 2884 2072 2941 4,
2113 2881 2355 2937 163Cato
2380 2881 2502 2943 Mai.
2535 2896 2632 2939 πο,
2668 2878 2757 2942 75.

1735 2958 1927 3007 Scilicet
1952 2975 2106 3023 nepos
2133 2975 2237 3008 non
2261 2977 2313 3007 se
2337 2960 2595 3008 devotant
2614 2996 2628 3018 ,
2673 2960 2760 3007 sed

1736 3038 1886 3088 modo
1900 3039 2080 3105 cupide
2090 3055 2315 3105 pugnans
2332 3039 2593 3088 ceciderat.
2608 3039 2760 3102 Quod

1736 3135 1882 3183 quam
1928 3119 2052 3167 bene
2090 3135 2203 3167 cum
2247 3119 2406 3166 verbis
2447 3117 2548 3167 loci
2605 3116 2762 3165 nostri

1736 3200 1996 3248 conveniat
2015 3232 2030 3259 ‚
2057 3198 2235 3248 docere
2269 3213 2397 3262 opus
2422 3211 2525 3245 non
2556 3205 2645 3243 est.
2671 3196 2761 3243 Ce-

1739 3290 1893 3327 terum
1904 3280 1967 3328 de
1981 3294 2149 3343 pugna
2162 3277 2226 3326 ad
2235 3275 2468 3324 Asculum
2489 3289 2759 3322 sermonem

1736 3373 1839 3406 esse
1867 3360 2079 3406 Zonaras
2105 3359 2211 3420 ipse
2231 3356 2268 3404 1.
2292 3354 2332 3403 l.
2363 3363 2578 3401 testatur.
2604 3354 2666 3400 G.

1813 3438 1893 3484 13.
1933 3438 2041 3483 Hoc
2079 3434 2318 3483 modicum
2368 3442 2457 3480 est.
2507 3432 2604 3478 Int.
2659 3444 2762 3476 non

1738 3525 1948 3581 possunt
1987 3515 2144 3562 Graeci
2180 3524 2256 3562 tot
2302 3511 2522 3575 exempla
2569 3508 2763 3556 virtutis

1740 3595 1979 3658 proferre.

1817 3682 1897 3729 14.
1931 3674 2044 3719 Tres
2067 3669 2240 3735 aliqui.
2273 3668 2408 3718 Gud.
2442 3685 2462 3715 1
2485 3704 2501 3731 ,
2547 3664 2757 3729 reliqui,

1739 3748 1789 3816 ψ.
1812 3751 1906 3799 alii
1919 3786 1933 3811 ,
1961 3762 2020 3799 ut
2045 3750 2208 3798 Ursin.
2236 3765 2298 3796 ex
2322 3764 2412 3796 suo
2437 3744 2658 3803 volebat,
2689 3755 2765 3791 at-

1739 3846 1836 3896 que
1861 3830 1997 3879 Crat.
2021 3830 2076 3877 in
2095 3842 2251 3891 marg.
2281 3826 2430 3874 refert
2457 3838 2469 3871 :
2496 3822 2582 3871 sed
2605 3819 2768 3886 aliqui

1740 3926 1835 3974 pro
1861 3907 1954 3957 alii
1974 3906 2132 3971 aliqui
2151 3906 2202 3954 h.
2230 3905 2265 3953 1.
2291 3904 2370 3953 vel
2395 3906 2512 3952 Ern.
2548 3903 2761 3966 positum

1738 3989 1944 4054 probat,
1968 3987 2055 4049 qni
2079 3984 2196 4033 alibi
2225 3985 2316 4032 hac
2343 3985 2398 4031 in
2421 3999 2543 4031 voce
2571 3980 2765 4029 turbare

1737 4067 1884 4128 solet;
1911 4064 2014 4114 vid.
2034 4062 2372 4112 adnotationes
2393 4061 2456 4111 ad
2482 4059 2668 4109 Acadd.
2697 4062 2763 4117 11,

1745 4162 1833 4203 10,
1861 4147 1945 4192 30.
1967 4144 2033 4191 G.
