3217 4784
876 468 998 534 DE
1048 467 1213 536 FIN.
1266 466 1487 543 ΒΟΝ..
1533 468 1652 535 ET·
1696 468 1911 535 MAL.
1962 469 2060 549 11,
2107 463 2208 533 13.

2458 465 2595 537 203

461 593 689 662 mium
735 613 921 688 saepe
949 588 1219 678 dicitis,
1265 588 1445 659 nihil
1477 587 1749 660 dolere.
1786 593 1950 661 Non
1980 591 2170 660 enim
2191 642 2209 673 ,
2241 591 2300 659 si
2331 590 2598 659 malurn

464 699 672 773 dolor
708 711 914 787 est¹²‚
952 723 1194 772 carere
1233 723 1320 769 eo
1360 698 1587 769 malo¹
1612 696 1642 745 ³
1682 702 1849 771 satis
1878 715 1985 771 est
2019 699 2105 770 ad
2140 699 2328 770 bene
2358 692 2601 772 {riven-

468 812 667 889 dum.
708 818 865 885 Hoc
902 810 1162 881 dixerit
1206 811 1448 908 potius
1488 810 1802 891 Ennius.

899 971 1153 1030 Nimium
1190 969 1331 1028 boni
1364 984 1478 1039 est,
1510 970 1604 1028 cui
1634 969 1778 1028 nihil
1807 983 1894 1029 est
1920 971 2055 1028 mali
2074 977 2139 1026 ¹¹³.

461 1119 613 1187 Nos
638 1114 922 1187 beatam
947 1117 1163 1187 vitam
1194 1139 1346 1187 non
1377 1113 1806 1213 depulsione
1827 1114 2031 1200 mali,
2064 1113 2190 1187 sed
2219 1114 2603 1214 adeptione

462 1224 651 1296 boni·
681 1225 1089 1325 judicemus
1124 1252 1139 1295 τ
1178 1250 1315 1297 nec
1348 1249 1507 1299 eam
1544 1223 1927 1311 cessando,
1963 1226 2108 1297 sive
2141 1226 2600 1322 gaudentem,

464 1350 548 1406 ut
605 1337 1060 1434 Aristippus3
1132 1339 1282 1409 sive
1355 1361 1504 1407 non
1565 1328 2042 1421 dolentem¹⁵,‘
2108 1350 2189 1405 ut
2238 1335 2356 1409 hic

549 1563 630 1597 υ.
656 1544 711 1594 Si
748 1546 935 1594 malum
963 1546 1111 1594 dolor
1136 1558 1224 1595 est.
1256 1548 1488 1610 Ignorant

463 1643 539 1679 est
552 1626 686 1677 Gud.
707 1641 726 1672 1
741 1659 757 1686 ,
779 1627 890 1674 Bss.
915 1637 1012 1674 tres
1034 1626 1240 1673 Oxonn.
1264 1625 1490 1686 idemque

463 1721 673 1775 quatuor
692 1706 909 1763 Davisii,
928 1706 1014 1770 qui
1047 1703 1163 1753 inde
1182 1705 1343 1767 ipsum
1368 1702 1495 1751 dele·

462 1792 550 1837 vit.
575 1787 722 1836 Abest
741 1785 883 1832 etiam
909 1799 935 1831 a
964 1786 1157 1844 Marso,
1183 1783 1312 1830 Vsu.
1339 1788 1491 1841 1494,

464 1870 666 1931 aliisque
721 1875 840 1912 vett.
877 1862 1140 1927 impressis.
1186 1860 1281 1909 Sed
1331 1858 1493 1909 Bremi

465 1948 599 1994 omni
626 1945 677 1993 vi
702 1944 917 1993 retincti
947 1958 1049 1989 esse
1093 1951 1262 1989 contr·
1299 1956 1493 1988 omnem

465 2023 717 2077 Ciceronis
733 2020 1135 2070 consuetudinem
1160 2057 1177 2083 ,
1196 2031 1250 2069 ut
1267 2055 1282 2081 ,
1303 2019 1347 2068 εἰ
1364 2035 1492 2085 prae-

466 2103 667 2150 cedente
684 2134 698 2159 ,
729 2100 929 2148 verbum
965 2100 1322 2151 substantivum
1342 2101 1494 2148 omit-

468 2193 613 2230 tatur.
642 2178 829 2226 Laudat
849 2189 1013 2226 notata
1042 2178 1106 2225 ed
1134 2178 1194 2225 de
1220 2182 1340 2227 Fato
1361 2195 1408 2227 c.
1441 2195 1492 2226 a.

466 2262 637 2308 Recte.
669 2258 830 2307 Possit
855 2258 1053 2321 quidem
1085 2269 1156 2305 est
1174 2258 1407 2306 omissum
1423 2257 1498 2304 lo-

466 2341 536 2387 cis
557 2337 850 2402 quibusdem
867 2337 1089 2394 defendi,
1109 2354 1156 2384 v.
1177 2353 1221 2384 c.
1243 2337 1366 2383 infre
1394 2337 1493 2382 Fin.

466 2420 553 2476 lv,
576 2419 659 2476 18,
680 2419 762 2474 51,
791 2438 813 2459 ι
829 2416 870 2463 si
896 2416 1026 2464 enim
1050 2417 1237 2474 virtus,
1258 2415 1405 2480 digus
1425 2425 1497 2462 est

474 2498 780 2562 gloriatione,
796 2507 891 2544 etc.
907 2516 929 2538 ι
950 2496 1003 2542 iu
1021 2495 1289 2560 primisque
1307 2495 1360 2541 in
1380 2496 1500 2555 ejus·

473 2576 612 2625 modi
638 2575 875 2623 connexis
914 2588 927 2622 τ
964 2574 1050 2623 sed
1076 2575 1192 2622 inde
1222 2574 1346 2621 nihil
1374 2574 1499 2634 juris

474 2655 748 2714 enascitur,
772 2655 970 2711 melius,
993 2654 1250 2703 meliorum
1270 2653 1499 2701 codicum

473 2737 685 2784 lectione
697 2735 1081 2799 suppeditatum,
1091 2743 1418 2781 contemnere.
1431 2734 1497 2781 G.

554 2817 634 2863 13.
666 2815 843 2863 carere
871 2829 929 2860 eo
956 2814 1107 2861 ηιαΙο.
1132 2813 1287 2860 Notat
1311 2811 1374 2859 ad
1394 2811 1500 2859 baec

478 2895 638 2943 Breuni
648 2895 934 2943 Ciceronem
951 2891 1069 2938 alibi
1086 2907 1260 2955 negare
1281 2891 1353 2938 sic
1372 2900 1501 2938 recte

480 2974 608 3031 dici;
649 2983 697 3021 et
740 2983 903 3019 temen
942 2971 1121 3033 saepius
1157 2972 1227 3018 sic
1270 2970 1499 3019 seribere.

480 3056 555 3102 Its
578 3068 692 3101 sane
719 3051 996 3113 frequenter
1031 3049 1175 3098 facit:
1199 3064 1311 3096 nam
1334 3070 1354 3092 ι
1369 3064 1501 3097 esre-

482 3148 534 3179 re
555 3131 705 3188 febri,
731 3129 854 3177 vitio
868 3163 883 3187 ,
912 3126 1085 3175 dolore
1103 3160 1117 3185 ,
1136 3127 1338 3174 crimine
1351 3162 1364 3185 ,
1382 3137 1502 3175 etc.-

482 3227 620 3275 aequs
644 3210 742 3258 huc
770 3208 1015 3272 pertinent
1036 3223 1051 3265 ς
1082 3222 1172 3253 nec
1190 3206 1327 3253 aliter
1346 3207 1504 3253 omnis

481 3290 708 3338 latinitas.
750 3288 904 3351 Igitur
932 3286 1105 3335 Cicero
1143 3286 1222 3333 vel
1245 3284 1502 3343 consulto,

482 3369 561 3417 vel
579 3367 864 3432 imprudens
890 3367 1095 3430 peccat?
1109 3365 1366 3413 Neutrum.
1378 3362 1504 3411 Nam

481 3449 599 3496 loco
626 3446 740 3505 illo,
766 3462 911 3509 quem
935 3444 1095 3505 Bregni
1134 3431 1329 3501 laudat,
1355 3443 1504 3491 Tusc.

484 3531 538 3584 1,
582 3528 669 3584 36,
703 3527 800 3573 88:
827 3524 1037 3573 “Carere
1063 3526 1115 3571 in
1138 3522 1267 3569 malo
1295 3537 1400 3570 non
1426 3522 1506 3569 di-

485 3606 639 3666 citur;
664 3620 754 3653 nec
769 3605 897 3652 enim
912 3614 1036 3651 esset
1051 3601 1314 3650 dolendum
1326 3624 1349 3643 υ
1367 3636 1382 3659 ,
1401 3618 1509 3649 ver-

484 3685 602 3733 bum
620 3699 785 3733 carere
804 3684 973 3731 Cicero
994 3683 1179 3746 egentis
1196 3698 1341 3729 sensu
1352 3682 1504 3745 capit,

485 3764 623 3830 quod
652 3774 881 3814 contexte
903 3764 1030 3810 clere
1056 3762 1251 3809 docent.
1278 3762 1394 3809 Non
1412 3761 1507 3825 igi·

486 3857 569 3893 tur
607 3845 684 3892 his
708 3860 878 3891 carere
916 3844 1079 3900 malo,
1109 3858 1168 3889 eo
1196 3857 1366 3899 sensu,
1406 3858 1507 3905 quo

486 3922 537 3972 h.
562 3925 595 3971 Ι.
615 3926 733 3987 poni
751 3921 1066 3987 prohibetur3
1088 3920 1172 3968 sed
1190 3929 1393 3983 negatur
1406 3936 1510 3967 mo-

491 4002 557 4050 do
588 4003 773 4065 egentis
798 4017 943 4049 sensu
966 4012 1094 4049 recte
1121 4001 1239 4064 poni
1262 4015 1419 4062 posse.
1441 4001 1506 4048 G.

570 4092 650 4136 14.
684 4081 900 4130 Nimium
921 4080 1037 4128 boni
1047 4117 1057 4126 .
1077 4117 1088 4129 .
1106 4115 1118 4128 .

494 4158 627 4206 bium
655 4171 749 4215 est,
775 4160 897 4223 quin
920 4160 1025 4208 haec
1052 4177 1115 4208 ex
1140 4159 1283 4208 Ennii
1314 4159 1511 4207 Hecuba

494 4241 618 4299 sint,
641 4239 822 4286 imitate
847 4257 908 4288 ex
932 4241 1093 4289 sabula
1112 4240 1402 4302 cognomine
1426 4241 1513 4287 Eu·

1148 4079 1284 4128 mali.
1304 4080 1400 4126 Vix
1425 4079 1512 4127 du·
1554 4080 1555 4083 ’

2412 1366 2426 1408 :
2478 1337 2604 1409 sed

1577 1544 1751 1607 ripidis
1769 1577 1786 1603 ,
1818 1544 1958 1605 cujus
1999 1543 2102 1591 haec
2139 1543 2324 1594 dudum
2352 1561 2606 1611 compera-

1578 1639 1694 1671 vere
1719 1624 1836 1672 intt.
1862 1623 2057 1672 Hecub.
2082 1641 2138 1671 v.
2164 1625 2263 1683 627
2291 1639 2305 1674 :
2327 1626 2479 1684 κεῖνος
2528 1627 2607 1676 ὀλ-

1580 1698 1860 1766 emittant,
1894 1686 2012 1771 ὅτῳ
2053 1701 2167 1755 κατ’
2195 1698 2329 1774 ἦμαρ
2376 1703 2608 1773 τυγχάνοι

1578 1775 1733 1851 μηδὲν
1762 1782 1932 1835 κακόν.
1961 1782 2038 1833 Cf.
2078 1799 2204 1848 quos
2249 1782 2415 1833 laudat
2442 1785 2608 1833 stis.

1577 1862 1761 1909 Mutet.
1787 1865 1928 1911 Varr.
1975 1863 2129 1911 Lectt.
2170 1865 2236 1927 V,
2267 1864 2358 1922 13,
2383 1873 2430 1910 et
2454 1862 2607 1913 Colu-

1578 1956 1740 1988 mnam
1757 1939 1820 1989 ad
1847 1940 1994 1988 Ennii
2022 1942 2210 2005 Frsgm.
2240 1958 2290 2005 p.
2321 1943 2439 1998 248.
2467 1943 2608 1991 Cete-

1578 2037 1685 2069 rum
1709 2036 1890 2069 nexum
1916 2031 2262 2071 contextorum
2303 2022 2374 2070 sic
2398 2023 2562 2085 capies
2591 2038 2605 2072 :

1580 2103 1732 2149 «Hoc
1755 2099 1916 2147 dIcere
1946 2100 2108 2148 Ennio
2148 2100 2321 2157 liceat,
2359 2113 2598 2166 poetae...

1578 2194 1673 2227 nos
1697 2177 1982 2242 philosophi
2010 2178 2156 2227 vitam
2197 2179 2387 2228 beatem
2425 2197 2529 2227 nou
2556 2182 2609 2227 in

1579 2257 1796 2305 absentia
1819 2256 1933 2305 mali
1950 2290 1966 2315 ,
1989 2257 2076 2305 sed
2100 2260 2153 2307 in
2195 2261 2449 2323 praesentis
2488 2259 2608 2308 boni

1582 2346 1850 2384 statuamus
1868 2357 1908 2384 a.
1940 2336 2004 2386 G.

1660 2414 1745 2462 15.
1772 2415 1877 2462 Sive
1906 2414 2210 2478 gaudentem
2217 2451 2343 2466 .....
2382 2417 2480 2465 sive
2513 2435 2611 2466 non

1583 2493 1843 2541 dolentem.
1887 2495 2047 2541 Bremi
2076 2493 2213 2543 dedit
2249 2497 2599 2560 gaudendo...

1584 2573 1799 2622 dolendo
1817 2607 1833 2632 ,
1855 2583 1958 2621 tum
1979 2585 2182 2638 propter
2205 2575 2370 2639 plnres
2386 2578 2612 2642 scriptos,

1583 2652 1671 2716 qni
1703 2651 1773 2699 sic
1804 2652 2060 2714 exhibent,
2078 2655 2353 2720 quibusque
2375 2658 2612 2705 secedunt

1584 2731 1720 2781 Gud.
1733 2743 1958 2795 uterque,
1972 2743 2076 2780 tum
2087 2770 2103 2795 ,
2117 2735 2254 2797 quod
2268 2737 2337 2783 sie
2353 2736 2613 2799 qum-ends

1584 2811 1685 2859 vite
1712 2811 1852 2858 beate
1865 2846 1880 2871 ,
1901 2814 2103 2877 ejusque
2121 2814 2397 2877 qnaerendae
2419 2815 2614 2873 modus,

1586 2891 1762 2940 clarius
1788 2891 2054 2954 indicetur,
2079 2892 2139 2940 de
2167 2911 2269 2956 quo
2291 2895 2467 2944 Cicero
2487 2905 2612 2957 agat.

1585 2970 1795 3019 Rsthius
1829 2972 2074 3035 vulgatam
2110 2974 2255 3019 etiam
2291 2973 2506 3035 ineptam
2528 2974 2612 3033 ju-

1588 3051 1734 3099 dicat.
1761 3050 1919 3097 Nobis
1948 3051 2090 3097 altius
2131 3050 2446 3113 quaerendum
2475 3050 2615 3099 vide·

1586 3141 1686 3179 tur.
1717 3131 1843 3178 Nam
1870 3128 2045 3193 optimi
2073 3127 2220 3176 codd.
2260 3129 2362 3175 Pal.
2411 3145 2431 3175 1
2454 3165 2471 3188 ‚
2512 3130 2614 3179 Erl.

1590 3208 1718 3272 Spir.
1759 3208 2003 3271 vulgatam
2047 3206 2190 3270 plene
2227 3207 2475 3268 referunt,
2511 3210 2616 3257 aliis

1588 3286 1748 3334 solum
1770 3285 2095 3350 gaudentem,
2118 3296 2172 3333 ut
2190 3286 2493 3336 Lambinisni
2512 3306 2616 3337 om-

1592 3381 1679 3413 nes
1696 3400 1711 3423 ,
1743 3375 1790 3412 et
1810 3366 2088 3413 Gruteriani
2111 3366 2287 3429 reliqui
2304 3401 2319 3426 ,
2342 3367 2450 3415 aliis
2467 3368 2618 3417 modo

1592 3443 1865 3501 dolentem,
1891 3452 1947 3492 ut
1972 3446 2078 3491 Bas.
2108 3453 2155 3491 et
2176 3445 2310 3495 Crat.
2340 3447 2587 3495 exhibenti
2597 3475 2615 3484 -

1592 3523 1702 3571 bus.
1733 3524 1844 3570 Jsm
1880 3523 1922 3570 si
1950 3539 2166 3587 quatrata,
2192 3534 2299 3572 utra
2333 3524 2506 3573 harum
2548 3526 2616 3574 le·

1593 3605 1816 3651 ctionem
1843 3620 1871 3650 a
1894 3603 2067 3651 scribis
2102 3604 2322 3668 prosecta
2370 3605 2621 3664 videatur,

1594 3684 1706 3746 quis
1729 3683 1820 3730 erit
1836 3718 1852 3744 ,
1878 3683 1966 3746 qui
1990 3699 2092 3730 non
2116 3682 2257 3731 istam
2289 3684 2365 3732 his
2398 3686 2580 3733 tribuat
2604 3723 2619 3745 ‚

1595 3778 1705 3827 quae
1726 3773 1774 3809 et
1802 3762 1992 3810 facilior
2015 3771 2115 3820 est,
2141 3773 2189 3811 et
2212 3780 2239 3811 e
2267 3763 2527 3812 verborum
2547 3768 2622 3811 vi-

1597 3842 1795 3890 cinitate
1814 3853 1927 3889 neta
1952 3837 2182 3889 videtur?
2202 3844 2285 3906 qui
2317 3860 2421 3891 non
2445 3860 2549 3892 eam
2569 3856 2622 3891 ut

1599 3937 1762 3968 veram
1791 3920 2048 3979 defendet,
2084 3937 2229 3983 quam
2270 3922 2417 3970 codd.
2449 3924 2622 3989 optimi

1600 4001 1746 4049 toties
1789 4016 1949 4047 veram
1994 4002 2245 4049 Ciceronis
2289 4019 2487 4049 manum
2533 4004 2626 4049 soli

1600 4089 1867 4137 servantes,
1893 4091 2113 4139 tuentur,
2131 4091 2207 4129 tot
2233 4081 2365 4139 aliis,
2394 4082 2467 4127 vel
2488 4080 2537 4126 in
2560 4081 2626 4127 vi·

1603 4158 1705 4215 tio,
1751 4158 1928 4205 horum
1965 4161 2298 4207 auctoritatem
2335 4158 2624 4206 conflrman-

1602 4237 1764 4286 tibus?
1793 4237 1936 4286 Adde
1963 4237 2099 4300 quod
2117 4273 2130 4298 ,
2162 4254 2264 4300 quo
2307 4254 2421 4285 casu
2461 4240 2628 4303 vulga-
