3217 4784
627 463 636 474 '
685 485 826 571 614
1345 492 1442 557 M.
1494 491 1571 556 Τ.
1627 491 2109 559 CICERONIS

682 610 1027 706 denique,
1043 608 1486 679 delectantur
1509 609 1911 694 historia¹43
1934 612 2386 703 maximeque
2416 633 2538 679 eos
2561 609 2823 680 videre

683 743 1068 816 possumus
1086 733 1215 788 'res
1245 733 1473 814 gestas
1513 718 1798 806 audire,
1827 732 1900 791 et
1930 718 2165 816 legere
2194 712 2404 804 velle,
2434 721 2556 814 qui
2594 742 2634 786 a
2671 743 2816 815 spe

684 826 983 924 gerendi
996 826 1309 913 absunt,
1345 827 1653 899 confecti
1684 842 2071 901 senectute.
2112 828 2469 917 Quocirca
2505 827 2809 924 intelligi

684 958 975 1006 necesse
1010 949 1156 1023 est,
1189 937 1265 1005 in
1302 937 1469 1033 ipsis
1503 936 1726 1008 rebus
1747 992 1766 1022 ‚
1819 962 1979 1033 quae
2023 937 2397 1008 discuntur
2422 931 2495 1009 et
2529 961 2809 1034 cogno-

685 1057 1021 1132 scuntur,
1062 1048 1526 1119 invitamenta
1588 1051 1854 1135 inesse,
1914 1045 2180 1144 quibus
2233 1046 2323 1117 ad
2381 1046 2801 1118 discendum

521 1225 530 1242 .
582 1171 647 1224 53
684 1155 1413 1253 cognoscendumque
1437 1161 1873 1228 moveamur.
1890 1161 1989 1226 Ac
2006 1149 2283 1227 veteres
2316 1153 2607 1250 quidem
2641 1155 2806 1251 phi-

683 1264 995 1362 losophi,
1017 1268 1091 1336 in
1110 1265 1492 1344 beatotum
1521 1266 1791 1353 insulis,
1822 1264 2130 1362 fingunt,
2163 1263 2391 1360 qualis
2425 1277 2678 1334 natm-a
2712 1263 2809 1332 sit

680 1375 822 1444 vita
857 1377 1285 1473 sapientium
1311 1365 1411 1463 ¹⁵.
1434 1401 1621 1472 quos
1658 1400 1826 1447 cura
1863 1375 2063 1445 omni
2107 1372 2479 1464 liberat05‚
2521 1372 2807 1443 nullum

681 1488 1159 1556 necessarium
1200 1487 1358 1554 vitae
1401 1484 1713 1569 cultum,
1769 1499 1893 1555 aut
1945 1498 2273 1582 paratum
2322 1484 2805 1580 requirenteS,

680 1593 861 1664 nihil
899 1594 1090 1668 aliud
1131 1619 1284 1667 esse
1322 1611 1608 1668 acturos
1643 1610 1942 1695 putant,
1982 1597 2115 1665 nisi
2155 1608 2237 1664 ut
2266 1617 2482 1664 omne
2520 1593 2806 1690 tempus

682 1706 757 1773 in
795 1705 1188 1800 quaerendo
1221 1729 1303 1776 ac
1333 1697 1674 1776 discendo
1703 1761 1722 1794 ‚
1762 1709 1837 1775 in
1876 1699 2594 1798 naturae‘cogn'itione
2629 1726 2803 1771 con-

684 1828 972 1884 sumant
992 1809 1077 1883 16.
1143 1818 1294 1886 Nos
1350 1827 1586 1885 autem
1640 1839 1794 1886 non
1846 1812 2077 1884 solum
2132 1810 2356 1882 beatae
2398 1812 2560 1881 vitae
2598 1811 2807 1880 istam

684 1923 1240 1996 oblectationem
1273 1924 1702 2013 videmus¹7‚
1744 1923 1869 1995 sed
1903 1925 2113 1994 etiam
2154 1923 2631 1993 levamentum
2677 1924 2809 1991 mi-

762 2101 843 2150 14.
896 2091 1032 2156 Quid
1046 2128 1060 2151 ,
1105 2093 1240 2156 quod
1271 2128 1285 2141 .
1308 2128 1320 2140 .
1343 2129 1354 2140 .
1404 2093 1708 2142 delectantur
1794 2103 1903 2140 ante
1929 2103 2119 2140 acturos
2132 2091 2655 2156 refert,ignornntibus
2671 2093 2806 2156 Spir.

689 2171 908 2219 historia.
933 2171 1067 2219 Goer.
1093 2181 1205 2235 post
1228 2169 1350 2234 quid
1362 2183 1525 2220 notam
1552 2173 1706 2220 inter-

689 2248 953 2315 rogationis
978 2251 1147 2313 ponit,
1174 2250 1524 2315 observatque:
1550 2254 1704 2299 Recte

688 2328 806 2376 Em.
831 2326 1137 2376 delectamur
1160 2328 1221 2377 de
1243 2345 1361 2388 suo,
1404 2341 1459 2378 ut
1485 2330 1705 2388 videtur,

690 2406 885 2471 scripsit
924 2423 937 2454 t
976 2421 1086 2454 nam
1123 2408 1185 2456 sd
1216 2420 1503 2458 structuram
1541 2409 1667 2472 quid
1681 2414 1708 2455 Ρ

688 2485 830 2548 quod
845 2485 1182 2546 subjunctivus
1222 2489 1336 2537 ferri
1370 2489 1558 2552 nequit.
1601 2488 1707 2536 Nec

689 2562 827 2609 aliter
856 2574 952 2609 tres
981 2565 1136 2611 nostri
1164 2581 1275 2612 cum
1305 2567 1421 2615 edd.
1451 2577 1572 2615 vett.
1601 2568 1708 2630 qui·

689 2640 878 2702 busque
906 2640 1119 2702 optimis.

767 2718 848 2765 15.
870 2716 1112 2780 Fingtmt,
1136 2717 1293 2781 qualis
1318 2733 1494 2770 namra
1513 2724 1578 2772 sit
1598 2724 1707 2772 vita

691 2794 996 2860 sapiendum.
1013 2796 1178 2843 Davis.
1197 2812 1290 2860 pro
1310 2810 1488 2848 natura
1505 2801 1707 2865 ,jutura

692 2873 918 2936 conjicit,
936 2874 1173 2939 probante
1190 2877 1412 2926 Ernestio
1434 2914 1449 2939 ,
1476 2879 1562 2943 qui
1579 2879 1709 2927 idem

692 2956 747 3003 iu
787 2964 1055 3014 structura,
1094 2976 1119 2996 ι-
1156 2952 1377 3019 fingunt‚
1416 2957 1570 3019 qualis
1611 2959 1673 3005 sit
1693 2992 1708 3015 ‚

693 3049 843 3098 quos.
859 3063 878 3082 »
898 3045 1157 3099 .putsnt-,
1173 3032 1348 3095 baeret,
1366 3051 1423 3084 sc
1437 3052 1584 3100 quum
1597 3047 1710 3085 ante

681 3112 887 3179 fingunt
918 3113 1034 3161 addi
1073 3113 1263 3164 suadet.
1304 3109 1412 3162 Sed'
1437 3125 1494 3163 ut
1524 3116 1576 3163 in
1611 3115 1710 3165 hoc

695 3203 938 3241 noni-ecte
955 3193 1238 3253 offenditur,
1249 3210 1399 3258 quum
1418 3211 1538 3259 quos
1551 3231 1568 3254 ,
1594 3207 1711 3243 nam

694 3269 782 3318 Ιιοε
806 3270 987 3330 νιίεὲι,
1016 3284 1065 3320 et
1093 3272 1275 3335 reliqua
1298 3283 1553 3322 structurae
1583 3277 1711 3324 ratio

696 3349 825 3397 idem
855 3350 1059 3413 polleat,
1100 3368 1157 3399 ac
1194 3353 1236 3398 si
1278 3353 1510 3415 scriptum
1554 3366 1710 3413 esset,

698 3449 723 3468 α
736 3425 928 3491 fingunt
941 3428 1088 3477 vitum
1102 3432 1390 3493 sapientium
1408 3431 1548 3479 talem
1563 3465 1577 3489 ‚
1597 3449 1714 3496 qus·

697 3506 760 3553 lis
779 3518 951 3555 natura
967 3509 1031 3556 sit
1049 3523 1063 3555 z
1080 3530 1107 3550 ι·
1132 3510 1200 3556 ita
1227 3523 1423 3572 quoque
1447 3511 1499 3556 in
1535 3521 1711 3559 natura

698 3594 754 3631 ut
789 3584 1008 3633 offendas
1043 3586 1166 3634 nihil
1202 3596 1302 3646 est;
1339 3597 1537 3635 notatur
1581 3590 1711 3637 enim

695 3660 945 3725 sapientia
964 3664 1260 3713 conveniens.
1280 3667 1429 3728 Quod
1446 3667 1536 3714 nisi
1561 3677 1709 3728 esset,

695 3738 857 3802 qualis
874 3752 1067 3789 natm-ce
1091 3744 1270 3791 rectius
1292 3743 1510 3791 suaseris.
1537 3746 1599 3793 G.

772 3818 850 3865 16.
874 3816 1007 3864 Nihil
1036 3820 1181 3868 aliud
1211 3837 1314 3869 esse
1356 3833 1454 3868 ace.
1486 3834 1673 3886 putant
1686 3861 1703 3883 ,

694 3897 790 3945 nisi
811 3908 865 3945 ne
899 3913 946 3946 o.
970 3909 1004 3946 t.
1032 3898 1065 3945 τ’.
1102 3915 1256 3962 qua-r.
1276 3916 1339 3947 ae
1358 3900 1616 3960 discendo,
1654 3905 1706 3950 in

694 3986 802 4026 nac.
825 3993 868 4024 c.
887 3993 931 4026 c.
953 3979 1085 4026 Goer.
1110 3976 1160 4026 h.
1188 3977 1222 4025 l.
1245 3978 1315 4025 sic
1332 3978 1489 4026 edidit
1509 3995 1521 4027 :
1543 4003 1567 4022 κ
1584 3982 1705 4029 nibil

694 4056 826 4104 aliud
845 4066 1040 4104 acturos
1060 4066 1264 4121 putant,
1287 4057 1381 4104 nisi
1402 4068 1460 4104 ut
1483 4074 1533 4107 o.
1564 4070 1599 4107 t.
1630 4061 1705 4106 in-

696 4136 962 4197 quirendo,
991 4152 1047 4184 ac
1066 4135 1302 4184 discendo
1319 4135 1369 4184 in
1395 4152 1443 4184 n.
1468 4154 1512 4183 c.
1539 4152 1583 4184 c.
1599 4157 1623 4177 ι
1646 4140 1703 4184 In

691 4212 786 4270 his,
805 4215 990 4277 inquit,
1027 4216 1186 4279 primo
1209 4230 1337 4272 esse,
1358 4213 1492 4277 quod
1508 4214 1699 4278 vulgata

1745 2238 1751 2244 ¹
1791 2171 1894 2219 Erl.
1949 2172 2055 2220 Bas.
2107 2170 2633 2235 transponeutibnsque
2674 2172 2808 2220 Gud.

1791 2259 2000 2313 utroque
2022 2260 2217 2296 acturos
2243 2265 2347 2296 esse
2362 2282 2379 2306 ‚
2419 2249 2716 2298 sustulimus.
2737 2251 2810 2297 Ut

1791 2329 1917 2376 enim
1942 2328 2144 2376 omnino
2162 2338 2276 2391 post
2292 2328 2440 2375 verba
2458 2328 2696 2376 sentiendi
2707 2362 2722 2386 ,
2738 2328 2807 2376 ita

1794 2408 1998 2455 maxime
2038 2417 2152 2472 post
2181 2417 2305 2471 puto
2324 2443 2338 2468 ‚
2374 2408 2561 2455 auctori
2608 2406 2809 2454 verbum

1793 2486 1947 2535 subst.
1966 2487 2224 2534 omittitur.
2258 2485 2429 2548 Neque
2457 2486 2529 2533 vis
2556 2485 2651 2532 ulla
2685 2487 2729 2532 ei
2756 2486 2809 2534 h.

1791 2563 1827 2612 l.
1865 2565 2006 2613 inest.
2031 2563 2221 2612 Deinde
2263 2564 2548 2628 inquirendo
2582 2579 2641 2611 ex
2677 2563 2809 2612 binis

1792 2643 1887 2691 illis
1906 2643 2104 2706 optimis
2125 2659 2217 2707 pro
2235 2641 2285 2690 in
2309 2643 2571 2706 quar-endo
2590 2644 2808 2690 correxi-

1792 2738 1918 2769 mus.
1930 2722 2080 2769 Recte
2101 2720 2373 2770 offendent
2390 2722 2549 2769 Davis.
2568 2719 2618 2768 in
2636 2721 2807 2785 vulga-

1791 2811 1837 2848 ta
1849 2833 1864 2858 ,
1884 2798 2034 2847 modo
2048 2813 2142 2847 ne·
2163 2800 2218 2847 in
2238 2798 2495 2862 quaerendo
2512 2815 2569 2846 sc
2586 2799 2811 2863 apiscen-

1792 2880 1858 2927 do
1878 2879 1898 2940 (
1917 2878 1993 2926 vel
2025 2878 2343 2944 adipiscendo
2364 2878 2385 2943 )
2424 2889 2522 2926 nat.
2564 2880 2809 2942 cognitio-

1792 2974 1903 3006 nem
1924 2974 2059 3006 cons.
2082 2977 2105 3001 a
2124 2959 2422 3020 conjecisset.
2442 2959 2639 3007 Rectius
2651 2975 2812 3023 nuper

1792 3037 2003 3098 priorem
2023 3036 2073 3084 in
2094 3039 2455 3100 Morgenstern.
2483 3037 2628 3084 deleri
2647 3038 2808 3097 jussit.

1794 3115 1892 3163 Sed
1913 3115 2168 3181 probatior
2189 3134 2216 3163 a
2242 3116 2385 3164 nobis
2412 3126 2598 3179 recept·
2618 3127 2706 3164 est.
2730 3119 2810 3163 In-

1788 3194 2030 3258 'qm‘rendo
2070 3206 2230 3243 autem
2270 3205 2437 3259 tuapte
2478 3205 2657 3258 sponte
2679 3232 2694 3257 ,
2734 3195 2811 3242 di-

1795 3269 1977 3322 scendo
2013 3289 2099 3338 per
2137 3274 2282 3331 alios,
2311 3274 2587 3339 ‚cognitione
2628 3275 2808 3322 ditaris.

1795 3351 2092 3415 Inquin'mus
2145 3352 2359 3415 denique
2381 3386 2394 3410 ‚
2443 3375 2465 3393 ‹-
2508 3353 2645 3415 quod
2689 3354 2809 3401 scire

1795 3432 2070 3495 cupimus».

1873 3525 1893 3555 1
1906 3526 1950 3569 7.
1984 3511 2136 3556 Istam
2175 3509 2539 3558 oblectationem
2569 3509 2808 3560 videmus.

1796 3588 1929 3637 Goer.
1958 3588 2094 3636 addit
2116 3603 2222 3636 esse
2260 3601 2377 3653 post
2413 3589 2559 3638 istam
2587 3605 2644 3638 ex
2682 3591 2809 3655 Spir.

1796 3676 1845 3713 et
1868 3666 1967 3713 Erl.
1993 3667 2072 3713 Sic
2088 3701 2102 3724 ,
2139 3667 2332 3730 inquit,
2375 3668 2549 3716 clarius
2569 3671 2807 3725 cernitur,

1797 3745 1936 3792 istam
1973 3744 2037 3792 ad
2074 3756 2263 3793 naeuroe
2298 3745 2620 3811 cognitionem
2661 3747 2811 3811 perti·

1793 3839 1935 3881 nere3
1966 3835 2014 3872 et
2033 3826 2233 3873 omnino
2252 3842 2350 3874 esse
2368 3826 2429 3873 sd
2452 3824 2558 3871 haec
2580 3837 2810 3874 context·

1795 3902 1962 3950 durius
1982 3903 2130 3950 abest.
2149 3904 2329 3952 Scribae
2346 3904 2397 3950 id
2413 3901 2511 3949 boc
2528 3914 2659 3951 certe
2674 3939 2691 3964 ,
2708 3920 2810 3967 quo

1790 3982 2011 4045 ponitur,
2028 3981 2138 4029 loco
2167 3998 2267 4029 non
2284 3979 2603 4030 addidissent.
2621 4005 2694 4018 --
2713 3983 2809 4030 Sed

1789 4061 2013 4116 minime,
2040 4071 2094 4107 ut
2134 4057 2272 4120 nobis
2314 4057 2507 4106 videtur
2527 4095 2541 4118 ‚
2570 4060 2719 4108 istam
2746 4063 2811 4109 ad

1791 4150 1891 4186 nae.
1937 4136 2254 4201 cognitionem
2296 4138 2545 4200 pettiuet‚'
2567 4140 2652 4186 sed
2696 4157 2808 4187 vere

1789 4217 1851 4262 sd
1889 4215 2249 4264 oblectationem
2276 4232 2295 4261 .·
2334 4216 2450 4264 alins
2496 4217 2623 4265 illius
2661 4233 2805 4280 quam
