3217 4784
822 481 945 548 DE
994 478 1164 547 FlN.
1211 478 1419 546 BON.
1471 481 1584 546 ET
1633 480 1853 548 MAL.
1906 479 2040 562 111,
2084 502 2143 543 2.

2387 474 2529 571 329

404 625 604 673 mum
631 597 980 671 audemus
1005 600 1402 696 attingere?
1431 601 1620 687 Etsi,
1651 597 1850 696 quod
1881 622 2066 696 saepe
2094 596 2428 686 diximuS‚
2456 613 2529 671 et

406 712 701 809 quidem
754 735 920 782 cum
969 711 1208 807 aliqua
1256 711 1552 805 querela
1598 735 1750 780 non
1792 713 2205 781 Graecorum
2264 708 2524 797 modo,

405 820 534 891 sed
599 822 813 891 etiarn
860 843 1111 889 eorum
1139 873 1159 905 ,
1202 819 1329 914 qui
1372 842 1448 889 se
1489 821 1775 889 Graecos
1821 822 2080 916 magis,
2122 844 2342 917 quam
2389 846 2527 892 no-

407 946 592 1002 stros
624 928 877 1002 haberi
915 927 1213 1014 volunt,
1249 951 1384 997 nos
1423 952 1573 998 non
1618 928 1836 999 modo
1863 954 2012 1000 non
2049 930 2243 1000 vinci
2276 954 2318 1000 a
2344 932 2534 1000 Grae-

408 1043 507 1112 cis
544 1038 934 1109 verborum
964 1042 1206 1135 copia,
1254 1037 1380 1109 sed
1405 1062 1560 1110 esse
1597 1040 1672 1109 in
1705 1064 1786 1109 ea
1826 1039 2040 1109 etiam
2082 1042 2529 1138 superiores:

410 1147 929 1223 elaborandum
966 1159 1173 1236 estu,
1202 1163 1284 1219 ut
1315 1149 1456 1221 hoc
1483 1174 1631 1221 non
1671 1151 1745 1219 in
1791 1153 2055 1219 nostris
2083 1150 2321 1220 solum
2360 1153 2531 1222 arti-

407 1259 588 1347 buS‚
640 1256 763 1329 sed
808 1260 1023 1329 etiam
1072 1260 1149 1329 in
1189 1258 1480 1330 illorum
1515 1260 1838 1357 ipsorum
1868 1252 1927 1304 ¹3
1975 1282 2528 1355 consequamur.

410 1372 866 1466 Quamquam
888 1393 971 1441 ea
999 1368 1217 1440 verba
1239 1368 1325 1456 ¹4,
1351 1369 1620 1466 quibus
1652 1378 1742 1440 ex
1766 1368 2095 1438 instituto
2115 1357 2179 1411 ¹⁵
2205 1383 2534 1439 veterum

410 1484 685 1552 utimur
741 1504 878 1578 pro
945 1479 1220 1569 latiniS,
1282 1494 1365 1551 ut
1417 1484 1572 1579 ipsa
1625 1477 2115 1578 philosophia,
2156 1492 2241 1548 ut
2286 1477 2534 1548 rheto-

410 1754 479 1786 m.
501 1760 527 1780 ι·
569 1749 715 1803 atque
749 1739 817 1787 its
854 1747 967 1786 ante
1006 1739 1150 1786 Grut.
1188 1736 1432 1800 vulgatum

411 1828 512 1876 est;
533 1818 620 1881 qui
643 1835 706 1867 ex
725 1816 827 1867 Pal.
859 1833 905 1879 1,
924 1817 1014 1865 vel
1029 1816 1227 1864 delevit.
1254 1818 1430 1874 Recte,

410 1897 898 1961 conspirantibusque
917 1895 1048 1960 Spir.
1068 1907 1118 1943 et
1136 1894 1235 1943 Erl.
1261 1895 1432 1943 Offen-

412 1972 588 2021 deruut
626 1975 755 2025 ertim
794 1975 965 2023 seribae
1000 1976 1052 2021 in
1087 1973 1246 2038 magis
1287 1974 1435 2023 altius

411 2052 629 2115 reposito
656 2067 671 2100 :
708 2052 791 2101 sed
818 2064 990 2101 auctor
1021 2053 1092 2101 sic
1121 2053 1433 2118 interponere

412 2147 595 2195 pronn.
619 2132 757 2180 solet.
786 2132 865 2182 cf.
888 2132 1065 2182 Milon.
1089 2149 1139 2196 9,
1169 2133 1253 2181 25.
1282 2134 1341 2181 G.

490 2224 569 2258 rs.
594 2209 717 2265 Etsi,
752 2210 892 2274 quod
920 2227 1072 2276 ,τα-ρε-
1092 2248 1106 2261 .
1127 2248 1141 2261 .
1178 2211 1269 2258 sed
1291 2211 1436 2260 etiam

413 2300 602 2335 eorum.
624 2322 637 2335 .
659 2323 673 2336 .
722 2288 991 2355 superiores
1020 2305 1040 2336 .·
1084 2289 1435 2338 elaborandum

414 2378 503 2416 ese.
544 2369 664 2414 Haec
694 2368 955 2433 periodus,
984 2384 1096 2431 quae
1119 2367 1278 2431 qualis
1303 2384 1436 2416 nunc

414 2444 644 2493 scribitur
656 2477 673 2505 ‚
702 2446 909 2510 intelligi
929 2447 1099 2510 nequit
1115 2482 1129 2505 ,
1148 2448 1348 2511 Guyeto
1366 2447 1437 2495 sic

415 2525 755 2589 distinguenda
792 2536 843 2574 et
885 2526 1171 2590 corrigenda
1204 2526 1437 2575 videtur:

415 2628 440 2646 α
462 2605 562 2652 Etsi
590 2604 744 2668 (qnod
764 2621 892 2670 saepe
910 2604 1014 2653 dix.
1028 2638 1040 2651 .
1057 2641 1071 2655 .
1084 2641 1097 2654 .
1123 2606 1332 2670 volunt),
1347 2623 1440 2655 nos

414 2699 514 2731 non
529 2683 679 2731 modo
692 2700 795 2731 non
811 2683 1058 2732 vincimur
1068 2702 1095 2733 a
1107 2685 1290 2735 Graecis
1303 2685 1439 2734 verb.

414 2763 556 2825 copis
574 2794 588 2819 ,
616 2762 703 2810 sed
729 2779 893 2811 sumus
928 2762 981 2810 in
1021 2780 1075 2811 ea
1113 2765 1256 2811 etiam
1295 2780 1441 2828 supe·

415 2842 567 2888 riores
590 2854 605 2890 t
632 2840 981 2889 elaborandum
997 2877 1012 2901 ,
1041 2852 1135 2891 etc.
1153 2864 1179 2884 n
1212 2845 1442 2891 Davisius

415 2919 578 2968 locum
617 2931 754 2967 sanat
781 2919 1000 2967 tollendo
1035 2937 1182 2968 unam
1217 2922 1441 2970 voculam

416 2998 566 3069 quod,
591 3009 639 3046 et
665 2998 833 3045 scribit
854 3012 867 3046 τ
905 3019 929 3038 ι·
951 2999 1055 3046 Etsi
1080 3014 1211 3064 saepe
1232 3000 1442 3049 diximus

522 3093 615 3126 nos
647 3093 746 3125 non
786 3077 938 3126 modo
965 3094 1071 3125 non
1105 3079 1236 3127 vinci
1257 3114 1272 3138 ‚
1295 3091 1388 3130 etc.
1415 3104 1443 3125 a

415 3172 525 3223 quae
550 3156 790 3204 correctio
815 3155 1024 3203 maxime
1058 3156 1328 3220 probabilis
1372 3158 1444 3204 vi·

416 3234 576 3282 detur.
598 3237 736 3285 Goer.
757 3233 904 3281 verbs
929 3235 1067 3298 quod
1078 3251 1231 3300 soepe.
1247 3270 1259 3282 .
1276 3270 1287 3283 .
1299 3252 1439 3304 supe·

416 3313 567 3362 n'ores
606 3313 879 3380 parenthesi
916 3313 1143 3363 includit.
1190 3313 1443 3362 Infinitum

414 3395 544 3442 soret
564 3429 579 3453 ‚
597 3394 783 3463 inquit,
802 3405 851 3442 et
869 3393 972 3442 sine
993 3394 1155 3442 fructu
1169 3428 1184 3452 ‚
1213 3397 1322 3441 VV.
1340 3394 1444 3440 Do-

414 3483 606 3522 ctorum
634 3483 836 3521 conatus
868 3473 920 3520 in
944 3472 1041 3520 boc
1068 3472 1180 3520 loco
1212 3488 1436 3521 eorrum-

415 3553 580 3617 pendo
600 3553 776 3601 referre
789 3588 803 3611 ,
823 3568 974 3615 quum
995 3552 1060 3599 sit
1080 3553 1436 3615 integerrimus.

418 3631 712 3682 Addidimus
735 3632 1034 3696 parenthesis
1061 3642 1202 3680 notas
1221 3665 1237 3690 ‚
1263 3631 1441 3695 quibus

418 3723 592 3761 cuncta
638 3714 691 3760 in
731 3711 899 3758 orbem
944 3727 1086 3758 snum
1127 3710 1348 3759 redeunt.
1373 3737 1445 3747 —

419 3794 529 3853 Qus
568 3802 730 3838 tamen
768 3791 904 3838 Goer.
939 3789 1244 3837 correctione
1279 3788 1442 3837 locum

409 3857 564 3930 ’plene
589 3869 821 3917 illustrari
852 3869 1048 3916 minime
1068 3867 1303 3917 videmus.

502 3946 580 3994 13.
618 3947 717 3995 Sed
747 3947 892 3995 etiam
918 3946 970 3994 in
997 3946 1069 3995 ill.
1093 3954 1300 4013 ipsorum
1325 3962 1442 3994 eon-

421 4039 696 4085 sequamur.
742 4029 876 4075 Goer.
918 4026 1052 4075 delet
1096 4026 1258 4074 etiam.
1305 4028 1439 4084 Hoc,

422 4102 608 4165 inquit,
629 4105 756 4152 Gud.
776 4116 933 4171 uterq.
959 4119 1009 4156 et
1032 4110 1138 4155 Bas.
1162 4117 1288 4154 recte
1307 4107 1443 4169 igno-

427 4191 532 4233 rant
561 4194 575 4231 :
612 4197 723 4231 nam
758 4182 965 4249 ipsorum
1000 4184 1285 4252 particulam
1319 4185 1442 4233 hanc

1521 1736 1730 1785 otiosam
1762 1736 1921 1786 reddit
1945 1754 1960 1787 τ
1988 1753 2051 1785 ne
2079 1747 2379 1802 repetamus,
2404 1736 2541 1801 quod

1520 1818 1669 1867 toties
1695 1817 1935 1875 vidimus,
1963 1829 2080 1883 post
2105 1833 2206 1866 non
2234 1818 2410 1877 modo,
2439 1832 2541 1864 non

1520 1898 1679 1945 solum
1691 1933 1709 1955 ,
1744 1898 1808 1945 ad
1829 1897 1921 1946 sed
1942 1897 2216 1961 frequenter
2242 1897 2392 1944 eciam
2420 1895 2543 1942 scri-

1521 1975 1597 2024 bis
1641 1976 1830 2036 deberi3
1865 1977 1976 2024 vide
2015 1975 2080 2023 ad
2114 1975 2302 2025 Acndd.
2332 1977 2412 2035 11,
2445 1981 2543 2032 ²4,

1520 2056 1618 2117 75,
1642 2056 1726 2105 cll.
1758 2059 1904 2121 Legg.
1931 2058 2034 2115 111,
2063 2072 2111 2117 7,
2145 2071 2222 2116 ¹7·
2251 2056 2348 2102 Pro
2373 2067 2542 2101 eonse-

1522 2151 1735 2199 quamur
1750 2135 1911 2199 plures
1928 2135 2125 2200 scripti,
2143 2133 2347 2198 binique
2363 2131 2519 2180 nostri
2531 2167 2546 2191 ,

1522 2231 1880 2278 assequamur.-
1908 2215 1995 2262 sed
2021 2214 2216 2279 vulgate
2243 2212 2400 2261 multo
2428 2226 2547 2276 pro·

1522 2293 1690 2342 batior
1724 2304 1827 2353 est,
1856 2310 2007 2359 quum
2042 2295 2105 2342 sit
2143 2309 2300 2343 sermo
2332 2292 2393 2340 de
2415 2291 2543 2355 plu-

1524 2372 1678 2421 ribus.
1701 2398 1720 2414 -›

1602 2459 1682 2508 14.
1720 2451 2027 2515 Quamquam
2064 2466 2124 2497 ea
2156 2451 2332 2498 verba.
2363 2449 2546 2497 Mirum

1525 2540 1623 2591 est,
1643 2528 1779 2593 quod
1798 2546 1860 2577 ex
1880 2545 1978 2576 uno
1997 2527 2103 2577 Pal.
2135 2544 2180 2589 1,
2200 2529 2342 2576 Grut.
2362 2538 2411 2574 et
2430 2528 2545 2574 Eru.

1524 2624 1675 2674 quam
1694 2618 2011 2656 correxerunt
2026 2644 2040 2669 ,
2057 2622 2207 2670 quum
2225 2623 2280 2654 es
2301 2615 2427 2670 part.
2448 2604 2547 2652 buc

1523 2687 1670 2753 plane
1724 2687 1847 2735 nibil
1903 2687 2162 2752 pertineat.
2219 2685 2547 2735 Consentiam

1524 2766 1724 2831 quidem
1746 2768 1875 2831 Spir.
1903 2778 1951 2816 et
1977 2767 2074 2815 Erl.
2099 2766 2186 2814 sed
2207 2766 2291 2830 qui
2319 2781 2548 2828 compen-

1527 2846 1663 2895 dium
1690 2848 1826 2895 vocis
1852 2834 1999 2913 ρει-ατη
2024 2848 2219 2895 noverit
2235 2882 2249 2905 ,
2277 2844 2400 2893 nihil
2428 2845 2470 2893 is
2497 2845 2549 2891 in

1525 2924 1705 2973 lineola
1728 2925 1944 2989 neglecta
1969 2925 2242 2972 mirabitur.
2269 2923 2550 2970 Lectionem

1526 3005 1678 3068 igitur
1697 3005 1842 3052 unice
1866 3018 2027 3050 veram
2051 3018 2161 3049 cum
2189 3001 2384 3047 Bremio
2409 3015 2551 3062 repo·

1528 3082 1730 3132 suimus.
1777 3083 1949 3145 Neque
1998 3079 2107 3143 quis
2153 3080 2206 3126 in
2250 3092 2552 3142 quamquam

1528 3162 1734 3227 repetita
1773 3158 1994 3207 offendat
2021 3173 2034 3205 :
2066 3167 2180 3204 sunt
2214 3157 2342 3203 enim
2374 3153 2551 3214 verbs,

1529 3260 1555 3280 ιι
1573 3249 1632 3286 ut
1667 3240 1771 3303 ipsa
1806 3234 2146 3302 philosophia.
2167 3266 2182 3281 .
2204 3270 2217 3283 .
2240 3269 2253 3281 .
2282 3235 2464 3282 musica
2489 3255 2515 3275 ι·
2531 3268 2550 3295 ,

1530 3317 1663 3364 velut
1684 3333 1745 3364 ex
1768 3314 2042 3379 parenthesi
2074 3315 2376 3379 interposite.
2396 3315 2459 3362 G.

1606 3393 1687 3441 15.
1720 3392 1903 3456 Quibus
1934 3407 2001 3439 ex
2027 3390 2245 3440 instituto
2275 3402 2375 3439 vec.
2416 3384 2552 3443 Ghet.

1529 3471 1659 3520 delet
1678 3487 1761 3520 ex.
1786 3472 1919 3530 Hoc,
1942 3471 2104 3536 inquit
2122 3505 2138 3532 ,
2169 3488 2196 3520 e
2220 3471 2399 3520 nostris
2419 3472 2557 3523 solus

1528 3551 1661 3602 Gud.
1681 3569 1710 3600 a
1737 3552 1901 3601 refert.
1922 3552 2194 3615 Perpetem.
2223 3550 2398 3601 Multis
2423 3551 2553 3599 enim

1528 3630 1655 3678 locis
1674 3641 1863 3689 auctor,
1888 3653 1914 3674 α
1930 3631 2157 3678 instituto
2178 3632 2416 3691 maiorum
2430 3663 2447 3688 ‚
2470 3646 2555 3678 ve·

1530 3710 1623 3758 teri
1661 3711 1916 3768 instituto,
1950 3709 2184 3757 instituto
2217 3708 2377 3769 Laelii,
2411 3719 2505 3756 etc.
2527 3731 2554 3750 ιο

1529 3799 1698 3853 estque
1738 3789 1827 3837 ists
1868 3789 1993 3837 ratio
2028 3788 2349 3836 ablativos-um
2379 3804 2551 3836 conse-

1529 3870 1739 3931 quentia
1771 3879 2067 3916 curtatorum
2088 3901 2103 3925 ,
2132 3882 2339 3933 quorum
2377 3869 2556 3930 saepius

1530 3948 1824 3995 mentionem
1839 3948 2049 3995 fecimus.
2063 3945 2246 3995 Eodem
2259 3945 2409 4000 modo
2420 3961 2554 3996 more

1530 4037 1785 4084 veterum,
1822 4036 1918 4073 ete.
1949 4025 2146 4073 dicitur.
2186 4024 2360 4077 Multis
2395 4022 2559 4071 modis

1530 4106 1705 4153 borum
1755 4104 2065 4167 ignoratione
2111 4111 2356 4166 peccatur.
2407 4101 2558 4153 Cous.

1532 4185 1685 4233 Corn.
1715 4184 1843 4248 Nep.
1868 4185 2039 4248 Epam.
2064 4200 2096 4259 9
2113 4216 2127 4240 ,
2156 4196 2201 4234 1.
