3217 4784
902 377 1026 444 DE
1078 377 1250 446 FIN.
1301 376 1508 443 BoN.
1560 380 1674 444 ET
1729 379 1944 445 MAI..
2001 377 2123 461 IV,
2171 378 2236 459 4.

2451 376 2641 483 ‘445

504 496 829 593 pluribus
876 496 1054 568 locis
1099 501 1302 594 quasi
1358 496 1830 586 denuntiant,
1883 515 1961 569 nt
2011 522 2251 594 neque
2296 522 2640 570 sensuum

500 606 723 678 fidem
765 610 920 680 sine
955 610 1234 680 ratione
1264 663 1283 695 ‚
1319 633 1456 678 uec
1487 610 1784 680 rationis
1826 611 1978 680 sine
2014 607 2345 679 sensibus
2383 613 2636 706 exqui-

497 743 773 807 ramus,
798 735 1016 816 atque
1038 734 1116 788 ut
1142 741 1393 788 eorum
1414 728 1444 777 7
1464 717 1771 788 alterum
1802 718 1894 789 ab
1926 719 2152 790 altero
2187 720 2640 815 separemus?

496 828 738 920 Quid?
797 854 915 914 ea,
969 852 1127 924 quae
1186 826 1534 896 dialectici
1596 851 1796 897 nunc
1854 828 2148 898 tradunt
2206 842 2279 898 et
2338 827 2637 913 docent,
2727 890 2728 893 ,

497 962 746 1007 nonne
800 935 892 1006 ab
937 936 1073 1006 illis
1114 936 1439 1006 instituta
1477 950 1651 1007 sunt
1700 951 1771 1006 et
1808 932 2187 1008 inventass?
2224 943 2333 1009 De
2371 938 2639 1036 quibus

497 1051 630 1117 etsi
658 1072 699 1117 a
734 1046 1144 1144 Chrysippo
1176 1047 1484 1116 maxime
1517 1061 1625 1116 est
1649 1045 2098 1117 elaboratum
2119 1101 2139 1131 ‚
2178 1062 2417 1120 tamen
2449 1074 2487 1119 a
2516 1054 2639 1120 Ze-

496 1180 691 1224 none
728 1156 966 1225 minus
1003 1155 1272 1243 mult0,
1312 1180 1530 1254 quam
1570 1154 1661 1226 ab
1700 1158 2036 1253 antiquis.
2079 1155 2187 1226 Ab
2223 1157 2360 1228 hoc
2395 1176 2638 1232 autem

496 1263 822 1361 quaedam
853 1290 1003 1336 non
1026 1265 1306 1354 meliuS‚
1336 1290 1556 1364 quam
1593 1276 1952 1353 veteres9;
1978 1265 2308 1362 quaedam
2336 1271 2638 1339 omnino

567 1521 590 1565 7
604 1541 615 1553 .
643 1506 749 1554 Nec
768 1505 975 1554 racionis
998 1506 1105 1553 sine
1118 1505 1334 1553 sensibus
1354 1504 1524 1567 exqui-

492 1597 692 1642 ramus,
725 1597 876 1649 atque
914 1598 970 1633 ut
1004 1602 1186 1632 eorum.
1232 1584 1364 1630 Goer.
1394 1583 1524 1631 delet

390 1682 397 1688 ⁴
493 1674 563 1712 nt.
591 1665 726 1725 Hoc,
748 1665 938 1728 inquit,
966 1679 1117 1727 quum
1139 1663 1300 1709 minus
1318 1660 1378 1708 ad
1392 1678 1520 1724 prae·

493 1743 637 1789 cedd.
662 1745 817 1806 aptari
840 1753 1031 1806 posset,
1062 1740 1228 1788 Lamb.
1256 1749 1367 1786 ante
1387 1756 1523 1804 sepa-

494 1837 678 1880 remus,
712 1838 774 1869 ne
801 1821 1012 1880 adjecit3
1044 1820 1226 1867 Brutus
1262 1834 1324 1864 ne
1348 1834 1441 1882 pro
1467 1830 1523 1867 ut

491 1900 627 1948 dedit
655 1915 668 1948 ε
702 1901 789 1949 sed
812 1899 956 1948 ambo
984 1901 1046 1948 de
1065 1915 1155 1947 suo
1174 1932 1190 1957 ,
1229 1898 1352 1946 nihil
1381 1899 1517 1947 codi-

494 1976 633 2025 cibus
661 1978 854 2027 moniti.
878 1978 1107 2026 Davisius
1131 1993 1221 2041 pro
1247 2000 1272 2020 ιι
1298 1989 1444 2042 atque
1463 1990 1520 2027 ut

489 2073 655 2105 eorum
670 2079 693 2098 ιο
708 2092 723 2115 ,
752 2073 912 2120 neque
935 2058 1155 2117 conjicit.
1188 2058 1303 2104 Em.
1328 2058 1419 2105 alia
1439 2059 1517 2105 via

491 2152 590 2182 rem
642 2146 835 2183 tentans
854 2171 868 2193 ‚
916 2150 1029 2182 cum
1084 2136 1327 2183 veteribus
1373 2135 1518 2185 editis

488 2213 713 2278 pluribus
757 2212 849 2277 (iu
875 2212 1054 2277 quibus
1088 2218 1214 2261 Ven.
1269 2224 1433 2278 1494,
1469 2225 1517 2262 et

487 2296 623 2342 Crat.
646 2294 694 2355 )‚
738 2291 952 2339 rationes
990 2293 1234 2353 correxit,
1282 2294 1375 2341 hac
1396 2295 1514 2341 mira

489 2372 550 2419 de
575 2387 745 2428 causa,
771 2371 906 2434 quod
936 2370 1064 2420 ratio
1090 2373 1253 2437 inepte
1278 2372 1340 2419 ad
1351 2372 1515 2438 fidem

487 2451 779 2515 applicetur.
800 2452 951 2514 Quasi
980 2452 1185 2499 rationis
1199 2484 1215 2508 ,
1237 2452 1278 2497 si
1296 2452 1399 2499 sola
1419 2451 1515 2499 sibi

487 2530 653 2579 relicta
672 2542 768 2586 est,
809 2547 900 2578 nec
926 2546 1185 2588 sensuum,
1218 2531 1253 2578 i.
1283 2547 1326 2578 e.
1366 2546 1515 2593 expe-

486 2610 701 2667 riemiae,
744 2609 1066 2658 fundamento
1091 2609 1291 2668 nititur,
1317 2607 1439 2656 fides
1465 2620 1515 2656 et

484 2690 749 2737 auctoritas
775 2691 954 2751 injuria
993 2700 1039 2737 et
1076 2688 1192 2736 olim
1227 2688 1511 2736 addubitata

485 2768 576 2827 sit,
605 2780 653 2816 et
694 2785 827 2816 nunc
861 2769 1208 2817 addubitetur!
1244 2768 1432 2815 VitIum
1460 2768 1514 2815 in

483 2864 543 2895 eo
563 2859 662 2906 est,
681 2847 816 2911 quod
834 2848 1026 2904 scribae,
1047 2848 1327 2911 ignorantes
1346 2863 1511 2910 oeque,

482 2937 531 2973 et
543 2926 614 2974 sic
622 2927 800 2982 valere,
817 2925 981 2973 denno
997 2936 1049 2971 ue
1063 2925 1510 2975 accommodarunt.

483 3009 641 3069 Quam
678 3007 891 3068 spuriam
929 3015 1057 3067 part.
1097 3019 1207 3051 cum
1244 3020 1271 3050 a
1311 3005 1414 3052 Pal.
1440 3007 1468 3052 3
1493 3040 1508 3065 ,

482 3089 591 3133 Bas.
620 3095 669 3133 et
696 3083 825 3133 Gud.
854 3099 875 3130 1
897 3117 912 3141 ,
949 3100 977 3130 a
997 3084 1147 3130 Marsi
1165 3093 1213 3130 et
1234 3084 1364 3132 Crat.
1389 3084 1503 3132 edd.

482 3164 695 3221 abesset,
750 3163 896 3227 pleno
944 3163 1053 3222 jure
1108 3161 1388 3209 delevimus.
1437 3188 1509 3197 —

481 3241 612 3289 oliv.
640 3255 791 3306 atque
823 3252 877 3289 ece
909 3257 970 3287 ne
1002 3255 1186 3288 eorum.
1222 3264 1292 3275 —
1325 3240 1405 3286 Ex
1432 3239 1508 3287 his

480 3322 592 3367 VV.
619 3323 729 3369 DD.
750 3321 880 3382 conj.
909 3329 1039 3384 patet
1068 3316 1290 3365 eumdem
1311 3333 1506 3365 sensum

480 3416 613 3459 esse,
656 3416 713 3448 ac
739 3402 781 3447 si
816 3399 1102 3463 simpliciter
1140 3412 1301 3459 neque
1337 3413 1506 3444 eorum

477 3481 564 3529 alc.
593 3480 902 3527 scriberetur.

550 3562 601 3607 8.
650 3558 869 3605 Tradunt
892 3569 941 3605 et
966 3556 1139 3605 docent
1167 3591 1179 3604 .
1201 3592 1214 3604 .
1236 3593 1250 3606 .
1284 3555 1499 3604 instituta

477 3652 594 3686 seme
628 3649 679 3687 ee
704 3638 896 3685 ine-enta
912 3642 940 3684 κ’
967 3636 1087 3685 Noli
1113 3653 1193 3684 vv.
1223 3647 1271 3684 et
1292 3637 1497 3699 docent,

475 3728 532 3765 ut
558 3733 715 3780 nuper
756 3717 937 3763 factum
980 3715 1223 3778 vidimus,
1251 3732 1313 3763 ex
1342 3718 1499 3779 glossa

476 3795 703 3844 damnare
731 3809 744 3843 ε
776 3806 832 3843 ut
875 3796 1005 3842 enim
1049 3794 1243 3842 tradere
1281 3795 1499 3843 historici

476 3890 614 3923 more
639 3890 738 3923 rem
770 3877 1039 3922 enarrantis
1073 3886 1176 3933 est;
1219 3874 1289 3922 sic
1323 3873 1499 3934 docet,

477 3954 561 4014 qui
591 3955 833 4005 rationum
859 3965 1351 4019 argumentorumque
1377 3971 1502 4018 pon-

474 4029 592 4077 dera
618 4033 771 4082 addit.
809 4035 918 4082 Alia
959 4051 1033 4083 res
1063 4036 1222 4098 agitur
1252 4035 1304 4082 in
1331 4050 1415 4083 vv.
1455 4030 1513 4081 et‘

474 4107 701 4171 mvema,
750 4113 812 4160 de
854 4114 1030 4177 quibus
1076 4113 1197 4161 nihil
1234 4112 1499 4162 dubitatur.

1606 1502 1735 1549 Nam
1763 1519 1932 1551 omnes
1954 1503 2131 1550 Palatt.
2161 1512 2371 1566 quatuor
2407 1503 2591 1552 Davisii
2618 1541 2634 1566 ,

1607 1596 1778 1628 omnes
1802 1584 1964 1630 Oxon.
1992 1584 2207 1645 itemque
2237 1581 2421 1639 nostri,
2458 1583 2634 1645 copula

1606 1660 1850 1708 subtracta
1881 1695 1895 1719 ,
1949 1683 1974 1702 α
2016 1661 2234 1708 instituta
2275 1669 2387 1706 sunt
2436 1661 2633 1709 inventa

1604 1749 1719 1785 sunt
1741 1761 1782 1786 a.
1807 1742 1966 1802 Quam
1984 1740 2244 1787 lectionem
2262 1737 2468 1803 glossam
2493 1755 2634 1803 pene

1604 1830 1820 1881 apertam
1878 1820 2205 1876 redolentem,
2253 1819 2480 1866 Ciceroni
2532 1836 2634 1867 non

1603 1898 1708 1944 sine
1744 1898 1923 1959 injuria
1961 1898 2171 1946 obtrusit
2195 1898 2423 1945 Davisius
2451 1913 2463 1944 ε
2492 1900 2634 1958 cujus

1602 1979 1733 2026 euim
1792 1979 2008 2043 palatum
2064 1978 2158 2026 ista
2208 1993 2311 2025 uon
2361 1978 2586 2040 refugerit
2616 1981 2627 2025 !

1601 2057 1944 2106 Delebimusue
1965 2058 2111 2121 igitur
2130 2060 2141 2104 ἔ
2171 2058 2482 2120 Neutiquam.
2507 2058 2631 2104 Nam

1599 2137 1761 2185 verbis
1781 2147 1832 2184 ee
1856 2137 2052 2184 inventa
2074 2136 2301 2184 detractis
2315 2169 2330 2193 ‚
2352 2151 2453 2183 non
2472 2136 2630 2183 solum

1598 2215 1733 2280 paria
1765 2216 1978 2264 membra
2005 2226 2211 2280 pereunt
2229 2250 2244 2273 ,
2281 2215 2368 2261 sed
2391 2217 2630 2263 contiuuo

1599 2294 1743 2341 etiam
1764 2310 1904 2343 aures
1926 2311 2029 2343 nou
2056 2294 2259 2342 hebetes
2291 2295 2382 2357 ipsi
2417 2296 2631 2342 auctoris

1599 2375 1810 2420 orationi
1840 2374 2110 2420 detractum
2134 2373 2255 2436 quid
2278 2372 2532 2431 sentiuut;
2575 2385 2630 2421 ut

1598 2452 1780 2500 eaedem
1822 2462 1990 2500 contra
2034 2452 2211 2499 blande
2246 2451 2457 2515 vulgatae
2485 2451 2626 2499 verba

1595 2532 1877 2579 admittunt.
1894 2532 2107 2587 Marsus,
2121 2530 2340 2578 instituta
2362 2540 2408 2577 et
2429 2530 2628 2578 iuvenca

1595 2611 1856 2659 suntsed
1892 2612 2012 2658 certi
2048 2626 2212 2658 sumus
2243 2610 2485 2674 vulgatam
2515 2612 2628 2658 scri·

1595 2690 1695 2754 ptis
1719 2690 1908 2749 deberi,
1938 2706 2086 2754 quum
2116 2689 2415 2738 Cratandriae
2452 2701 2623 2737 aucto-

1595 2770 1736 2817 ritate
1774 2767 2009 2819 firmetur.
2044 2770 2222 2816 Sensus
2260 2779 2360 2827 est,
2400 2789 2425 2810 ιι
2457 2784 2624 2816 nonne

1593 2849 1700 2898 hec
1748 2850 1811 2898 ab
1857 2849 1954 2897 illis
1994 2850 2065 2897 sic
2110 2848 2332 2896 instituta
2377 2860 2520 2903 sunt,
2572 2860 2624 2896 ut

1591 2930 1813 2995 ipsorum
1864 2932 2144 2992 inventores
2179 2927 2388 2992 putandi
2437 2929 2567 2975 siut!
2599 2950 2623 2969 ι»

1593 3010 1743 3072 Quod
1773 3009 1814 3056 si
1840 3018 1935 3065 est,
1974 3006 2188 3055 auctoris
2226 3022 2329 3053 eam
2366 3020 2469 3052 esse
2503 3006 2621 3053 nihil

1593 3086 1891 3135 dubitamus.
1924 3087 1986 3132 G.

1665 3182 1716 3228 9.
1747 3166 1855 3211 Non
1874 3162 2040 3210 melias
2053 3194 2069 3217 ‚
2099 3178 2149 3225 q.
2175 3177 2232 3210 v.
2252 3161 2416 3208 Davis.
2438 3174 2486 3209 et
2506 3165 2621 3212 Ern.

1591 3261 1677 3292 vv.
1697 3259 1847 3307 quam
1863 3258 1919 3289 v.
1942 3242 2173 3289 cancellis
2190 3238 2486 3289 addixerunt
2504 3243 2620 3290 :sed

1586 3325 1768 3384 justam
1788 3337 1977 3369 causam
1995 3320 2177 3368 nullam
2192 3320 2430 3369 videmus.
2446 3322 2618 3385 Neque

1591 3417 1759 3449 verum
1799 3410 1870 3448 est
1887 3433 1904 3460 ‚
1943 3401 1984 3447 si
2036 3401 2154 3447 Em.
2200 3400 2618 3449 constructionem

1592 3496 1696 3528 nou
1721 3490 1945 3527 constare
1974 3477 2094 3528 dicit
2124 3494 2138 3528 z
2175 3494 2326 3543 quum
2361 3479 2506 3542 plene
2546 3482 2617 3529 sic

1595 3560 1977 3609 construendum
2024 3560 2113 3618 sit,
2156 3580 2179 3601 ι
2221 3558 2283 3605 ab
2325 3556 2422 3605 hoc
2456 3570 2616 3607 autem

1588 3639 1810 3705 quaedam
1837 3654 1941 3686 non
1973 3638 2148 3686 melius
2186 3635 2432 3685 elaborata
2463 3650 2581 3688 sunt
2600 3674 2614 3696 ‚

1588 3735 1735 3784 quam
1781 3729 1968 3766 veteres
2009 3717 2177 3765 eadem
2215 3717 2529 3765 instituerunt
2568 3729 2617 3765 et

1588 3798 1879 3844 invenerunt
1899 3814 1940 3840 ι.
1964 3794 2133 3853 Adde,
2153 3792 2292 3858 quod
2317 3793 2494 3841 scribae
2514 3810 2615 3841 non

1586 3885 1794 3932 veteres,
1804 3872 1891 3921 sed
1899 3872 2127 3937 antiquos
2146 3871 2392 3920 dedissent
2399 3908 2412 3921 .
2421 3874 2612 3921 Nissen.

1588 3969 1684 4018 pro
1710 3952 1919 4016 preced.
1962 3952 2026 3999 ab
2057 3951 2149 3999 hoe
2166 3988 2182 4013 ‚
2217 3949 2381 3997 adhue
2407 3950 2613 4006 suadet;

1589 4033 1675 4081 sed
1714 4047 1885 4097 parum
1925 4041 2055 4095 apte.
2106 4030 2200 4078 Sed
2242 4045 2344 4077 non
2375 4028 2497 4076 vidit
2534 4029 2614 4075 bic

1591 4129 1703 4161 cum
1734 4110 1905 4158 ceteris
1921 4144 1935 4169 ‚
1951 4110 2019 4158 ab
2039 4110 2128 4158 Ιιοσ
2144 4124 2244 4157 uun
2265 4107 2326 4155 ad
2347 4108 2613 4165 Zenonem,
