3217 4784
656 439 698 480 x
1316 398 1576 513 Novl
1629 412 2119 481 EDIToms

660 562 734 615 et
773 558 1109 641 corrupta
1161 544 1468 614 correxit
1491 595 1510 624 ,
1561 539 1869 614 obscura
1914 542 2229 617 dilucide
2276 547 2788 645 interpretatus

656 679 783 737 est.
822 665 1024 737 Illius
1053 677 1259 735 notas
1286 664 1665 763 plerasque
1697 667 2136 739 servavimus
2167 667 2340 762 (nisi
2369 669 2571 766 quod
2607 697 2787 742 non·

660 787 856 858 nulla
899 788 1199 858 minoris
1241 788 1638 875 momenti,
1676 787 1788 859 vel
1835 813 2000 885 quae
2044 792 2303 888 saepius
2335 772 2594 865 'iisdem
2638 792 2788 866 fere

655 907 957 980 vocibus
1018 910 1325 1006 repetita
1385 907 1904 999 occurrebant,
1960 925 2033 981 et
2102 912 2365 985 multas
2432 914 2779 1015 discepta-

656 1035 893 1103 tiones
921 1085 939 1118 ,
980 1056 1185 1129 quae,
1238 1034 1370 1103 etsi
1422 1055 1555 1129 per
1621 1055 1697 1102 se
1752 1033 2176 1106 doctissimae
2236 1040 2645 1110 et·maximi
2693 1036 2789 1113 fa·

653 1154 959 1239 ciendae,
1036 1153 1441 1225 adventitiae
1512 1167 1757 1225 tamen
1825 1169 1899 1226 et
1971 1154 2064 1227 ab
2129 1158 2558 1258 explicando
2627 1162 2789 1235 loco

652 1279 771 1349 cui
809 1275 1369 1375 apponebantur
1408 1301 1711 1375 prorsus
1762 1279 2008 1350 alienae
2055 1296 2297 1367 erant,
2337 1285 2790 1383 supprimere

653 1424 943 1475 necesse
984 1398 1209 1493 fuit);
1257 1402 1353 1471 ita
1399 1413 1482 1471 ut
1532 1399 1674 1471 hoc
1729 1400 2099 1473 volumine
2159 1400 2549 1474 doctissimi
2603 1402 2793 1475 illius

651 1526 785 1596 viri
823 1522 972 1596 fere
1006 1524 1283 1620 integra
1319 1522 1624 1620 prodeat
1662 1520 1902 1593 editio.
1938 1528 2286 1596 Praeterea
2335 1524 2397 1620 ej
2408 1550 2489 1597 us
2539 1525 2794 1626 praesa-

657 1649 959 1735 tionem,
1005 1672 1152 1745 qua
1194 1650 1549 1718 rationem
1599 1671 1821 1745 quam
1875 1650 1952 1716 in
1992 1645 2444 1746 disponenda
2490 1673 2617 1721 sua
2655 1647 2794 1721 edi·

656 1774 852 1842 tione
891 1767 1263 1853 adhibuit,
1324 1783 1396 1838 et
1438 1769 1702 1841 auxilia
1754 1768 2025 1873 quibus
2067 1795 2243 1843 usus
2295 1787 2443 1861 est,
2480 1772 2638 1844 fuse
2673 1798 2794 1845 ex-

657 1898 904 1992 ponit,
946 1889 1454 1985 exscripsimus
1510 1890 1759 1987 (quam
1801 1890 1965 1962 vide
2020 1895 2258 1963 statim
2311 1907 2478 1991 post
2521 1892 2796 1966 hancce

662 2012 1003 2114 praefat.);
1056 2012 1209 2082 sine
1248 2035 1390 2108 qua
1423 2009 1579 2107 ejus
1616 2026 1808 2082 notae
1845 2011 2148 2111 intelligi
2182 2015 2300 2084 vix
2338 2028 2653 2114 possent.
2760 2090 2773 2103 ,

755 2140 1002 2227 Quum
1047 2158 1220 2205 vero
1281 2159 1370 2206 ex
1423 2133 1744 2206 editione
1791 2137 2170 2208 Davisiana
2231 2137 2796 2236 (Cantabrigiae,

674 2258 927 2357 1728),
963 2284 1120 2357 quae
1177 2255 1304 2328 diu
1329 2314 1350 2345 ‚
1407 2272 1572 2329 ante
1614 2258 2110 2348 Goerenzium,
2148 2264 2477 2331 omniurn
2526 2264 2797 2359 optima

660 2382 908 2456 habita
961 2380 1133 2468 fuit,
1189 2370 1612 2468 nonnullas,
1657 2396 1813 2452 tum
1871 2384 2097 2479 ipsius
2133 2385 2433 2471 Davisii,
2479 2397 2640 2457 tum
2668 2388 2795 2455 Vi-

661 2507 902 2593 ctorii,
930 2506 1230 2576 Manutii
1250 2559 1268 2588 ,
1298 2502 1724 2592 Camerarii,
1754 2502 2044 2593 Ursini,
2077 2500 2444 2594 Lambini,
2466 2506 2758 2577 Gruteri
2777 2558 2797 2591 ,

659 2631 1113 2725 aliorumque
1173 2651 1599 2725 magnorum
1667 2629 2119 2714 criticorum,
2160 2652 2324 2725 quae
2368 2630 2667 2728 integrae
2721 2632 2794 2700 in

664 2748 1091 2851 exemplari,
1133 2744 1334 2848 quod
1382 2752 1458 2820 in
1503 2749 1841 2823 manibus
1887 2749 2374 2840 habebamus,
2424 2755 2799 2852 reperiun-

660 2893 783 2949 tur
824 2875 960 2971 (1),
1019 2886 1229 2945 notas
1287 2871 1783 2962 hauserimus,
1835 2900 1877 2946 a
1932 2879 2320 2948 Goerenzio
2382 2900 2799 2975 perperam,

661 3011 915 3070 nostro
983 2993 1230 3068 saltem
1289 2993 1601 3090 judici0,
1664 2994 2063 3093 neglectas;
2126 3021 2355 3094 pauca
2417 3022 2506 3067 ex
2577 2999 2800 3097 ipsius
2917 3058 2927 3070 .

654 3286 659 3290 ’
743 3276 827 3357 (ι)
868 3280 937 3334 In
978 3274 1243 3334 manibus
1292 3276 1402 3334 fuit
1451 3277 1671 3336 Davisii
1705 3277 1917 3352 editio,
1963 3299 2138 3357 quam
2182 3279 2432 3339 Rathius
2478 3278 2642 3339 dedit
2687 3279 2802 3340 hoc

669 3382 839 3440 titulo
871 3403 886 3438 ε
935 3405 958 3431 «
980 3382 1061 3437 M.
1085 3378 1262 3437 Tullii
1313 3379 1607 3439 Ciceronis
1663 3379 1737 3440 de
1782 3381 2023 3442 Finibus
2066 3382 2359 3442 bonorum
2414 3395 2474 3442 et
2516 3383 2800 3444 malorum

667 3487 849 3547 libros
878 3485 1167 3563 quinquo,
1194 3503 1267 3541 ex
1294 3485 1638 3543 recensione
1661 3487 1904 3546 Ioannis
1921 3486 2140 3547 Davisii
2167 3505 2300 3545 cum
2326 3484 2586 3564 ejusdem
2617 3488 2803 3547 anim-

670 3587 1142 3661 adven-sionibus,
1184 3601 1245 3648 et
1274 3591 1428 3650 notis
1459 3590 1702 3669 integris
1728 3595 1851 3651 Pet.
1870 3592 2148 3666 Victorii,
2188 3596 2251 3652 P.
2283 3592 2566 3668 Memmii,
2596 3594 2801 3653 soach.

669 3694 1011 3762 Camerarii,
1054 3697 1126 3752 D.
1156 3691 1460 3763 Lambini,
1498 3712 1571 3753 ac
1604 3695 1798 3755 Fulvii
1828 3696 2053 3769 Ursini,
2100 3695 2283 3756 edidit
2309 3696 2657 3777 lindolphus
2680 3700 2803 3757 Go-

667 3801 963 3863 doholdus
1000 3800 1151 3860 nath
1170 3843 1187 3873 ,
1228 3800 1438 3861 doctor
1476 3801 1866 3883 philosophiae
1917 3818 1979 3864 et
2014 3814 2320 3864 com-ector
2359 3806 2642 3886 gymnasii
2679 3808 2803 3865 Ha-

666 3909 858 3969 lensis.
898 3904 1201 3965 Accedunt
1238 3908 1478 3966 Gruter-i
1520 3918 1676 3967 notae
1716 3926 1790 3967 ex
1834 3928 1934 3969 sex
1977 3910 2250 3970 Palatinis
2278 3910 2449 3970 codd.
2477 3924 2536 3970 et
2561 3910 2804 3970 editoris
2835 3934 2838 3937 ¹
2955 3936 2960 3939 Δ

666 4012 1097 4075 emendationes
1126 4011 1201 4070 ad
1229 4010 1412 4073 libros
1438 4013 1666 4091 priores
1694 4013 1861 4075 duos.
1893 4016 2056 4075 Halis
2083 4018 2376 4076 Saxonum
2393 4062 2409 4089 ,
2433 4014 2593 4095 apud
2612 4018 2800 4075 Caro-
2903 4094 2906 4097 η

668 4122 786 4178 lum
807 4125 1131 4197 Augustum
1158 4119 1580 4191 Kiimmelinm,
1616 4120 1764 4189 1804
1790 4148 1831 4178 n.
