3217 4784
666 446 799 518 106

1318 452 1418 520 M.
1467 456 1546 523 T.
1600 455 2099 526 CICERONIS

551 585 614 636 σι
655 583 1136 667 susceperant.
1162 573 1342 642 Ecce
1369 588 1607 645 autem
1654 574 1779 646 alii
1810 577 2072 647 minuti
2115 589 2188 649 et
2223 578 2503 675 angusti
2530 576 2614 663 ¹⁶,
2647 594 2772 649 aut

655 681 897 749 omnia
958 702 1247 776 semper
1325 681 1828 781 desperante-3,
1893 701 2018 758 aut
2084 686 2441 773 malivoli,
2511 685 2772 774 invidi,

591 822 599 829 ·
655 785 1015 874 difficiles,
1047 787 1369 888 lucifugi,
1416 795 1788 882 maledici,
1820 798 2335 885 monstrosi¹⁷;
2382 797 2499 867 alii
2532 811 2770 868 autem

656 899 865 968 etiam
890 893 953 940 ¹⁸
992 903 1350 974 amatoriis
1393 903 1800 978 levitatibus
1848 905 2108 994 dediti,
2166 905 2282 977 alii
2333 907 2770 1004 petulanteS,

726 1091 808 1140 16.
837 1090 1020 1140 Mt‘mm‘
1040 1104 1088 1142 et
1122 1097 1322 1161 angusti
1331 1131 1347 1156 ,
1383 1111 1472 1146 aut
1503 1100 1674 1148 omnia

651 1185 843 1233 semper
855 1170 1184 1236 desperantes,
1208 1187 1312 1227 aut.
1331 1178 1554 1242 Reliquis
1574 1179 1673 1227 fere

652 1250 786 1298 Viris
819 1251 988 1299 Doctis
1028 1268 1141 1302 cum
1172 1256 1340 1305 Noqu
1371 1268 1422 1305 ee
1435 1291 1454 1315 ,
1492 1257 1674 1321 prioris

650 1339 739 1376 aue
760 1328 900 1388 loco,
929 1328 1005 1378 vel
1028 1332 1370 1394 suadentibus,
1412 1335 1490 1384 vel
1513 1337 1672 1384 corri-

650 1408 899 1472 gentibus,
924 1425 1087 1458 verum
1113 1411 1237 1461 vidit
1266 1414 1503 1463 Matthiae.
1544 1416 1671 1463 Pro·

650 1486 793 1551 ponit
813 1498 988 1536 auctor
1009 1489 1193 1555 duplex
1209 1492 1497 1542 minutorum
1516 1510 1674 1560 angu-

649 1575 932 1630 scotumque
955 1568 975 1630 (
997 1567 1176 1632 quibus
1201 1570 1328 1620 binis
1351 1573 1558 1622 vocibus
1587 1573 1674 1623 Ci-

650 1660 875 1693 ceronem
916 1647 1061 1695 unius
1103 1649 1287 1698 Graecae
1327 1653 1427 1699 vim
1465 1653 1678 1717 exprimi

653 1724 861 1773 voluisse
905 1727 1103 1774 minime
1154 1727 1435 1779 dubitamus
1455 1766 1471 1791 ,
1524 1732 1641 1780 lieet
1658 1767 1674 1792 ,

652 1818 762 1866 qno
797 1820 1023 1869 expressa
1064 1805 1155 1862 sit,
1205 1807 1348 1855 nobis
1391 1804 1563 1873 psmm
1607 1810 1671 1858 li·

652 1883 861 1951 queat),
900 1897 1093 1948 genus:
1121 1883 1326 1933 alterum
1355 1903 1554 1947 eorum,
1586 1890 1674 1953 qui

653 1962 894 2010 minutum
916 1963 1131 2011 animum
1150 1963 1275 2012 iniis
1292 1965 1515 2029 produnt
1533 2002 1549 2025 ‚
1565 1983 1676 2030 quae

652 2040 716 2088 ad
740 2040 932 2089 consilii
954 2041 1229 2106 viriumque
1255 2041 1532 2092 firmitatem
1553 2045 1677 2094 rese-

656 2132 851 2178 runtur,
883 2119 937 2166 hi
969 2141 992 2163 ι
1010 2122 1174 2168 omnin
1200 2138 1390 2187 semper
1412 2123 1674 2188 ἄωρα-οη-

654 2208 725 2246 tes
743 2219 785 2258 υ,
812 2200 847 2246 i.
871 2214 916 2246 e.
945 2199 1077 2247 nulla
1101 2201 1154 2248 iu
1171 2218 1222 2250 re
1241 2214 1369 2251 certa
1401 2205 1478 2252 sui
1494 2203 1677 2254 fiducia

652 2280 754 2335 usi,
794 2277 1044 2328 dicuntur.
1072 2280 1291 2330 Alterum
1310 2298 1463 2347 genus
1489 2296 1564 2334 est
1587 2303 1675 2335 eo-

655 2374 789 2417 rnm,
824 2358 913 2421 qui
936 2357 1067 2406 hunc
1092 2360 1329 2411 minutum
1348 2380 1432 2414 an.
1456 2365 1508 2412 in
1527 2381 1675 2431 prava

655 2452 770 2500 erga
812 2437 934 2486 alios
978 2440 1216 2490 sentiendi
1249 2479 1266 2505 ,
1324 2444 1678 2510 judicandique

656 2516 842 2565 ratione
865 2530 1094 2591 esserunt
1105 2554 1121 2579 ,
1138 2524 1500 2587 generatimque
1517 2525 1678 2572 nomi-

652 2606 860 2654 nantur,
905 2598 1118 2647 malivola·
1151 2636 1165 2648 .
1186 2636 1201 2649 .
1221 2634 1236 2649 .
1276 2602 1472 2651 morosi.
1515 2606 1678 2651 Veris·

653 2674 772 2723 sima
794 2676 943 2738 igitur
963 2686 1034 2724 est
1055 2679 1196 2742 prior
1211 2692 1329 2739 oue,
1347 2691 1395 2729 et
1417 2680 1481 2728 ad
1499 2681 1676 2729 distin-

655 2755 869 2804 ctionem
889 2757 1016 2811 hanc
1036 2761 1316 2809 necessaris.
1345 2763 1407 2809 G.

732 2850 815 2897 ¹7·
839 2835 1089 2899 Mausoli,
1115 2837 1288 2897 invidi,
1315 2839 1574 2907 difficiles,
1601 2842 1675 2889 Iu-

654 2913 814 2980 e’fiegi
828 2950 844 2972 ,
869 2916 1128 2977 maledici,
1152 2919 1418 2968 monstrosi.
1437 2919 1537 2967 Alii
1562 2936 1675 2967 cum

656 2996 823 3043 Nonio
843 3007 893 3043 et
917 2996 1205 3060 quibusdam
1223 2999 1348 3050 MSS
1364 3001 1674 3049 monstruosi.

654 3077 791 3125 Goer.
821 3078 1001 3126 morosi
1017 3096 1037 3127 .·
1052 3090 1275 3128 accurata
1294 3112 1310 3138 ‚
1338 3080 1502 3144 inquit
1516 3116 1531 3139 ,
1550 3081 1676 3129 serie

654 3156 709 3204 hi
735 3157 942 3220 singuli,
971 3168 1019 3205 et
1045 3158 1219 3206 ordine
1238 3160 1454 3223 cogitato
1474 3175 1674 3224 ponun-

656 3245 752 3282 tur.
776 3237 898 3283 Nam
924 3237 1076 3285 1⁶an
1092 3249 1234 3297 sunt,
1268 3226 1478 3303 quorum
1512 3240 1668 3288 male·

656 3313 867 3363 volancia
887 3316 941 3363 in
964 3332 1068 3363 eam
1102 3318 1480 3381 magnitudinem
1504 3336 1670 3369 excre-

658 3392 728 3441 vit
743 3427 758 3452 ‚
784 3403 865 3455 ut,
885 3394 1127 3459 quidquid
1151 3398 1202 3443 in
1219 3397 1371 3446 altero
1398 3398 1519 3447 boni
1536 3399 1671 3447 vide·

656 3475 783 3532 rint,
828 3489 933 3522 nou
977 3474 1029 3521 in
1068 3490 1119 3522 se
1169 3475 1369 3524 obvium
1390 3513 1406 3535 ,
1455 3479 1669 3526 animum

658 3552 771 3600 inde
804 3552 1009 3601 exedant
1026 3587 1041 3611 ,
1078 3570 1188 3602 cum
1231 3555 1362 3603 illins
1407 3555 1547 3605 odio.
1608 3557 1674 3606 Hi

656 3631 774 3679 tales
795 3631 1010 3681 evadunt
1029 3667 1044 3691 ,
1062 3634 1225 3697 quales
1243 3634 1417 3698 vulgus
1436 3634 1675 3682 ittet-acta-

657 3708 790 3767 biles,
805 3709 928 3759 bene
942 3712 1097 3761 Latini
1110 3713 1306 3776 propris
1315 3727 1434 3760 voce
1448 3711 1676 3778 difficiles

659 3800 855 3839 vocant.
900 3792 976 3839 Ex
1008 3790 1084 3839 hi·
1116 3789 1278 3840 denuo
1300 3792 1336 3839 ii
1363 3801 1675 3851 enascuntur,

658 3869 742 3931 qui
786 3866 1037 3917 hominum
1085 3870 1412 3919 celebritatem
1445 3871 1639 3935 fugiunt
1657 3903 1673 3927 ,

657 3946 868 3995 tristitie
894 3948 1182 4012 cuicumque
1217 3965 1319 3997 snae
1350 3949 1672 4013 indulgentes.

658 4027 733 4076 cf.
762 4028 869 4076 Att.
897 4029 1002 4086 111,
1037 4044 1118 4092 ep.
1151 4045 1202 4089 7.
1245 4029 1344 4092 Qui
1380 4029 1505 4093 ipsi,
1545 4027 1676 4075 inter

658 4121 785 4154 mera
801 4107 1041 4169 adjectiva
1061 4108 1202 4155 unice
1228 4118 1356 4156 recte
1372 4141 1389 4169 ,
1434 4123 1535 4154 non
1556 4106 1678 4155 Iuci-

641 4182 789 4251 ,fitgoe
801 4222 817 4244 ,
831 4187 917 4236 sed
930 4186 1138 4252 Isse-ffugi
1148 4186 1265 4235 dicti
1283 4220 1300 4245 ‚
1319 4185 1678 4236 maledicentt'oe

1757 1099 1857 1148 scre
1879 1101 2003 1150 vitio
2021 1101 2373 1159 succumbunt,
2395 1099 2601 1149 aliorum
2623 1099 2774 1148 actio-

1757 1195 1870 1226 nem
1892 1179 1955 1227 ad
1979 1196 2079 1228 snae
2104 1196 2339 1229 mensure
2365 1174 2582 1228 normam
2609 1195 2777 1227 severa

1757 1274 1957 1307 censura
2004 1269 2304 1308 revocantes.
2345 1261 2463 1308 Post
2510 1258 2775 1307 maledicos

1754 1337 1809 1385 in
1833 1337 2027 1404 scriptis
2044 1337 2271 1386 omuibus
2297 1337 2551 1386 monstrosi
2570 1353 2779 1402 sequnn-

1760 1428 1854 1475 tur,
1880 1433 2005 1480 quos
2039 1418 2150 1464 Π.
2186 1417 2298 1465 DD.
2326 1432 2420 1481 pro
2445 1417 2644 1464 «animo
2662 1432 2775 1463 sen·

1757 1496 2006 1560 tiendique
2055 1495 2246 1543 rstione
2299 1495 2561 1543 monstrosi
2604 1519 2628 1535 -
2677 1494 2778 1542 dici

1756 1585 1946 1639 putant.
1977 1573 2073 1623 Sed
2102 1573 2288 1622 Mum
2313 1573 2438 1621 vidit
2465 1573 2631 1622 Lamb.
2661 1572 2778 1620 tales

1756 1655 1820 1704 ad
1845 1654 1951 1705 hec
1979 1666 2208 1705 contexta
2243 1655 2386 1703 nimis
2416 1652 2605 1702 infinite
2628 1652 2779 1718 poni,

1757 1752 1915 1801 neque
1963 1747 2148 1785 exstare
2197 1735 2473 1800 exemplum
2507 1767 2522 1792 ,
2577 1747 2678 1797 quo
2729 1748 2777 1780 v.

1756 1829 2047 1867 monstrosus
2084 1819 2156 1867 sic
2190 1816 2413 1866 absolute
2456 1814 2518 1864 ad
2566 1813 2780 1861 animum

1757 1896 2099 1955 transferatur,
2166 1895 2479 1959 correxitque
2542 1907 2780 1940 morosus.

1758 1973 1982 2022 Consecit
2007 1990 2108 2022 rem
2149 1974 2372 2023 Matthia·
2393 1972 2430 2022 l.
2456 1972 2490 2020 1.
2519 1987 2633 2037 psg.
2660 1985 2780 2032 107,

1758 2068 1910 2115 quum
1955 2054 2177 2113 doceret,
2220 2069 2304 2102 eos
2344 2069 2456 2100 vera
2499 2050 2782 2116 gradatione

1759 2130 2008 2180 maledicis
2040 2131 2180 2193 addi,
2205 2132 2389 2196 quippe
2408 2132 2496 2195 qni
2510 2145 2593 2177 sus
2615 2139 2780 2177 natura

1757 2209 1820 2257 ad
1839 2209 2046 2260 eliorum
2065 2228 2222 2260 mores
2236 2210 2473 2260 taxandus
2489 2207 2785 2274 carpendos·

1758 2306 1854 2353 que
1875 2291 2020 2356 proni
2036 2292 2133 2340 sint
2152 2303 2296 2355 atque
2317 2291 2560 2353 proclives
2578 2301 2593 2336 :
2609 2282 2784 2338 naxo-ei-

1757 2368 1846 2423 θεις
1882 2371 2096 2433 quippe,
2121 2365 2202 2417 καὶ
2222 2366 2459 2430 φιλαίτιοι.
2489 2368 2673 2413 Harum
2702 2379 2782 2411 ra-

1759 2448 1950 2497 tionum
1968 2447 2162 2496 veritati
2180 2447 2244 2493 its
2259 2445 2490 2492 cessimus
2501 2476 2519 2503 ‚
2533 2454 2588 2490 ut
2607 2441 2788 2489 morosi

1759 2527 2107 2591 corrigeremus
2119 2559 2134 2582 ,
2152 2523 2288 2588 quod
2307 2521 2587 2587 compendii
2603 2518 2784 2569 lineola

1759 2622 1822 2655 ex
1847 2605 1971 2654 vitio
2004 2619 2151 2669 super
2175 2619 2203 2650 r
2225 2602 2357 2667 picta
2391 2599 2530 2649 facsse
2560 2600 2630 2648 sic
2661 2614 2781 2648 cor-

1759 2684 1921 2750 rumpi
1946 2684 2124 2747 potuit.

1835 2764 1915 2813 18.
1949 2761 2055 2812 Alii
2084 2772 2246 2809 autem
2272 2758 2433 2809 etiam.
2462 2756 2688 2807 Pluribus
2712 2757 2774 2805 de

1758 2844 1916 2891 causis
1941 2842 1993 2890 iu
2020 2852 2182 2888 autem
2200 2840 2310 2900 iure
2335 2837 2615 2887 offenderis.
2646 2839 2775 2885 Prn-

1758 2937 1915 2986 gressa
1945 2921 2105 2985 primo
2145 2918 2251 2966 haec
2291 2928 2416 2982 part.
2449 2918 2618 2981 paucis
2660 2927 2775 2964 ante

1758 3011 1896 3058 erat;
1931 2999 2129 3047 additur
2155 2996 2329 3046 deinde
2363 2995 2508 3046 etiam
2533 2996 2637 3042 sine
2663 3009 2779 3059 pro-

1757 3080 1903 3139 bato,
1931 3089 2166 3143 quantum
2211 3087 2339 3124 certe
2375 3075 2521 3124 nobis
2546 3082 2737 3122 constat
2757 3109 2774 3134 ,

1757 3159 1983 3224 exemplo
2006 3158 2129 3207 ullo.
2161 3156 2265 3205 Nec
2293 3165 2421 3203 recte
2451 3151 2618 3203 vocem
2646 3153 2774 3201 desi·

1756 3232 1961 3297 dereris,
1984 3254 2134 3302 quum
2155 3235 2300 3283 etiam
2315 3252 2403 3300 per
2419 3251 2470 3283 se
2488 3232 2775 3281 transeuntis

1756 3322 1820 3369 sit
1845 3331 1894 3367 et
1920 3329 2052 3367 texta
2086 3316 2361 3380 iungentis,
2394 3326 2444 3363 et
2485 3309 2776 3378 praecedenti

1755 3410 1916 3447 autem
1938 3396 2143 3461 simplex
2166 3394 2314 3442 etiam
2339 3391 2505 3440 eadem
2530 3393 2581 3438 vi
2609 3391 2776 3455 proxi-

1760 3494 1842 3526 mo
1866 3477 1977 3524 colo
1999 3474 2077 3523 vel
2098 3473 2366 3522 sexcenties
2384 3470 2714 3534 subjungatur.
2726 3469 2778 3517 Si

1762 3556 1996 3620 deniqne.
2022 3552 2307 3601 creberrime
2332 3561 2490 3599 autem
2514 3547 2774 3606 inculcari,

1762 3633 2062 3694 memineris,
2083 3643 2132 3681 et
2145 3631 2408 3696 reputeris,
2431 3628 2579 3675 etiam
2594 3659 2612 3686 ‚
2634 3625 2777 3673 tertio

1761 3714 1857 3762 hoc
1906 3714 2053 3775 loco,
2099 3709 2366 3760 necessario
2416 3706 2541 3754 adeo
2591 3704 2777 3761 valere,

1753 3791 1912 3856 'idque
1936 3801 2199 3857 potestate,
2232 3787 2293 3835 ab
2311 3787 2401 3835 hsc
2423 3785 2680 3832 notionum
2700 3800 2778 3832 se-

1761 3870 1864 3929 rie,
1904 3869 2058 3917 aliena
2099 3880 2111 3913 :
2154 3865 2241 3912 vix
2278 3863 2339 3911 dc
2383 3859 2618 3924 ejicienda
2659 3876 2781 3908 voce

1763 3947 2024 3997 dubitabis.
2049 3945 2138 3995 His
2171 3946 2211 3992 si
2238 3954 2488 4007 postremo
2509 3938 2782 3997 addideris,

1762 4029 1833 4076 sic
1859 4026 1977 4075 alibi
2004 4038 2199 4087 quoqne
2217 4033 2380 4070 autem
2407 4029 2518 4068 ante
2539 4018 2681 4067 eu'am
2699 4023 2779 4067 in·

1763 4106 1973 4167 culrarig
2012 4103 2075 4151 cf.
2115 4102 2217 4150 Off.
2258 4103 2354 4165 111,
2381 4116 2474 4164 29,
2511 4108 2601 4158 ιι,
2625 4102 2779 4149 Heus.

1764 4187 1890 4234 forte
1915 4183 2172 4232 nobiscum
2207 4183 2352 4231 etiam
2396 4180 2459 4228 de
2496 4196 2599 4228 non
2627 4180 2779 4229 deleta
