<?xml version="1.0" encoding="UTF-8"?>
<!DOCTYPE html PUBLIC "-//W3C//DTD XHTML 1.0 Transitional//EN"
    "http://www.w3.org/TR/xhtml1/DTD/xhtml1-transitional.dtd">
<html xmlns="http://www.w3.org/1999/xhtml" xml:lang="en" lang="en">
 <head>
  <title>
</title>
<meta http-equiv="Content-Type" content="text/html;charset=utf-8" />
  <meta name='ocr-system' content='tesseract 3.04.00' />
  <meta name='ocr-capabilities' content='ocr_page ocr_carea ocr_par ocr_line ocrx_word'/>
</head>
<body>
  <div class='ocr_page' id='page_1' title='image "./mtciceronisquae00clergoog/mtciceronisquae00clergoog_0039.png"; bbox 0 0 3217 4784; ppageno 0'>
   <div class='ocr_carea' id='block_1_1' title="bbox 1079 408 2535 511">
    <p class='ocr_par' dir='ltr' id='par_1_1' title="bbox 1079 408 2535 511">
     <span class='ocr_line' id='line_1_1' title="bbox 1079 408 2535 511; baseline 0.003 -34"><span class='ocrx_word' id='word_1_1' title='bbox 1079 408 1859 479; x_wconf 63' lang='lat' dir='ltr'><strong>mrsonucrlo.</strong></span> <span class='ocrx_word' id='word_1_2' title='bbox 2453 439 2535 511; x_wconf 82' lang='lat'><strong>19</strong></span> 
     </span>
    </p>
   </div>
   <div class='ocr_carea' id='block_1_2' title="bbox 406 637 2538 942">
    <p class='ocr_par' dir='ltr' id='par_1_2' title="bbox 406 637 2538 942">
     <span class='ocr_line' id='line_1_2' title="bbox 406 637 2532 735; baseline 0.004 -31"><span class='ocrx_word' id='word_1_3' title='bbox 406 641 558 707; x_wconf 79' lang='lat' dir='ltr'><strong>Haec</strong></span> <span class='ocrx_word' id='word_1_4' title='bbox 608 637 1001 705; x_wconf 69' lang='lat' dir='ltr'><strong>lem-oduario</strong></span> <span class='ocrx_word' id='word_1_5' title='bbox 1049 662 1176 729; x_wconf 78' lang='lat' dir='ltr'><strong>quo</strong></span> <span class='ocrx_word' id='word_1_6' title='bbox 1213 639 1466 727; x_wconf 75' lang='lat' dir='ltr'><strong>plenior</strong></span> <span class='ocrx_word' id='word_1_7' title='bbox 1506 642 1626 718; x_wconf 76' lang='lat' dir='ltr'><strong>sit,</strong></span> <span class='ocrx_word' id='word_1_8' title='bbox 1685 641 2007 706; x_wconf 70' lang='lat' dir='ltr'><strong>nonnulla</strong></span> <span class='ocrx_word' id='word_1_9' title='bbox 2052 641 2350 710; x_wconf 60' lang='lat' dir='ltr'><strong>addimus</strong></span> <span class='ocrx_word' id='word_1_10' title='bbox 2389 668 2532 735; x_wconf 81' lang='lat' dir='ltr'><strong>quoe</strong></span> 
     </span>
     <span class='ocr_line' id='line_1_3' title="bbox 491 746 2538 830; baseline 0.002 -18"><span class='ocrx_word' id='word_1_11' title='bbox 491 748 773 812; x_wconf 70' lang='lat' dir='ltr'><strong>Ioannes</strong></span> <span class='ocrx_word' id='word_1_12' title='bbox 802 747 1134 829; x_wconf 67' lang='lat' dir='ltr'><strong>Davisius,</strong></span> <span class='ocrx_word' id='word_1_13' title='bbox 1167 768 1306 812; x_wconf 76' lang='lat' dir='ltr'><strong>suoe</strong></span> <span class='ocrx_word' id='word_1_14' title='bbox 1356 746 1646 812; x_wconf 71' lang='lat' dir='ltr'><strong>ede&#39;tionis</strong></span> <span class='ocrx_word' id='word_1_15' title='bbox 1690 749 1901 830; x_wconf 70' lang='lat' dir='ltr'><strong>iniab,</strong></span> <span class='ocrx_word' id='word_1_16' title='bbox 1947 764 2161 815; x_wconf 72' lang='lat' dir='ltr'><strong>monet</strong></span> <span class='ocrx_word' id='word_1_17' title='bbox 2206 749 2286 814; x_wconf 72' lang='lat' dir='ltr'><strong>do</strong></span> <span class='ocrx_word' id='word_1_18' title='bbox 2320 750 2538 818; x_wconf 69' lang='lat' dir='ltr'><strong>luorum</strong></span> 
     </span>
     <span class='ocr_line' id='line_1_4' title="bbox 495 852 1259 942; baseline -0.001 -24"><span class='ocrx_word' id='word_1_19' title='bbox 495 852 804 918; x_wconf 71' lang='lat' dir='ltr'><strong>libs-orum</strong></span> <span class='ocrx_word' id='word_1_20' title='bbox 838 853 1259 942; x_wconf 60' lang='lat' dir='ltr'><strong>mser-{odona</strong></span> 
     </span>
    </p>
   </div>
   <div class='ocr_carea' id='block_1_3' title="bbox 406 1040 2555 3661">
    <p class='ocr_par' dir='ltr' id='par_1_3' title="bbox 406 1040 2555 2292">
     <span class='ocr_line' id='line_1_5' title="bbox 494 1040 2545 1131; baseline 0.003 -24"><span class='ocrx_word' id='word_1_21' title='bbox 494 1043 675 1109; x_wconf 84' lang='lat' dir='ltr'>Licet</span> <span class='ocrx_word' id='word_1_22' title='bbox 707 1064 874 1131; x_wconf 89' lang='lat' dir='ltr'><strong>opus</strong></span> <span class='ocrx_word' id='word_1_23' title='bbox 911 1042 1125 1131; x_wconf 82' lang='lat' dir='ltr'><strong>ipsum</strong></span> <span class='ocrx_word' id='word_1_24' title='bbox 1144 1090 1164 1126; x_wconf 88' lang='lat'>‚</span> <span class='ocrx_word' id='word_1_25' title='bbox 1205 1041 1387 1130; x_wconf 87' lang='lat' dir='ltr'><strong>quod</strong></span> <span class='ocrx_word' id='word_1_26' title='bbox 1437 1040 1520 1108; x_wconf 87' lang='lat' dir='ltr'><strong>de</strong></span> <span class='ocrx_word' id='word_1_27' title='bbox 1559 1042 1833 1107; x_wconf 77' lang='lat' dir='ltr'><strong>Finibus</strong></span> <span class='ocrx_word' id='word_1_28' title='bbox 1868 1043 2202 1111; x_wconf 85' lang='lat' dir='ltr'><strong>bonorum</strong></span> <span class='ocrx_word' id='word_1_29' title='bbox 2234 1059 2300 1109; x_wconf 89' lang='lat' dir='ltr'><strong>et</strong></span> <span class='ocrx_word' id='word_1_30' title='bbox 2340 1046 2545 1113; x_wconf 72' lang='lat' dir='ltr'><strong>malo·</strong></span> 
     </span>
     <span class='ocr_line' id='line_1_6' title="bbox 407 1145 2544 1229; baseline 0.003 -18"><span class='ocrx_word' id='word_1_31' title='bbox 407 1169 558 1211; x_wconf 86' lang='lat' dir='ltr'><strong>rum</strong></span> <span class='ocrx_word' id='word_1_32' title='bbox 599 1146 1010 1211; x_wconf 75' lang='lat' dir='ltr'><strong>concinnavit</strong></span> <span class='ocrx_word' id='word_1_33' title='bbox 1041 1146 1331 1229; x_wconf 77' lang='lat' dir='ltr'><strong>Tullius,</strong></span> <span class='ocrx_word' id='word_1_34' title='bbox 1361 1146 1626 1213; x_wconf 76' lang='lat' dir='ltr'><strong>eximias</strong></span> <span class='ocrx_word' id='word_1_35' title='bbox 1669 1145 1890 1213; x_wconf 79' lang='lat' dir='ltr'><strong>laudes</strong></span> <span class='ocrx_word' id='word_1_36' title='bbox 1930 1147 2014 1213; x_wconf 77' lang='lat' dir='ltr'><strong>ab</strong></span> <span class='ocrx_word' id='word_1_37' title='bbox 2051 1149 2357 1216; x_wconf 76' lang='lat' dir='ltr'><strong>omnibus</strong></span> <span class='ocrx_word' id='word_1_38' title='bbox 2408 1174 2544 1217; x_wconf 87' lang='lat' dir='ltr'><strong>me-</strong></span> 
     </span>
     <span class='ocr_line' id='line_1_7' title="bbox 407 1250 2543 1346; baseline 0.004 -30"><span class='ocrx_word' id='word_1_39' title='bbox 407 1253 609 1317; x_wconf 84' lang='lat' dir='ltr'><strong>ritum</strong></span> <span class='ocrx_word' id='word_1_40' title='bbox 644 1252 729 1317; x_wconf 90' lang='lat' dir='ltr'><strong>sit</strong></span> <span class='ocrx_word' id='word_1_41' title='bbox 762 1250 1071 1334; x_wconf 79' lang='lat' dir='ltr'><strong>eruditis3</strong></span> <span class='ocrx_word' id='word_1_42' title='bbox 1124 1269 1341 1321; x_wconf 83' lang='lat' dir='ltr'><strong>tamen</strong></span> <span class='ocrx_word' id='word_1_43' title='bbox 1381 1251 1617 1319; x_wconf 82' lang='lat' dir='ltr'><strong>accidit</strong></span> <span class='ocrx_word' id='word_1_44' title='bbox 1661 1268 1737 1318; x_wconf 86' lang='lat' dir='ltr'><strong>ut</strong></span> <span class='ocrx_word' id='word_1_45' title='bbox 1781 1252 1980 1319; x_wconf 81' lang='lat' dir='ltr'><strong>index</strong></span> <span class='ocrx_word' id='word_1_46' title='bbox 2013 1254 2332 1323; x_wconf 83' lang='lat' dir='ltr'><strong>volumini</strong></span> <span class='ocrx_word' id='word_1_47' title='bbox 2375 1280 2543 1346; x_wconf 71' lang='lat' dir='ltr'><strong>prm·</strong></span> 
     </span>
     <span class='ocr_line' id='line_1_8' title="bbox 408 1357 2546 1453; baseline 0.003 -31"><span class='ocrx_word' id='word_1_48' title='bbox 408 1357 664 1446; x_wconf 82' lang='lat' dir='ltr'><strong>positus</strong></span> <span class='ocrx_word' id='word_1_49' title='bbox 724 1358 1058 1425; x_wconf 82' lang='lat' dir='ltr'><strong>nonnullis</strong></span> <span class='ocrx_word' id='word_1_50' title='bbox 1112 1358 1290 1423; x_wconf 76' lang='lat' dir='ltr'><strong>haud</strong></span> <span class='ocrx_word' id='word_1_51' title='bbox 1352 1358 1654 1424; x_wconf 83' lang='lat' dir='ltr'><strong>arriserit.</strong></span> <span class='ocrx_word' id='word_1_52' title='bbox 1705 1359 1936 1425; x_wconf 75' lang='lat' dir='ltr'><strong>Caelius</strong></span> <span class='ocrx_word' id='word_1_53' title='bbox 1992 1361 2168 1427; x_wconf 86' lang='lat' dir='ltr'><strong>enim</strong></span> <span class='ocrx_word' id='word_1_54' title='bbox 2212 1363 2546 1453; x_wconf 71' lang='lat' dir='ltr'><strong>Calcegni·</strong></span> 
     </span>
     <span class='ocr_line' id='line_1_9' title="bbox 410 1464 2550 1553; baseline 0.003 -25"><span class='ocrx_word' id='word_1_55' title='bbox 410 1487 535 1531; x_wconf 85' lang='lat' dir='ltr'><strong>nus</strong></span> <span class='ocrx_word' id='word_1_56' title='bbox 567 1464 663 1553; x_wconf 88' lang='lat'><strong>(1)</strong></span> <span class='ocrx_word' id='word_1_57' title='bbox 712 1486 856 1531; x_wconf 81' lang='lat' dir='ltr'><strong>eam</strong></span> <span class='ocrx_word' id='word_1_58' title='bbox 899 1465 1287 1531; x_wconf 81' lang='lat' dir='ltr'><strong>sententiam</strong></span> <span class='ocrx_word' id='word_1_59' title='bbox 1332 1466 1579 1547; x_wconf 85' lang='lat' dir='ltr'><strong>tenuit,</strong></span> <span class='ocrx_word' id='word_1_60' title='bbox 1615 1480 1694 1530; x_wconf 88' lang='lat' dir='ltr'><strong>ut</strong></span> <span class='ocrx_word' id='word_1_61' title='bbox 1746 1464 1946 1530; x_wconf 81' lang='lat' dir='ltr'><strong>hosce</strong></span> <span class='ocrx_word' id='word_1_62' title='bbox 1998 1465 2200 1533; x_wconf 85' lang='lat' dir='ltr'><strong>libros</strong></span> <span class='ocrx_word' id='word_1_63' title='bbox 2256 1468 2341 1536; x_wconf 88' lang='lat' dir='ltr'><strong>de</strong></span> <span class='ocrx_word' id='word_1_64' title='bbox 2390 1470 2550 1539; x_wconf 85' lang='lat' dir='ltr'><strong>Fine</strong></span> 
     </span>
     <span class='ocr_line' id='line_1_10' title="bbox 406 1568 2546 1662; baseline 0.002 -27"><span class='ocrx_word' id='word_1_65' title='bbox 406 1570 737 1635; x_wconf 86' lang='lat' dir='ltr'><strong>bonorum</strong></span> <span class='ocrx_word' id='word_1_66' title='bbox 794 1587 860 1639; x_wconf 83' lang='lat' dir='ltr'><strong>et</strong></span> <span class='ocrx_word' id='word_1_67' title='bbox 918 1568 1241 1636; x_wconf 84' lang='lat' dir='ltr'><strong>malorum</strong></span> <span class='ocrx_word' id='word_1_68' title='bbox 1303 1569 1514 1639; x_wconf 84' lang='lat' dir='ltr'><strong>multo</strong></span> <span class='ocrx_word' id='word_1_69' title='bbox 1585 1569 1999 1635; x_wconf 78' lang='lat' dir='ltr'><strong>commodius</strong></span> <span class='ocrx_word' id='word_1_70' title='bbox 2078 1572 2546 1662; x_wconf 87' lang='lat' dir='ltr'><strong>inscripturum</strong></span> 
     </span>
     <span class='ocr_line' id='line_1_11' title="bbox 407 1672 2549 1764; baseline 0.001 -23"><span class='ocrx_word' id='word_1_71' title='bbox 407 1675 608 1741; x_wconf 82' lang='lat' dir='ltr'><strong>fuisse</strong></span> <span class='ocrx_word' id='word_1_72' title='bbox 635 1676 1015 1741; x_wconf 77' lang='lat' dir='ltr'><strong>Ciceronem</strong></span> <span class='ocrx_word' id='word_1_73' title='bbox 1038 1673 1495 1763; x_wconf 81' lang='lat' dir='ltr'><strong>pronuntiarit.</strong></span> <span class='ocrx_word' id='word_1_74' title='bbox 1517 1673 1667 1757; x_wconf 81' lang='lat' dir='ltr'><strong>Sed,</strong></span> <span class='ocrx_word' id='word_1_75' title='bbox 1687 1672 2242 1764; x_wconf 84' lang='lat' dir='ltr'><strong>quemadmodum</strong></span> <span class='ocrx_word' id='word_1_76' title='bbox 2272 1678 2549 1744; x_wconf 74' lang='lat' dir='ltr'><strong>Iacobus</strong></span> 
     </span>
     <span class='ocr_line' id='line_1_12' title="bbox 411 1779 2555 1871; baseline 0 -23"><span class='ocrx_word' id='word_1_77' title='bbox 411 1782 700 1848; x_wconf 83' lang='lat' dir='ltr'><strong>Grifolus</strong></span> <span class='ocrx_word' id='word_1_78' title='bbox 715 1781 811 1869; x_wconf 86' lang='lat'><strong>(2)</strong></span> <span class='ocrx_word' id='word_1_79' title='bbox 848 1781 1100 1871; x_wconf 87' lang='lat' dir='ltr'><strong>optimo</strong></span> <span class='ocrx_word' id='word_1_80' title='bbox 1128 1779 1274 1861; x_wconf 83' lang='lat' dir='ltr'><strong>jure</strong></span> <span class='ocrx_word' id='word_1_81' title='bbox 1311 1779 1641 1868; x_wconf 81' lang='lat' dir='ltr'><strong>reposuit,</strong></span> <span class='ocrx_word' id='word_1_82' title='bbox 1692 1809 1718 1835; x_wconf 71' lang='grc' dir='ltr'><strong><em>κ</em></strong></span> <span class='ocrx_word' id='word_1_83' title='bbox 1740 1802 1949 1867; x_wconf 87' lang='lat' dir='ltr'><strong>quum</strong></span> <span class='ocrx_word' id='word_1_84' title='bbox 1984 1781 2205 1868; x_wconf 87' lang='lat' dir='ltr'><strong>plures</strong></span> <span class='ocrx_word' id='word_1_85' title='bbox 2237 1784 2370 1848; x_wconf 86' lang='lat' dir='ltr'><strong>sint</strong></span> <span class='ocrx_word' id='word_1_86' title='bbox 2400 1784 2555 1851; x_wconf 90' lang='lat' dir='ltr'><strong>Phi-</strong></span> 
     </span>
     <span class='ocr_line' id='line_1_13' title="bbox 407 1883 2553 1978; baseline 0.001 -25"><span class='ocrx_word' id='word_1_87' title='bbox 407 1888 839 1978; x_wconf 81' lang='lat' dir='ltr'><strong>losophorum</strong></span> <span class='ocrx_word' id='word_1_88' title='bbox 891 1886 1128 1952; x_wconf 81' lang='lat' dir='ltr'><strong>scholae</strong></span> <span class='ocrx_word' id='word_1_89' title='bbox 1177 1906 1301 1950; x_wconf 88' lang='lat' dir='ltr'><strong>nec</strong></span> <span class='ocrx_word' id='word_1_90' title='bbox 1359 1884 1667 1951; x_wconf 88' lang='lat' dir='ltr'><strong>eumdem</strong></span> <span class='ocrx_word' id='word_1_91' title='bbox 1709 1883 1925 1949; x_wconf 84' lang='lat' dir='ltr'><strong>&#39;finem</strong></span> <span class='ocrx_word' id='word_1_92' title='bbox 1973 1886 2098 1951; x_wconf 75' lang='lat' dir='ltr'><strong>sibi</strong></span> <span class='ocrx_word' id='word_1_93' title='bbox 2147 1907 2553 1977; x_wconf 68' lang='lat' dir='ltr'><strong>proponant,</strong></span> 
     </span>
     <span class='ocr_line' id='line_1_14' title="bbox 410 1989 2550 2081; baseline 0.002 -25"><span class='ocrx_word' id='word_1_94' title='bbox 410 2014 751 2081; x_wconf 87' lang='lat' dir='ltr'><strong>quumque</strong></span> <span class='ocrx_word' id='word_1_95' title='bbox 805 1989 887 2056; x_wconf 87' lang='lat' dir='ltr'><strong>de</strong></span> <span class='ocrx_word' id='word_1_96' title='bbox 935 1990 1242 2057; x_wconf 86' lang='lat' dir='ltr'><strong>omnibus</strong></span> <span class='ocrx_word' id='word_1_97' title='bbox 1293 1991 1522 2057; x_wconf 84' lang='lat' dir='ltr'><strong>Cicero</strong></span> <span class='ocrx_word' id='word_1_98' title='bbox 1574 1990 1934 2079; x_wconf 71' lang='lat' dir='ltr'><strong>scripturus</strong></span> <span class='ocrx_word' id='word_1_99' title='bbox 1991 2007 2195 2073; x_wconf 80' lang='lat' dir='ltr'><strong>esset,</strong></span> <span class='ocrx_word' id='word_1_100' title='bbox 2257 2010 2333 2059; x_wconf 91' lang='lat' dir='ltr'><strong>ut</strong></span> <span class='ocrx_word' id='word_1_101' title='bbox 2388 2017 2550 2061; x_wconf 83' lang='lat' dir='ltr'><strong>con·</strong></span> 
     </span>
     <span class='ocr_line' id='line_1_15' title="bbox 412 2096 2551 2187; baseline 0.001 -26"><span class='ocrx_word' id='word_1_102' title='bbox 412 2114 539 2161; x_wconf 79' lang='lat' dir='ltr'><strong>stat</strong></span> <span class='ocrx_word' id='word_1_103' title='bbox 575 2097 702 2186; x_wconf 70' lang='lat'><strong>(3);</strong></span> <span class='ocrx_word' id='word_1_104' title='bbox 733 2114 907 2165; x_wconf 83' lang='lat' dir='ltr'><strong>recte</strong></span> <span class='ocrx_word' id='word_1_105' title='bbox 962 2097 1045 2162; x_wconf 83' lang='lat' dir='ltr'><strong>de</strong></span> <span class='ocrx_word' id='word_1_106' title='bbox 1085 2097 1349 2163; x_wconf 79' lang='lat' dir='ltr'><strong>Finibus</strong></span> <span class='ocrx_word' id='word_1_107' title='bbox 1407 2112 1475 2165; x_wconf 87' lang='lat' dir='ltr'><strong>et</strong></span> <span class='ocrx_word' id='word_1_108' title='bbox 1524 2118 1663 2160; x_wconf 85' lang='lat' dir='ltr'><strong>non</strong></span> <span class='ocrx_word' id='word_1_109' title='bbox 1722 2096 1802 2161; x_wconf 70' lang='lat' dir='ltr'><strong>de</strong></span> <span class='ocrx_word' id='word_1_110' title='bbox 1843 2096 2004 2163; x_wconf 80' lang='lat' dir='ltr'><strong>Fine</strong></span> <span class='ocrx_word' id='word_1_111' title='bbox 2036 2098 2551 2187; x_wconf 78' lang='lat' dir='ltr'><strong>pulcherrimum</strong></span> 
     </span>
     <span class='ocr_line' id='line_1_16' title="bbox 411 2201 1196 2292; baseline 0 -27"><span class='ocrx_word' id='word_1_112' title='bbox 411 2201 574 2266; x_wconf 88' lang='lat' dir='ltr'><strong>illud</strong></span> <span class='ocrx_word' id='word_1_113' title='bbox 608 2224 774 2292; x_wconf 84' lang='lat' dir='ltr'><strong>opus</strong></span> <span class='ocrx_word' id='word_1_114' title='bbox 802 2202 1135 2291; x_wconf 75' lang='lat' dir='ltr'><strong>inscripsit</strong></span> <span class='ocrx_word' id='word_1_115' title='bbox 1150 2233 1196 2265; x_wconf 71' lang='grc' dir='ltr'><strong>υ.</strong></span> 
     </span>
    </p>

    <p class='ocr_par' dir='ltr' id='par_1_4' title="bbox 410 2305 2550 3661">
     <span class='ocr_line' id='line_1_17' title="bbox 497 2305 2550 2395; baseline 0.002 -23"><span class='ocrx_word' id='word_1_116' title='bbox 497 2309 620 2373; x_wconf 84' lang='lat' dir='ltr'><strong>Ast</strong></span> <span class='ocrx_word' id='word_1_117' title='bbox 664 2308 854 2372; x_wconf 79' lang='lat' dir='ltr'><strong>aliam</strong></span> <span class='ocrx_word' id='word_1_118' title='bbox 904 2306 1087 2372; x_wconf 88' lang='lat' dir='ltr'><strong>litem</strong></span> <span class='ocrx_word' id='word_1_119' title='bbox 1140 2305 1348 2370; x_wconf 78' lang='lat' dir='ltr'><strong>movit</strong></span> <span class='ocrx_word' id='word_1_120' title='bbox 1388 2306 1445 2370; x_wconf 85' lang='lat' dir='ltr'><strong>J.</strong></span> <span class='ocrx_word' id='word_1_121' title='bbox 1495 2306 1565 2370; x_wconf 86' lang='lat' dir='ltr'><strong>C.</strong></span> <span class='ocrx_word' id='word_1_122' title='bbox 1609 2305 1914 2395; x_wconf 73' lang='lat' dir='ltr'><strong>Scaliger,</strong></span> <span class='ocrx_word' id='word_1_123' title='bbox 1958 2309 2145 2390; x_wconf 77' lang='lat' dir='ltr'><strong>cujus</strong></span> <span class='ocrx_word' id='word_1_124' title='bbox 2196 2309 2337 2377; x_wconf 80' lang='lat' dir='ltr'><strong>haec</strong></span> <span class='ocrx_word' id='word_1_125' title='bbox 2396 2329 2550 2377; x_wconf 87' lang='lat' dir='ltr'><strong>sunt</strong></span> 
     </span>
     <span class='ocr_line' id='line_1_18' title="bbox 411 2409 2549 2502; baseline 0.002 -23"><span class='ocrx_word' id='word_1_126' title='bbox 411 2413 604 2479; x_wconf 83' lang='lat' dir='ltr'><strong>verba</strong></span> <span class='ocrx_word' id='word_1_127' title='bbox 638 2412 731 2502; x_wconf 75' lang='grc'><strong>(4)</strong></span> <span class='ocrx_word' id='word_1_128' title='bbox 762 2436 779 2478; x_wconf 75' lang='lat'>2</span> <span class='ocrx_word' id='word_1_129' title='bbox 817 2443 843 2471; x_wconf 71' lang='grc' dir='ltr'><strong>α</strong></span> <span class='ocrx_word' id='word_1_130' title='bbox 871 2411 1102 2479; x_wconf 85' lang='lat' dir='ltr'><strong>Omnis</strong></span> <span class='ocrx_word' id='word_1_131' title='bbox 1139 2409 1287 2477; x_wconf 86' lang='lat' dir='ltr'><strong>finis</strong></span> <span class='ocrx_word' id='word_1_132' title='bbox 1329 2426 1427 2475; x_wconf 86' lang='lat' dir='ltr'><strong>est</strong></span> <span class='ocrx_word' id='word_1_133' title='bbox 1464 2410 1533 2475; x_wconf 87' lang='lat' dir='ltr'><strong>in</strong></span> <span class='ocrx_word' id='word_1_134' title='bbox 1564 2433 1799 2500; x_wconf 82' lang='lat' dir='ltr'><strong>genere</strong></span> <span class='ocrx_word' id='word_1_135' title='bbox 1835 2410 2188 2480; x_wconf 86' lang='lat' dir='ltr'><strong>bonorum.</strong></span> <span class='ocrx_word' id='word_1_136' title='bbox 2224 2415 2549 2498; x_wconf 80' lang='lat' dir='ltr'><strong>Quocirca</strong></span> 
     </span>
     <span class='ocr_line' id='line_1_19' title="bbox 410 2515 2547 2608; baseline 0.003 -25"><span class='ocrx_word' id='word_1_137' title='bbox 410 2540 545 2583; x_wconf 89' lang='lat' dir='ltr'><strong>non</strong></span> <span class='ocrx_word' id='word_1_138' title='bbox 581 2518 803 2585; x_wconf 89' lang='lat' dir='ltr'><strong>decuit</strong></span> <span class='ocrx_word' id='word_1_139' title='bbox 826 2517 920 2585; x_wconf 84' lang='lat' dir='ltr'><strong>M.</strong></span> <span class='ocrx_word' id='word_1_140' title='bbox 945 2515 1234 2583; x_wconf 88' lang='lat' dir='ltr'><strong>Tullium</strong></span> <span class='ocrx_word' id='word_1_141' title='bbox 1266 2537 1497 2581; x_wconf 84' lang='lat' dir='ltr'><strong>vocem</strong></span> <span class='ocrx_word' id='word_1_142' title='bbox 1538 2515 1711 2580; x_wconf 84' lang='lat' dir='ltr'><strong>hanc</strong></span> <span class='ocrx_word' id='word_1_143' title='bbox 1743 2532 1876 2581; x_wconf 81' lang='lat' dir='ltr'><strong>tam</strong></span> <span class='ocrx_word' id='word_1_144' title='bbox 1912 2515 1996 2585; x_wconf 85' lang='lat' dir='ltr'><strong>ad</strong></span> <span class='ocrx_word' id='word_1_145' title='bbox 2039 2520 2206 2585; x_wconf 78' lang='lat' dir='ltr'><strong>mala</strong></span> <span class='ocrx_word' id='word_1_146' title='bbox 2238 2544 2431 2608; x_wconf 76' lang='lat' dir='ltr'><strong>quam</strong></span> <span class='ocrx_word' id='word_1_147' title='bbox 2464 2522 2547 2589; x_wconf 77' lang='lat' dir='ltr'><strong>ad</strong></span> 
     </span>
     <span class='ocr_line' id='line_1_20' title="bbox 410 2621 2548 2712; baseline 0.002 -23"><span class='ocrx_word' id='word_1_148' title='bbox 410 2622 587 2690; x_wconf 85' lang='lat' dir='ltr'><strong>bona</strong></span> <span class='ocrx_word' id='word_1_149' title='bbox 619 2624 914 2690; x_wconf 84' lang='lat' dir='ltr'><strong>retulisse</strong></span> <span class='ocrx_word' id='word_1_150' title='bbox 945 2626 1013 2689; x_wconf 89' lang='lat' dir='ltr'><strong>in</strong></span> <span class='ocrx_word' id='word_1_151' title='bbox 1047 2646 1321 2690; x_wconf 85' lang='lat' dir='ltr'><strong>suorum</strong></span> <span class='ocrx_word' id='word_1_152' title='bbox 1361 2622 1682 2689; x_wconf 84' lang='lat' dir='ltr'><strong>librorum</strong></span> <span class='ocrx_word' id='word_1_153' title='bbox 1738 2621 2162 2712; x_wconf 83' lang='lat' dir='ltr'><strong>inscriptione</strong></span> <span class='ocrx_word' id='word_1_154' title='bbox 2189 2657 2234 2692; x_wconf 68' lang='grc' dir='ltr'><strong>ι.</strong></span> <span class='ocrx_word' id='word_1_155' title='bbox 2271 2625 2514 2693; x_wconf 87' lang='lat' dir='ltr'><strong>Verum</strong></span> <span class='ocrx_word' id='word_1_156' title='bbox 2530 2677 2548 2709; x_wconf 92' lang='lat'>‚</span> 
     </span>
     <span class='ocr_line' id='line_1_21' title="bbox 412 2730 2544 2816; baseline 0.002 -23"><span class='ocrx_word' id='word_1_157' title='bbox 412 2747 489 2795; x_wconf 89' lang='lat' dir='ltr'><strong>ut</strong></span> <span class='ocrx_word' id='word_1_158' title='bbox 545 2731 747 2797; x_wconf 87' lang='lat' dir='ltr'><strong>libere</strong></span> <span class='ocrx_word' id='word_1_159' title='bbox 797 2730 1042 2812; x_wconf 78' lang='lat' dir='ltr'><strong>dicam,</strong></span> <span class='ocrx_word' id='word_1_160' title='bbox 1097 2746 1240 2796; x_wconf 89' lang='lat' dir='ltr'><strong>toto</strong></span> <span class='ocrx_word' id='word_1_161' title='bbox 1301 2731 1456 2795; x_wconf 77' lang='lat' dir='ltr'><strong>caelo</strong></span> <span class='ocrx_word' id='word_1_162' title='bbox 1515 2745 1685 2797; x_wconf 84' lang='lat' dir='ltr'><strong>errat</strong></span> <span class='ocrx_word' id='word_1_163' title='bbox 1742 2730 1841 2793; x_wconf 83' lang='lat' dir='ltr'><strong>vir</strong></span> <span class='ocrx_word' id='word_1_164' title='bbox 1891 2732 2337 2816; x_wconf 78' lang='lat' dir='ltr'><strong>acutissimus,</strong></span> <span class='ocrx_word' id='word_1_165' title='bbox 2384 2733 2544 2800; x_wconf 86' lang='lat' dir='ltr'><strong>dum</strong></span> 
     </span>
     <span class='ocr_line' id='line_1_22' title="bbox 412 2835 2543 2926; baseline 0 -25"><span class='ocrx_word' id='word_1_166' title='bbox 412 2859 627 2926; x_wconf 87' lang='lat' dir='ltr'><strong>neque</strong></span> <span class='ocrx_word' id='word_1_167' title='bbox 660 2838 825 2913; x_wconf 80' lang='lat' dir='ltr'><strong>vim,</strong></span> <span class='ocrx_word' id='word_1_168' title='bbox 864 2859 1059 2924; x_wconf 84' lang='lat' dir='ltr'><strong>quam</strong></span> <span class='ocrx_word' id='word_1_169' title='bbox 1094 2836 1247 2900; x_wconf 76' lang='lat' dir='ltr'><em>Fini</em></span> <span class='ocrx_word' id='word_1_170' title='bbox 1276 2835 1506 2900; x_wconf 88' lang='lat' dir='ltr'><strong>tribuit</strong></span> <span class='ocrx_word' id='word_1_171' title='bbox 1537 2836 1798 2918; x_wconf 88' lang='lat' dir='ltr'><strong>Cicero,</strong></span> <span class='ocrx_word' id='word_1_172' title='bbox 1844 2859 1966 2901; x_wconf 88' lang='lat' dir='ltr'><strong>nec</strong></span> <span class='ocrx_word' id='word_1_173' title='bbox 1997 2860 2191 2901; x_wconf 84' lang='lat' dir='ltr'><strong>usum</strong></span> <span class='ocrx_word' id='word_1_174' title='bbox 2229 2838 2543 2925; x_wconf 87' lang='lat' dir='ltr'><strong>loquendi</strong></span> 
     </span>
     <span class='ocr_line' id='line_1_23' title="bbox 413 2938 2544 3028; baseline -0.001 -21"><span class='ocrx_word' id='word_1_175' title='bbox 413 2942 566 3007; x_wconf 84' lang='lat' dir='ltr'><strong>satis</strong></span> <span class='ocrx_word' id='word_1_176' title='bbox 607 2939 901 3005; x_wconf 86' lang='lat' dir='ltr'><strong>attendit.</strong></span> <span class='ocrx_word' id='word_1_177' title='bbox 950 2940 1117 3003; x_wconf 85' lang='lat' dir='ltr'><strong>Nam</strong></span> <span class='ocrx_word' id='word_1_178' title='bbox 1160 2939 1481 3004; x_wconf 81' lang='lat' dir='ltr'><strong>vocabulo</strong></span> <span class='ocrx_word' id='word_1_179' title='bbox 1515 2938 1694 3003; x_wconf 68' lang='lat' dir='ltr'><strong>Finis</strong></span> <span class='ocrx_word' id='word_1_180' title='bbox 1723 2950 1781 3005; x_wconf 79' lang='grc' dir='ltr'><strong>τὸ</strong></span> <span class='ocrx_word' id='word_1_181' title='bbox 1806 2942 1858 3003; x_wconf 74' lang='grc' dir='ltr'><strong>οὗ</strong></span> <span class='ocrx_word' id='word_1_182' title='bbox 1889 2951 2030 3004; x_wconf 64' lang='grc' dir='ltr'><strong><em>ἕνεκα</em></strong></span> <span class='ocrx_word' id='word_1_183' title='bbox 2063 2962 2199 3003; x_wconf 85' lang='lat' dir='ltr'><strong>non</strong></span> <span class='ocrx_word' id='word_1_184' title='bbox 2227 2940 2544 3028; x_wconf 60' lang='lat' dir='ltr'><strong>significa-</strong></span> 
     </span>
     <span class='ocr_line' id='line_1_24' title="bbox 412 3042 2544 3127; baseline -0 -16"><span class='ocrx_word' id='word_1_185' title='bbox 412 3064 565 3111; x_wconf 85' lang='lat' dir='ltr'><strong>tur:</strong></span> <span class='ocrx_word' id='word_1_186' title='bbox 621 3044 690 3109; x_wconf 86' lang='lat' dir='ltr'><strong>id</strong></span> <span class='ocrx_word' id='word_1_187' title='bbox 722 3045 898 3109; x_wconf 90' lang='lat' dir='ltr'><strong>enim</strong></span> <span class='ocrx_word' id='word_1_188' title='bbox 942 3058 1114 3107; x_wconf 90' lang='lat' dir='ltr'><strong>certe</strong></span> <span class='ocrx_word' id='word_1_189' title='bbox 1157 3044 1259 3107; x_wconf 80' lang='lat' dir='ltr'><strong>vel</strong></span> <span class='ocrx_word' id='word_1_190' title='bbox 1300 3058 1430 3125; x_wconf 86' lang='lat' dir='ltr'><strong>est,</strong></span> <span class='ocrx_word' id='word_1_191' title='bbox 1482 3043 1586 3106; x_wconf 80' lang='lat' dir='ltr'><strong>vel</strong></span> <span class='ocrx_word' id='word_1_192' title='bbox 1618 3042 1878 3108; x_wconf 81' lang='lat' dir='ltr'><strong>videtur</strong></span> <span class='ocrx_word' id='word_1_193' title='bbox 1909 3066 2050 3107; x_wconf 81' lang='lat' dir='ltr'><strong>esse</strong></span> <span class='ocrx_word' id='word_1_194' title='bbox 2081 3043 2375 3127; x_wconf 85' lang='lat' dir='ltr'><strong>bonum,</strong></span> <span class='ocrx_word' id='word_1_195' title='bbox 2426 3069 2544 3111; x_wconf 88' lang='lat' dir='ltr'><strong>nec</strong></span> 
     </span>
     <span class='ocr_line' id='line_1_25' title="bbox 412 3148 2544 3240; baseline 0 -23"><span class='ocrx_word' id='word_1_196' title='bbox 412 3153 715 3217; x_wconf 81' lang='lat' dir='ltr'><strong>humanae</strong></span> <span class='ocrx_word' id='word_1_197' title='bbox 744 3165 990 3213; x_wconf 81' lang='lat' dir='ltr'><strong>naturae</strong></span> <span class='ocrx_word' id='word_1_198' title='bbox 1012 3148 1320 3211; x_wconf 79' lang='lat' dir='ltr'><strong>convenit</strong></span> <span class='ocrx_word' id='word_1_199' title='bbox 1338 3195 1356 3230; x_wconf 90' lang='lat'>‚</span> <span class='ocrx_word' id='word_1_200' title='bbox 1391 3163 1469 3211; x_wconf 88' lang='lat' dir='ltr'><strong>ut</strong></span> <span class='ocrx_word' id='word_1_201' title='bbox 1499 3169 1640 3211; x_wconf 88' lang='lat' dir='ltr'><strong>rem</strong></span> <span class='ocrx_word' id='word_1_202' title='bbox 1672 3148 2028 3235; x_wconf 72' lang='lat' dir='ltr'><strong>quamlibet</strong></span> <span class='ocrx_word' id='word_1_203' title='bbox 2058 3162 2202 3212; x_wconf 89' lang='lat' dir='ltr'><strong>tum</strong></span> <span class='ocrx_word' id='word_1_204' title='bbox 2236 3154 2544 3240; x_wconf 84' lang='lat' dir='ltr'><strong>temporis</strong></span> 
     </span>
     <span class='ocr_line' id='line_1_26' title="bbox 413 3254 2542 3355; baseline -0.001 -30"><span class='ocrx_word' id='word_1_205' title='bbox 413 3274 794 3349; x_wconf 82' lang='lat' dir='ltr'><strong>appetamus</strong></span> <span class='ocrx_word' id='word_1_206' title='bbox 826 3271 893 3320; x_wconf 88' lang='lat' dir='ltr'><strong>et</strong></span> <span class='ocrx_word' id='word_1_207' title='bbox 917 3254 1231 3342; x_wconf 88' lang='lat' dir='ltr'><strong>consequi</strong></span> <span class='ocrx_word' id='word_1_208' title='bbox 1261 3255 1569 3355; x_wconf 41' lang='lat' dir='ltr'><strong>nit-amur,</strong></span> <span class='ocrx_word' id='word_1_209' title='bbox 1587 3276 1796 3342; x_wconf 89' lang='lat' dir='ltr'><strong>quum</strong></span> <span class='ocrx_word' id='word_1_210' title='bbox 1829 3254 1976 3343; x_wconf 87' lang='lat' dir='ltr'><strong>plus</strong></span> <span class='ocrx_word' id='word_1_211' title='bbox 2007 3277 2148 3319; x_wconf 84' lang='lat' dir='ltr'><strong>eam</strong></span> <span class='ocrx_word' id='word_1_212' title='bbox 2178 3254 2542 3323; x_wconf 86' lang='lat' dir='ltr'><strong>detrimenti</strong></span> 
     </span>
     <span class='ocr_line' id='line_1_27' title="bbox 414 3355 2542 3448; baseline -0 -19"><span class='ocrx_word' id='word_1_213' title='bbox 414 3366 517 3430; x_wconf 81' lang='lat' dir='ltr'><strong>vel</strong></span> <span class='ocrx_word' id='word_1_214' title='bbox 533 3358 1156 3448; x_wconf 84' lang='lat' dir='ltr'><strong>incommodi,quam</strong></span> <span class='ocrx_word' id='word_1_215' title='bbox 1169 3355 1592 3439; x_wconf 80' lang='lat' dir='ltr'><strong>jucunditatis</strong></span> <span class='ocrx_word' id='word_1_216' title='bbox 1615 3374 1729 3422; x_wconf 81' lang='lat' dir='ltr'><strong>aut</strong></span> <span class='ocrx_word' id='word_1_217' title='bbox 1749 3358 2172 3424; x_wconf 88' lang='lat' dir='ltr'><strong>emolumenti</strong></span> <span class='ocrx_word' id='word_1_218' title='bbox 2192 3362 2378 3426; x_wconf 89' lang='lat' dir='ltr'><strong>nobis</strong></span> <span class='ocrx_word' id='word_1_219' title='bbox 2393 3363 2542 3428; x_wconf 81' lang='lat' dir='ltr'>alla-</span> 
     </span>
     <span class='ocr_line' id='line_1_28' title="bbox 414 3466 2542 3548; baseline -0.002 -14"><span class='ocrx_word' id='word_1_220' title='bbox 414 3487 627 3534; x_wconf 81' lang='lat' dir='ltr'><strong>turam</strong></span> <span class='ocrx_word' id='word_1_221' title='bbox 659 3487 1054 3532; x_wconf 77' lang='lat' dir='ltr'><strong>censeamus.</strong></span> <span class='ocrx_word' id='word_1_222' title='bbox 1070 3478 1166 3527; x_wconf 80' lang='grc' dir='ltr'><strong>Τοῦ</strong></span> <span class='ocrx_word' id='word_1_223' title='bbox 1178 3472 1273 3544; x_wconf 75' lang='grc' dir='ltr'><strong>γὰρ</strong></span> <span class='ocrx_word' id='word_1_224' title='bbox 1287 3468 1547 3534; x_wconf 73' lang='grc' dir='ltr'>δοκοῦντος</span> <span class='ocrx_word' id='word_1_225' title='bbox 1569 3466 1693 3526; x_wconf 59' lang='lat' dir='ltr'><strong>nisae</strong></span> <span class='ocrx_word' id='word_1_226' title='bbox 1709 3474 1889 3544; x_wconf 69' lang='grc' dir='ltr'>ἀγαθοῦ</span> <span class='ocrx_word' id='word_1_227' title='bbox 1911 3474 2049 3547; x_wconf 71' lang='grc' dir='ltr'>χάριν</span> <span class='ocrx_word' id='word_1_228' title='bbox 2073 3475 2246 3528; x_wconf 75' lang='grc' dir='ltr'>πάντα</span> <span class='ocrx_word' id='word_1_229' title='bbox 2268 3478 2542 3548; x_wconf 77' lang='grc' dir='ltr'>πράττουσι</span> 
     </span>
     <span class='ocr_line' id='line_1_29' title="bbox 411 3566 2542 3661; baseline -0.005 -26"><span class='ocrx_word' id='word_1_230' title='bbox 411 3587 594 3646; x_wconf 71' lang='grc' dir='ltr'><strong><em>πάντας</em></strong></span> <span class='ocrx_word' id='word_1_231' title='bbox 611 3623 630 3657; x_wconf 87' lang='grc'><em>,</em></span> <span class='ocrx_word' id='word_1_232' title='bbox 662 3590 738 3638; x_wconf 89' lang='lat' dir='ltr'><strong>ut</strong></span> <span class='ocrx_word' id='word_1_233' title='bbox 773 3572 925 3637; x_wconf 88' lang='lat' dir='ltr'><strong>olim</strong></span> <span class='ocrx_word' id='word_1_234' title='bbox 956 3570 1118 3636; x_wconf 80' lang='lat' dir='ltr'><strong>dixit</strong></span> <span class='ocrx_word' id='word_1_235' title='bbox 1142 3566 1519 3635; x_wconf 86' lang='lat' dir='ltr'><strong>Aristoteles</strong></span> <span class='ocrx_word' id='word_1_236' title='bbox 1554 3567 1668 3656; x_wconf 83' lang='lat'><strong>(5).</strong></span> <span class='ocrx_word' id='word_1_237' title='bbox 1688 3568 1927 3635; x_wconf 87' lang='lat' dir='ltr'><strong>Noster</strong></span> <span class='ocrx_word' id='word_1_238' title='bbox 1960 3586 2167 3654; x_wconf 86' lang='lat' dir='ltr'><strong>certe,</strong></span> <span class='ocrx_word' id='word_1_239' title='bbox 2189 3573 2370 3660; x_wconf 84' lang='lat' dir='ltr'><strong>quod</strong></span> <span class='ocrx_word' id='word_1_240' title='bbox 2396 3597 2542 3661; x_wconf 70' lang='lat' dir='ltr'><strong>pas-</strong></span> 
     </span>
    </p>
   </div>
   <div class='ocr_carea' id='block_1_4' title="bbox 485 3792 2118 4211">
    <p class='ocr_par' dir='ltr' id='par_1_5' title="bbox 485 3792 1681 3864">
     <span class='ocr_line' id='line_1_30' title="bbox 485 3792 1681 3864; baseline -0.005 -16"><span class='ocrx_word' id='word_1_241' title='bbox 485 3801 562 3864; x_wconf 78' lang='grc' dir='ltr'><strong>(ι)</strong></span> <span class='ocrx_word' id='word_1_242' title='bbox 597 3796 852 3862; x_wconf 79' lang='lat' dir='ltr'><strong>Duquisit.</strong></span> <span class='ocrx_word' id='word_1_243' title='bbox 873 3799 899 3845; x_wconf 91' lang='lat'>1</span> <span class='ocrx_word' id='word_1_244' title='bbox 924 3799 977 3845; x_wconf 87' lang='lat' dir='ltr'><strong>in</strong></span> <span class='ocrx_word' id='word_1_245' title='bbox 999 3796 1153 3845; x_wconf 84' lang='lat' dir='ltr'><strong>libros</strong></span> <span class='ocrx_word' id='word_1_246' title='bbox 1172 3795 1422 3847; x_wconf 73' lang='lat' dir='ltr'><strong>Ciceronis</strong></span> <span class='ocrx_word' id='word_1_247' title='bbox 1438 3792 1499 3842; x_wconf 79' lang='lat' dir='ltr'><strong>dc</strong></span> <span class='ocrx_word' id='word_1_248' title='bbox 1529 3792 1681 3843; x_wconf 76' lang='lat' dir='ltr'><strong>omo.</strong></span> 
     </span>
    </p>

    <p class='ocr_par' dir='ltr' id='par_1_6' title="bbox 485 3883 1642 3950">
     <span class='ocr_line' id='line_1_31' title="bbox 485 3883 1642 3950; baseline -0.005 -14"><span class='ocrx_word' id='word_1_249' title='bbox 485 3888 562 3950; x_wconf 69' lang='lat' dir='ltr'><strong>(a)</strong></span> <span class='ocrx_word' id='word_1_250' title='bbox 600 3886 682 3935; x_wconf 70' lang='lat' dir='ltr'><strong>Ad</strong></span> <span class='ocrx_word' id='word_1_251' title='bbox 707 3885 988 3950; x_wconf 68' lang='lat' dir='ltr'><strong>Cdcngnini</strong></span> <span class='ocrx_word' id='word_1_252' title='bbox 1007 3884 1267 3949; x_wconf 79' lang='lat' dir='ltr'><strong>Disqnisit.</strong></span> <span class='ocrx_word' id='word_1_253' title='bbox 1290 3886 1316 3931; x_wconf 89' lang='lat'>1</span> <span class='ocrx_word' id='word_1_254' title='bbox 1334 3920 1351 3945; x_wconf 87' lang='lat'>‚</span> <span class='ocrx_word' id='word_1_255' title='bbox 1384 3898 1497 3948; x_wconf 70' lang='lat' dir='ltr'><strong>pag.</strong></span> <span class='ocrx_word' id='word_1_256' title='bbox 1523 3883 1642 3931; x_wconf 81' lang='lat'>186.</span> 
     </span>
    </p>

    <p class='ocr_par' dir='ltr' id='par_1_7' title="bbox 486 3970 1520 4038">
     <span class='ocr_line' id='line_1_32' title="bbox 486 3970 1520 4038; baseline -0.005 -15"><span class='ocrx_word' id='word_1_257' title='bbox 486 3975 563 4037; x_wconf 83' lang='lat'><strong>(3)</strong></span> <span class='ocrx_word' id='word_1_258' title='bbox 597 3973 658 4027; x_wconf 82' lang='lat' dir='ltr'><strong>ld</strong></span> <span class='ocrx_word' id='word_1_259' title='bbox 682 3974 786 4038; x_wconf 68' lang='lat' dir='ltr'><strong>ipse</strong></span> <span class='ocrx_word' id='word_1_260' title='bbox 811 3973 985 4022; x_wconf 81' lang='lat' dir='ltr'><strong>Cicero</strong></span> <span class='ocrx_word' id='word_1_261' title='bbox 1012 3982 1231 4027; x_wconf 72' lang='lat' dir='ltr'><strong>testatur,</strong></span> <span class='ocrx_word' id='word_1_262' title='bbox 1259 3970 1364 4019; x_wconf 65' lang='lat' dir='ltr'><strong>rin.</strong></span> <span class='ocrx_word' id='word_1_263' title='bbox 1388 3972 1441 4032; x_wconf 87' lang='lat'><strong>1,</strong></span> <span class='ocrx_word' id='word_1_264' title='bbox 1468 3977 1520 4026; x_wconf 74' lang='grc'><strong>4.</strong></span> 
     </span>
    </p>

    <p class='ocr_par' dir='ltr' id='par_1_8' title="bbox 491 4056 1890 4131">
     <span class='ocr_line' id='line_1_33' title="bbox 491 4056 1890 4131; baseline -0.005 -21"><span class='ocrx_word' id='word_1_265' title='bbox 491 4063 564 4123; x_wconf 73' lang='grc'><strong>(4)</strong></span> <span class='ocrx_word' id='word_1_266' title='bbox 592 4064 668 4110; x_wconf 84' lang='lat' dir='ltr'><strong>De</strong></span> <span class='ocrx_word' id='word_1_267' title='bbox 701 4061 879 4110; x_wconf 76' lang='lat' dir='ltr'><strong>Subtil.</strong></span> <span class='ocrx_word' id='word_1_268' title='bbox 906 4064 1078 4110; x_wconf 79' lang='lat' dir='ltr'><strong>Exere.</strong></span> <span class='ocrx_word' id='word_1_269' title='bbox 1104 4061 1254 4120; x_wconf 80' lang='lat' dir='ltr'>CCL,</span> <span class='ocrx_word' id='word_1_270' title='bbox 1276 4073 1388 4123; x_wconf 70' lang='lat' dir='ltr'><strong>pag.</strong></span> <span class='ocrx_word' id='word_1_271' title='bbox 1413 4059 1515 4119; x_wconf 77' lang='lat'><strong>726</strong></span> <span class='ocrx_word' id='word_1_272' title='bbox 1531 4093 1548 4119; x_wconf 88' lang='lat'><strong>,</strong></span> <span class='ocrx_word' id='word_1_273' title='bbox 1568 4056 1649 4106; x_wconf 85' lang='lat' dir='ltr'><strong>ed.</strong></span> <span class='ocrx_word' id='word_1_274' title='bbox 1667 4056 1890 4131; x_wconf 64' lang='lat' dir='ltr'><strong>Woehel.</strong></span> 
     </span>
    </p>

    <p class='ocr_par' dir='ltr' id='par_1_9' title="bbox 490 4144 2118 4211">
     <span class='ocr_line' id='line_1_34' title="bbox 490 4144 2118 4211; baseline -0.002 -14"><span class='ocrx_word' id='word_1_275' title='bbox 490 4148 566 4211; x_wconf 74' lang='grc'><strong>(5)</strong></span> <span class='ocrx_word' id='word_1_276' title='bbox 600 4149 744 4198; x_wconf 69' lang='lat' dir='ltr'><strong>Ponit.</strong></span> <span class='ocrx_word' id='word_1_277' title='bbox 774 4152 828 4207; x_wconf 91' lang='lat'><strong>1,</strong></span> <span class='ocrx_word' id='word_1_278' title='bbox 861 4165 906 4197; x_wconf 82' lang='lat'><strong>1.</strong></span> <span class='ocrx_word' id='word_1_279' title='bbox 926 4149 1058 4203; x_wconf 76' lang='lat' dir='ltr'><strong>,Vide</strong></span> <span class='ocrx_word' id='word_1_280' title='bbox 1084 4149 1151 4196; x_wconf 80' lang='lat' dir='ltr'><strong>sis</strong></span> <span class='ocrx_word' id='word_1_281' title='bbox 1175 4159 1223 4196; x_wconf 80' lang='lat' dir='ltr'><strong>et</strong></span> <span class='ocrx_word' id='word_1_282' title='bbox 1250 4146 1407 4196; x_wconf 72' lang='lat' dir='ltr'><strong>Echio.</strong></span> <span class='ocrx_word' id='word_1_283' title='bbox 1430 4145 1627 4195; x_wconf 75' lang='lat' dir='ltr'><strong>Nicon.</strong></span> <span class='ocrx_word' id='word_1_284' title='bbox 1650 4144 1734 4193; x_wconf 85' lang='lat' dir='ltr'><strong>lib.</strong></span> <span class='ocrx_word' id='word_1_285' title='bbox 1753 4147 1799 4203; x_wconf 92' lang='lat'><strong>1,</strong></span> <span class='ocrx_word' id='word_1_286' title='bbox 1831 4159 1974 4209; x_wconf 72' lang='lat' dir='ltr'><strong>capp.</strong></span> <span class='ocrx_word' id='word_1_287' title='bbox 2002 4161 2047 4203; x_wconf 79' lang='lat' dir='ltr'><strong>t,</strong></span> <span class='ocrx_word' id='word_1_288' title='bbox 2068 4148 2118 4204; x_wconf 78' lang='grc'><strong>4.</strong></span> 
     </span>
    </p>
   </div>
   <div class='ocr_carea' id='block_1_5' title="bbox 2193 4256 2257 4297">
    <p class='ocr_par' dir='ltr' id='par_1_10' title="bbox 2193 4256 2257 4297">
     <span class='ocr_line' id='line_1_35' title="bbox 2193 4256 2257 4297; baseline -0.016 0"><span class='ocrx_word' id='word_1_289' title='bbox 2193 4256 2257 4297; x_wconf 79' lang='lat'><strong>2.</strong></span> 
     </span>
    </p>
   </div>
  </div>
 </body>
</html>
