3217 4784
834 398 959 464 DE
1007 398 1177 469 FIN.
1233 398 1441 466 BON.
1497 400 1613 467 ET
1661 398 1877 467 MAL.
1927 399 2035 481 ΙΙ,
2070 395 2185 482 34.

2426 398 2565 471 303

428 516 799 614 parandis,
831 517 1007 616 quid
1053 532 1255 589 tanto
1294 543 1658 590 concursu
1697 518 2373 590 honestissimorum
2412 537 2564 592 stu·

425 628 748 717 diorum,
789 644 995 701 tanto
1045 631 1399 699 virtutum
1451 632 1838 713 comitatu,
1883 631 1941 701 si
1992 655 2076 701 ea
2135 630 2411 701 nullam
2472 632 2564 702 ad

422 739 631 810 aliam
667 765 857 823 rem,
904 740 1046 811 nisi
1082 737 1171 809 ad
1209 736 1660 836 voluptatem
1707 740 2293 837 conquiruntur?
2332 745 2465 827 Ut,
2506 742 2564 812 si

426 858 728 936 Xerxes,
759 875 991 948 quum
1016 850 1233 919 tantis
1272 838 1658 919 classibus⁵
1663 852 2074 946 ‚tantisque
2108 851 2566 946 equestribus

422 976 496 1032 et
544 959 1003 1060 pedestribus
1045 959 1312 1056 copiis,
1370 957 1847 1055 Hellesponto
1884 955 2231 1052 junct06‚
2276 960 2566 1034 Athone

422 1071 779 1169 perf0550‚
817 1070 1039 1141 maria
1069 1067 1609 1150 ambulavisset,
1639 1079 2097 1163 terramque⁷
2130 1072 2564 1167 navigasset3

422 1184 520 1267 si,
560 1204 792 1278 quum
820 1193 1027 1251 tanto
1070 1182 1349 1277 impetu
1388 1180 1463 1249 in
1498 1179 1847 1250 Graeciam
1876 1179 2192 1250 venisset
2217 1233 2236 1265 ,
2276 1206 2565 1255 causam

423 1293 581 1387 ejus
609 1292 776 1388 quis
808 1316 896 1362 ex
932 1315 1022 1361 eo
1063 1305 1419 1387 quaereret
1440 1286 1469 1332 ⁸
1504 1304 1869 1361 tantarum
1908 1288 2321 1383 copiarum,
2350 1295 2566 1365 tanti-

424 1426 570 1497 que
613 1399 827 1487 belli,
875 1398 1020 1472 mel
1067 1425 1145 1473 se
1199 1399 1486 1472 auferre
1538 1426 1628 1472 ex
1672 1405 2064 1495 Hymetto⁹
2103 1396 2412 1474 voluisse
2457 1403 2567 1474 di-

421 1611 482 1658 ad
517 1622 657 1659 tanco
681 1611 940 1675 pertineat.
963 1610 1043 1658 Ad
1062 1626 1181 1675 opus
1197 1620 1361 1657 autem
1378 1625 1455 1656 ra·

430 1690 614 1738 tissime
650 1702 722 1737 ese
752 1689 1017 1736 omittitur.
1044 1690 1108 1735 Et
1135 1698 1294 1735 tamen
1331 1688 1452 1733 fate-

426 1785 553 1828 mur,
583 1770 749 1817 locum
772 1767 877 1815 fieri
898 1766 1135 1814 latiorem
1159 1764 1313 1811 verbo
1341 1763 1454 1810 sub-

423 1849 636 1895 stantivo
654 1848 853 1893 omisso.
874 1843 1127 1891 lucitatius
1150 1842 1278 1889 enim
1301 1858 1454 1906 quum

426 1926 531 1973 haee
564 1923 930 1989 pronuntianda
969 1923 1068 1970 sint
1091 1956 1107 1981 ‚
1147 1937 1282 1969 mora
1317 1937 1451 1984 quae-

427 2002 536 2051 dam
560 2003 893 2067 interponitur
913 2037 928 2063 ,
953 2012 1022 2048 ese
1037 2000 1316 2062 interjecto.
1348 2002 1411 2049 G.

499 2081 551 2130 5.
591 2084 750 2145 Quum
794 2080 945 2129 tantis
982 2080 1233 2131 classibus.
1278 2081 1355 2129 Ne
1389 2080 1453 2128 de

426 2160 613 2225 duplici
636 2160 718 2207 illa
743 2160 1000 2223 longarum
1032 2160 1232 2208 navium
1257 2171 1305 2208 et
1331 2176 1451 2208 one-

426 2240 660 2288 rariarum
705 2239 980 2304 intelligas3
1028 2240 1094 2287 cs.
1141 2240 1291 2287 Corn.
1318 2239 1450 2302 Nep.

425 2320 661 2368 Themist.
692 2335 721 2366 ²
748 2354 764 2381 ,
815 2319 877 2377 5,
907 2317 1072 2382 ibique
1114 2319 1226 2365 Bos.
1263 2318 1350 2365 sed
1376 2334 1455 2365 eas

427 2402 585 2465 regis,
626 2411 676 2447 et
706 2399 971 2449 sociorum.
1001 2400 1079 2447 Ita
1107 2399 1281 2463 reponi
1309 2398 1456 2447 debet

426 2482 591 2530 Divin.
622 2484 673 2540 1,
719 2493 785 2539 40
806 2517 821 2542 ,
849 2482 913 2543 87
953 2494 968 2528 :
995 2502 1021 2522 α
1043 2497 1251 2543 eumque
1280 2479 1452 2527 ducem

425 2561 651 2608 classium
677 2559 826 2607 fuisse
844 2595 859 2619 ,
901 2560 988 2608 ubi
1013 2561 1129 2606 Em.
1150 2568 1198 2605 et
1223 2559 1451 2623 Hotting.

423 2640 590 2688 classis
675 2654 953 2688 correxere.
1019 2637 1267 2702 Intelliges
1322 2639 1454 2687 enim

424 2719 597 2767 classes
620 2716 854 2780 βασιλέων
881 2715 966 2768 καὶ
1001 2716 1218 2768 ἀνάκτων
1248 2719 1451 2768 Graeciae

424 2801 475 2847 in
501 2816 647 2848 uuam
669 2802 883 2860 junctas.
906 2799 970 2846 G.

493 2881 543 2925 6.
574 2878 878 2943 Hellesponto
895 2877 1073 2941 juncto
1084 2909 1098 2922 .
1113 2913 1126 2926 .
1140 2913 1155 2925 .
1167 2887 1446 2942 terramque

423 2957 711 3022 navigasset.
738 2956 929 3003 Primus
962 2955 1087 3002 vidit
1106 2956 1341 3017 Ursinus,
1369 2973 1452 3004 ex·

422 3053 585 3101 pressa
612 3035 718 3083 haec
747 3050 850 3080 esse
876 3049 940 3079 ex
976 3034 1202 3080 Isocratis
1229 3035 1448 3099 Panegy-

422 3116 558 3173 rico,
578 3131 622 3163 c.
646 3112 754 3161 25:
780 3110 874 3167 ὤςε
895 3114 963 3178 τῷ
984 3105 1280 3178 ςρατοπέδῳ
1306 3116 1448 3162 πλεῦ-

424 3211 505 3242 σαι
535 3191 619 3260 μὲν
648 3184 734 3239 διὰ
759 3208 841 3247 της
873 3187 1102 3257 ἠπείρου,
1136 3187 1360 3244 πεζεῦσαι
1389 3185 1449 3238 δὲ

424 3268 515 3321 διὰ
540 3275 619 3329 τῆς
645 3267 914 3328 θαλάττης,
945 3268 1025 3319 τὸν
1060 3266 1144 3335 μὲν
1178 3256 1449 3320 Ἑλλήσπον-

425 3369 502 3402 τον
520 3347 709 3410 ζεύξας,
749 3367 829 3399 τον
863 3343 918 3396 δὲ
940 3334 1045 3398 Δθω
1075 3342 1314 3415 διορύξας.
1354 3348 1449 3395 Ce-

423 3445 581 3482 terum
606 3430 736 3478 clare
768 3428 989 3494 praebent
1016 3429 1120 3475 Erl.
1148 3437 1199 3476 et
1226 3425 1356 3475 Gud.
1384 3443 1448 3483 ²,

424 3512 624 3561 Athone
637 3507 881 3575 perfosso.

497 3610 546 3654 7.
578 3593 874 3652 Terramque
909 3586 1205 3652 navigasset.
1240 3586 1450 3634 Goerenz

423 3673 552 3721 delet
573 3685 687 3735 que.
713 3667 967 3715 Paruimus
981 3701 995 3723 ‚
1031 3665 1193 3729 inquit
1213 3697 1229 3724 ,
1252 3664 1380 3728 Spir.
1399 3675 1447 3712 et

422 3752 520 3800 Erl.
546 3750 698 3814 idque
721 3746 871 3810 magis
891 3781 906 3804 ‚
923 3761 1075 3809 quum
1100 3744 1234 3793 Gud.
1265 3759 1294 3791 2
1311 3778 1326 3804 ,
1363 3745 1452 3792 vel

420 3841 600 3879 terram
621 3826 868 3877 exhibeat.
896 3829 1127 3891 Ignorant
1149 3824 1265 3872 item
1288 3839 1445 3889 copu-

422 3909 520 3956 lam
548 3911 751 3957 Oxoun.
780 3901 820 3963 ξ.
851 3915 899 3953 et
918 3921 971 3967 χ.

498 3990 545 4035 8.
564 3988 771 4035 Causam
791 3985 894 4050 ejus
905 3982 1012 4049 quis
1029 4000 1095 4031 ea:
1113 3999 1170 4030 eo
1189 3994 1444 4046 quoereree.

426 4067 563 4114 Goer.
582 4064 748 4113 scribit
790 4081 804 4114 :
847 4076 896 4112 ec
922 4080 1126 4111 eausam
1164 4062 1272 4126 quis
1298 4078 1362 4108 ex
1389 4078 1447 4109 eo

427 4156 686 4207 qua-reret.
708 4145 968 4205 Miramur,
993 4145 1184 4209 iuquit,
1210 4143 1448 4190 neminem

1540 1609 1863 1673 interpretum
1898 1609 2115 1669 vidisse,
2159 1622 2207 1660 ee
2229 1612 2356 1660 hane
2373 1647 2388 1673 ,
2424 1632 2570 1680 quam

1541 1698 1707 1735 nostra
1742 1698 1917 1751 sponte
1961 1688 2266 1748 addidimus,
2301 1691 2465 1740 abesse
2505 1697 2568 1742 ab

1538 1765 1875 1815 hiseontextis
1891 1767 2030 1816 nullo
2051 1767 2203 1815 modo
2216 1784 2385 1833 posse,
2411 1787 2565 1835 quum

1538 1843 1586 1893 si
1629 1845 1908 1909 praecedens
1963 1846 2028 1894 ad
2075 1844 2265 1896 diceret
2311 1850 2566 1901 referatur.

1542 1925 1747 1973 Causam
1765 1959 1779 1983 ,
1819 1942 1882 1973 ex
1916 1942 2010 1989 qus
2035 1927 2276 1976 exciderit
2292 1962 2307 1987 ,
2330 1930 2537 1994 quisque
2554 1966 2570 1989 ‚

1540 2003 1679 2052 nullo
1702 2015 1933 2052 monente
1951 2039 1968 2064 ,
1993 2006 2148 2055 videt.
2177 2008 2383 2055 Causam
2406 2022 2570 2059 sutem

1540 2100 1647 2131 eam
1669 2119 1685 2144 ‚
1726 2101 1812 2133 eur
1836 2085 1999 2133 minus
2027 2088 2141 2132 VV.
2177 2087 2289 2136 DD.
2317 2087 2451 2135 huuc
2483 2089 2569 2138 de-

1540 2163 1723 2211 fectum
1770 2164 1996 2212 viderunt
2020 2197 2037 2223 ,
2085 2165 2296 2230 disparia
2349 2178 2567 2231 tempora

1544 2240 1754 2301 dixeris,
1782 2258 1893 2305 quae
1913 2243 1964 2291 h.
1985 2243 2020 2293 l.
2046 2256 2097 2291 ec
2127 2245 2310 2309 jungit.
2340 2246 2436 2293 Sed
2463 2247 2568 2295 haec

1540 2332 1599 2368 ut
1635 2321 1781 2368 variis
1807 2336 1868 2370 ex
1892 2323 2049 2370 causis
2075 2340 2203 2388 saepe
2229 2326 2568 2389 reperiuntur,

1540 2399 1608 2446 ita
1625 2399 1720 2447 hoc
1739 2400 1854 2447 loeo
1876 2403 2013 2465 quasi
2032 2418 2095 2449 ex
2113 2404 2276 2466 regula
2296 2417 2569 2467 ponuntur,

1541 2495 1695 2544 quum
1740 2491 2014 2543 quoererene
2051 2481 2116 2528 sit
2164 2482 2370 2545 optativi
2424 2484 2568 2539 loco,

1541 2568 1698 2617 verte,
1705 2556 1897 2624 stagera
1911 2559 2089 2608 wollte.
2107 2559 2180 2608 De
2198 2560 2243 2607 si
2253 2594 2269 2620 ,
2288 2571 2404 2624 post
2421 2578 2568 2611 enun-

1542 2638 1769 2686 tiationes
1804 2638 2082 2699 interjectas
2124 2640 2329 2704 repetite
2374 2645 2532 2706 posits
2552 2679 2568 2697 ,

1540 2717 1655 2764 vide
1692 2733 1787 2766 nos
1836 2717 1900 2764 ad
1944 2718 2134 2766 Acadd.
2175 2723 2228 2778 1,
2263 2737 2328 2781 2,
2366 2731 2414 2779 4.
2449 2724 2568 2770 Post

1539 2811 1741 2844 causam
1779 2796 1956 2845 deinde
1993 2797 2134 2847 addit
2182 2800 2375 2863 vulgata
2421 2800 2524 2865 ejus
2550 2818 2567 2847 .-

1539 2875 1677 2939 quod
1703 2888 1835 2925 recte
1863 2876 2022 2938 reficit
2061 2880 2225 2927 Brem.
2251 2880 2376 2926 Nam
2411 2879 2455 2925 si
2491 2881 2566 2926 vel

1538 2954 1612 3002 sie
1646 2956 1924 3020 acceperis,
1963 2967 2018 3003 ut
2046 2956 2267 3020 duplices
2306 2959 2405 3005 sint
2432 2960 2567 3018 geni·

1538 3033 1662 3093 tivi,
1709 3034 1896 3082 diverse
1935 3034 2092 3091 recti,
2140 3035 2300 3098 qualis
2347 3036 2566 3097 exempla

1537 3112 1671 3176 apud
1694 3124 1944 3161 auctorem
1964 3110 2096 3158 haud
2120 3111 2187 3158 ita
2217 3115 2564 3177 rara'sunuef.

1537 3191 1725 3256 Wopk.
1747 3193 1903 3239 Leett.
1927 3189 2059 3236 Tull.
2081 3205 2133 3253 p.
2163 3192 2261 3252 893
2300 3202 2461 3238 tamen
2489 3193 2564 3239 vel

1537 3269 1608 3317 sic
1644 3284 1916 3335 pronomen
1957 3268 2114 3331 friget.
2177 3270 2382 3334 Sequuti
2416 3271 2566 3334 igitur

1538 3347 1667 3411 Spir.
1710 3359 1759 3397 et
1786 3348 1886 3396 Erl.
1923 3364 2089 3396 sumus
2109 3381 2125 3408 ,
2148 3349 2237 3413 qui
2267 3349 2398 3398 idem
2424 3350 2566 3415 igno-

1539 3437 1668 3475 rant.

1611 3523 1661 3568 9.
1687 3505 1793 3553 Mel
1814 3521 1866 3552 se
1887 3502 2088 3570 aufirre
2111 3523 2178 3554 ετ
2201 3509 2443 3568 Hymetto.
2464 3514 2567 3557 Au-

1523 3581 1667 3649 ferre
1691 3585 1823 3649 Spir.
1858 3595 1906 3633 et
1942 3585 2043 3634 Erl.
2075 3601 2187 3633 eum
2214 3586 2319 3636 Pal.
2365 3603 2387 3634 1
2442 3591 2565 3637 refe·

1539 3675 1681 3723 runt,
1718 3664 1855 3729 quod
1882 3667 1938 3714 P.
1964 3666 2156 3713 Manut.
2194 3682 2257 3713 ex
2282 3667 2562 3728 conjectura

1537 3758 1767 3794 suaserat.
1794 3746 1945 3793 Prave
1974 3745 2094 3795 olim
2131 3745 2331 3811 afferre.
2375 3774 2447 3784 -—
2488 3750 2563 3795 De

1535 3825 1679 3873 melle
1710 3834 1872 3872 autem
1914 3826 2172 3888 Hymettia
2203 3826 2336 3890 apud
2362 3828 2563 3874 Veteres

1536 3904 1947 3969 exquisitissimo,
1988 3915 2118 3951 recte
2148 3904 2311 3953 laudat
2334 3941 2350 3968 ,
2385 3914 2564 3970 praeter

1535 3985 1665 4043 alia,
1696 3987 1827 4032 Rosa
1863 3982 2146 4032 Dioscorid.
2191 3986 2310 4045 (11,
2340 4001 2391 4049 p.
2419 3982 2561 4047 101)

1536 4061 1900 4130 μέλιπρωτεὺιι
1939 4061 1992 4111 τὸ
2033 4048 2256 4121 Ᾰττυιόν,
2293 4058 2564 4113 mireum-s

1536 4141 1590 4192 τὸ
1611 4131 1841 4209 ῨμτΞ-τιον
1858 4141 2159 4209 καλούμενον.
2179 4145 2241 4191 G.

2599 783 2692 817 112
