3217 4784
668 387 807 460 516

1353 397 1449 462 Μ.
1501 397 1578 462 Τ.
1631 336 2121 463 CICERONiS

660 514 866 588 miles
916 531 1084 587 sunt
1123 508 1540 601 omnibus³‚
1590 520 1717 612 qui
1773 515 2021 585 virtuti
2084 511 2413 600 student3
2455 513 2804 587 levantur

660 626 882 714 vitiis,
914 626 1241 696 levantur
1268 622 1659 696 erroribus.
1687 626 1835 696 Nisi
1855 621 2044 695 forte
2067 623 2360 696 censes⁴
2392 622 2550 695 Tib.
2581 628 2794 697 Grac·

657 733 877 807 chum
927 750 1201 832 patrem
1245 759 1395 806 non
1446 733 1844 806 beatiorem
1890 731 2144 823 fuisse,
2180 724 2447 833 quam⁵
2505 733 2736 805 filium
2769 764 2826 824 ,-

656 869 886 944 quum
916 845 1096 915 alter
1109 843 1428 917 stabilire
1444 842 1964 942 rempublicam
1988 843 2375 929 studuerit,
2395 842 2574 916 alter
2592 868 2796 915 ever·

659 970 834 1027 tere.
884 959 1032 1027 Nec
1078 969 1318 1027 tamen
1372 954 1492 1027 ille
1535 970 1690 1027 erat
1741 951 2124 1054 sapiens⁶z
2172 957 2337 1053 quis
2373 958 2570 1026 enim
2604 953 2794 1025 hoc?

653 1078 778 1136 aut
818 1064 1175 1162 quando?
1210 1079 1338 1136 aut
1372 1065 1545 1137 ubi?
1585 1079 1710 1136 aut
1754 1064 2012 1136 unde?
2059 1064 2185 1136 sed
2239 1066 2411 1163 quia
2455 1062 2794 1138 studebat

546 1184 615 1234 66
651 1172 845 1244 laudi
872 1189 946 1246 et
969 1172 1334 1272 dignitati,
1361 1174 1678 1247 multum
1706 1176 1782 1245 in
1819 1177 2086 1245 virtute
2112 1189 2576 1274 processerat.
2602 1179 2794 1247 Con-

648 1281 869 1355 feram
893 1299 1134 1357 autem
1159 1309 1374 1359 avum
1401 1301 1612 1357 tuum
1630 1295 1688 1373 7,
1716 1290 2068 1373 Drusum,
2096 1310 2265 1358 cum
2299 1291 2382 1358 C.
2415 1285 2752 1358 Graccho
2770 1340 2790 1371 ,

719 1442 765 1489 3.
786 1441 855 1490 111·
870 1441 1048 1491 similes
1062 1432 1177 1491 suni
1193 1442 1431 1490 omnibus.
1463 1442 1674 1490 Goerenz

647 1521 817 1570 scribit
839 1522 912 1571 lais
936 1522 1048 1571 sins.
1082 1538 1124 1570 s.
1149 1538 1338 1572 omnes.
1367 1525 1468 1583 Ita,
1486 1522 1673 1585 inquit,

639 1604 741 1663 jam
762 1620 826 1652 ex
854 1604 1060 1663 Eliensi,
1085 1613 1136 1651 et
1164 1619 1227 1651 ex
1256 1606 1317 1653 P.
1339 1603 1546 1651 Manutii
1567 1601 1674 1650 edi·

647 1683 780 1732 tione
813 1683 1074 1748 legendum
1108 1682 1471 1730 commendarat
1497 1682 1668 1731 Davis.

645 1760 953 1811 Confirmant
994 1761 1215 1811 iectionis
1255 1761 1506 1809 veritatem
1543 1761 1671 1826 Spir.

644 1851 694 1887 et
738 1842 840 1891 Erl.
888 1842 1095 1906 Vulgata
1111 1876 1128 1904 ‚
1177 1861 1199 1884 ι
1234 1840 1289 1888 hi
1328 1839 1506 1887 similes
1555 1851 1674 1888 sunt

645 1921 872 1970 omnibus
900 1944 957 1983 n,
987 1937 1077 1987 per
1102 1937 1153 1968 se
1187 1923 1290 1986 ipss
1330 1918 1553 1969 offendit.
1584 1917 1671 1968 His

646 2000 858 2048 offerunt
886 2002 1031 2049 etiam
1059 2002 1167 2049 Bas.
1187 2010 1235 2048 et
1261 1998 1395 2048 Gnd.
1430 2014 1474 2047 1.

718 2080 768 2136 4.
804 2078 922 2127 Nisi
927 2077 1069 2143 forte
1102 2095 1286 2127 censes.
1315 2078 1396 2127 Sic
1426 2092 1593 2125 omnes
1621 2087 1671 2124 et

647 2161 849 2205 Oxonn.
881 2150 932 2205 et
957 2159 1142 2215 nostri,
1166 2174 1279 2205 cum
1313 2159 1511 2215 Marso,
1536 2158 1671 2206 Crat.

646 2236 838 2300 Gryph.
864 2235 999 2291 aliis,
1026 2244 1081 2282 ut
1108 2248 1239 2285 recte
1261 2237 1429 2286 Davis.
1456 2253 1519 2285 ex
1540 2235 1672 2285 binis

647 2314 773 2372 suis,
801 2322 849 2359 et
871 2312 1071 2377 optimis
1089 2316 1223 2378 prius
1246 2316 1403 2365 editis.
1427 2317 1669 2374 Censet-es,

648 2389 785 2455 quod
799 2390 1042 2455 vulgatur,
1054 2393 1288 2458 qnodque
1304 2395 1420 2443 Em.
1437 2393 1638 2442 minxit
1654 2430 1671 2455 ,

648 2470 739 2519 hac
759 2471 813 2517 in
840 2469 1035 2519 dicendi
1073 2471 1227 2520 forma
1252 2489 1312 2522 ue
1335 2473 1536 2523 latinum
1564 2476 1674 2538 qui·

651 2549 759 2597 dem
786 2559 873 2597 est.
899 2552 969 2599 G.

722 2627 772 2677 5.
800 2627 1153 2695 Quasn'fils‘um.
1175 2631 1313 2678 Goer.
1338 2630 1507 2679 scribit
1522 2648 1673 2696 quam

657 2705 941 2775 Ti.fi11‘um.
987 2708 1111 2755 Ausi
1146 2724 1340 2769 sumus,
1366 2710 1552 2774 inquit,
1584 2710 1675 2759 ali·

652 2788 798 2851 qnid,
840 2787 882 2834 si
931 2785 1131 2849 quidem
1180 2786 1359 2835 audere
1392 2800 1487 2846 est,
1538 2789 1675 2852 quod

653 2865 840 2932 optima
894 2864 1085 2913 ratione
1135 2865 1321 2913 feceris.
1382 2865 1676 2913 Addidimus

656 2946 730 2994 Ti.
781 2944 928 2995 Haud
972 2944 1102 2992 enim
1156 2944 1264 2993 ullo
1310 2945 1465 2994 modo
1505 2944 1674 2992 crede-

653 3042 702 3074 re
743 3024 884 3082 licet,
918 3024 1205 3089 simpliciter
1245 3035 1492 3073 auctorem
1504 3023 1675 3092 filium

651 3103 715 3152 dc
744 3120 805 3152 eo
845 3105 1125 3169 scripsisse,
1165 3104 1250 3167 qui
1284 3103 1429 3152 binos
1450 3102 1671 3151 haberet.

652 3182 821 3245 Adde,
841 3183 884 3230 si
908 3183 984 3231 vel
1004 3182 1120 3232 Tib.
1142 3181 1366 3231 Graccho
1391 3181 1473 3231 hic
1497 3182 1676 3231 unicus

652 3260 785 3310 filius
814 3262 1015 3321 fuisset,
1040 3271 1199 3310 tamen
1236 3262 1549 3320 Ciceronem,
1577 3277 1674 3326 pro

652 3341 1677 3405 moreperpetuosuo‚quumpatrisnomini

652 3433 933 3484 proenomen
987 3418 1251 3468 addidisset
1269 3454 1286 3479 ,
1334 3419 1425 3467 filii
1476 3436 1676 3484 quoque

652 3508 935 3555 prenomen
955 3495 1226 3559 positurum
1243 3497 1408 3547 fuisse.
1433 3497 1675 3547 Tiberium

654 3581 814 3619 autem
848 3571 1004 3623 filium
1038 3574 1404 3641 intelligendum
1450 3576 1670 3642 putabis,

654 3665 807 3712 quum
832 3651 980 3699 caim
1004 3653 1250 3703 Gracchus
1269 3656 1437 3720 paullo
1462 3666 1574 3720 post
1593 3671 1671 3703 se-

653 3728 861 3792 paratim
881 3731 1193 3793 ponaturJ'i.
1218 3744 1377 3782 autem
1404 3733 1542 3782 facile
1557 3745 1672 3783 ante

635 3803 805 3873 filium
832 3808 1056 3856 excidere
1087 3812 1333 3873 potuisse,
1358 3826 1458 3860 uon
1484 3822 1585 3870 est,
1615 3824 1672 3861 ut

653 3898 955 3933 moneamus.
993 3885 1067 3933 De
1099 3885 1223 3948 hoc,
1254 3888 1368 3937 licet
1392 3891 1539 3939 fratre
1570 3907 1668 3939 me-

651 3961 748 4010 lior
764 3973 911 4022 esset,
932 3974 1091 4013 tamen
1103 3965 1278 4030 saepius
1293 3966 1464 4017 Cicero
1479 3969 1667 4025 scribit,

652 4041 902 4092 affectasse
926 4059 1039 4093 eum
1063 4061 1284 4109 regnum.
1312 4046 1391 4096 Cf.
1429 4049 1543 4099 Loel.
1576 4064 1671 4108 xa,

655 4127 754 4181 ko,
789 4138 893 4186 aeq.

1830 1441 1881 1489 6.
1895 1441 1999 1490 Nec
2019 1451 2056 1491 t.
2073 1440 2107 1490 ι’.
2121 1458 2175 1491 e.
2204 1441 2434 1506 sapiens.-
2450 1458 2501 1507 q.
2521 1458 2566 1489 e.
2583 1439 2633 1489 Ιι.
2651 1442 2791 1491 Goer.

1757 1521 1906 1569 verba
1931 1542 1957 1564 ι
1977 1521 2084 1569 Nec
2105 1521 2549 1587 tamen...sapicns
2573 1541 2596 1563 s
2621 1520 2790 1569 diver-

1757 1600 1829 1648 bii
1840 1600 1989 1665 siguis
2004 1617 2033 1649 a
2057 1600 2249 1664 reliquo
2262 1616 2483 1648 sermone
2505 1599 2788 1662 distinguit.

1758 1680 1902 1741 Hec,
1923 1678 2114 1743 inquit,
2136 1689 2251 1728 sunt
2271 1678 2567 1740 objicientis,
2594 1677 2686 1726 hac
2714 1678 2798 1738 vi,

1756 1778 1783 1800 a
1806 1769 1856 1807 et
1883 1769 2039 1807 tamen
2070 1758 2152 1806 ille
2181 1773 2284 1807 nou
2304 1775 2350 1807 e.
2380 1775 2421 1807 s.
2446 1778 2472 1800 ι·
2497 1754 2789 1820 Respondet

1756 1836 2023 1899 objectioni
2065 1847 2256 1899 auctor,
2288 1858 2316 1880 ο
2353 1836 2478 1900 Quis
2514 1836 2646 1883 enim
2686 1835 2790 1884 hoc

1756 1914 1946 1964 efficere
1983 1926 2178 1981 potest,
2221 1927 2276 1965 ut
2318 1931 2432 1964 vere
2477 1917 2672 1978 sapiens
2720 1930 2786 1965 ex

1754 2005 1919 2043 mente
1949 1995 2227 2044 Stoicorum
2258 1994 2539 2057 judicetur?
2574 2005 2661 2043 ant
2685 2011 2794 2059 quo

1754 2084 1974 2140 tempore
1992 2107 2009 2133 ,
2058 2090 2222 2139 quove
2266 2075 2382 2124 loeo
2426 2074 2537 2123 talis
2567 2075 2758 2122 exstitit
2772 2109 2792 2135 ,

1755 2165 1842 2202 aut
1881 2169 1982 2217 quo
2026 2153 2180 2202 modo
2228 2154 2460 2202 exsistere
2490 2153 2698 2218 poterit,
2745 2155 2792 2202 si

1754 2231 1907 2281 homo
1935 2232 2062 2280 erit?
2077 2254 2104 2275 ι·
2131 2232 2256 2282 lude
2283 2234 2495 2298 primum
2512 2233 2611 2281 hoc
2632 2242 2796 2297 patet,

1756 2312 1903 2361 verba
1922 2311 2031 2361 hec
2047 2328 2150 2360 non
2178 2312 2406 2378 proxime
2426 2310 2489 2359 ad
2502 2311 2617 2360 Tib.
2631 2312 2793 2359 Grac-

1757 2390 1903 2439 chum
1923 2402 2167 2456 spectare,
2201 2403 2260 2441 ut
2283 2394 2403 2441 Em.
2432 2391 2677 2456 explicat,
2702 2391 2793 2439 sed

1755 2470 1811 2517 in
1833 2470 2113 2519 universum
2141 2469 2426 2536 accipienda
2452 2486 2572 2518 esse.
2596 2468 2792 2517 Deinde

1763 2549 1909 2596 etiam
1924 2548 2017 2597 hoc
2030 2565 2140 2598 cum
2153 2551 2321 2601 navis.
2340 2561 2390 2598 et
2403 2550 2524 2599 Ern.
2542 2548 2791 2598 offendere

1758 2643 1861 2676 non
1890 2627 2051 2676 debet.
2077 2629 2204 2677 Nam
2227 2639 2458 2677 nenti-um
2484 2627 2790 2692 pronominis

1758 2705 1822 2755 ad
1857 2716 2010 2754 totam
2050 2708 2339 2756 senteutiam
2386 2708 2622 2772 pertinet,
2658 2706 2693 2752 i.
2731 2722 2788 2753 e-

1759 2784 1822 2833 ad
1841 2806 1867 2826 α
1881 2786 2074 2849 sapiens
2098 2801 2203 2834 esse
2221 2806 2244 2828 s
2276 2802 2349 2835 sc.
2361 2782 2790 2852 potem—Nobis

1759 2875 1920 2913 autem
1953 2866 2157 2913 omniuo
2197 2864 2424 2930 displicet
2458 2864 2585 2913 ratio
2611 2864 2785 2915 distin·

1760 2942 1940 3008 guendi
1964 2958 1993 2991 a
2023 2944 2285 2993 Goerensio
2307 2943 2450 2993 allata
2467 2980 2483 3005 ,
2503 2956 2562 2994 ut
2583 2943 2786 2993 omnino

1759 3037 1787 3070 a
1813 3034 1975 3071 mente
2000 3023 2213 3072 auctoris
2230 3024 2402 3072 aliena.
2431 3025 2560 3073 Nam
2583 3038 2788 3087 sequens

1760 3100 1852 3148 sed
1872 3100 2133 3150 clarissime
2160 3102 2426 3168 respondet
2453 3103 2607 3168 priori
2633 3117 2786 3149 tuem-

1760 3178 1854 3228 hro
1878 3197 1971 3229 nec
2006 3192 2185 3244 tamen,
2205 3192 2264 3231 ut
2280 3198 2381 3231 non
2403 3180 2616 3230 dubitari
2643 3182 2789 3231 liceat

1759 3257 1822 3306 ab
1866 3259 2031 3309 eadem
2069 3276 2276 3325 persona
2310 3272 2465 3311 totam
2498 3263 2788 3312 seutentiam

1760 3340 2085 3402 pronuntiari.

1834 3434 1882 3477 7.
1899 3417 2040 3482 Confi
2052 3430 2218 3469 autem
2234 3436 2374 3469 amns
2393 3431 2547 3481 tuus,
2561 3422 2802 3477 Dauum„

1760 3497 1941 3544 Autem
1963 3498 2187 3548 nesciunt
2204 3501 2333 3566 Spir.
2354 3511 2404 3548 et
2420 3499 2521 3548 Eri.
2542 3513 2698 3562 neque
2714 3513 2786 3547 aa·

1758 3588 1848 3635 ne,
1875 3575 1919 3623 si
1935 3575 2175 3637 abfuerit,
2205 3577 2347 3626 vaide
2372 3577 2685 3628 desiderabis.
2712 3605 2784 3615 —

1759 3652 1984 3703 Ceterum
2005 3666 2136 3705 recte
2154 3673 2313 3716 amm,
2333 3674 2438 3706 non
2457 3657 2753 3705 avunculum
2766 3691 2786 3717 ,

1760 3732 1893 3797 quod
1919 3746 2198 3799 reposuerat
2221 3739 2275 3786 P.
2294 3738 2484 3786 Manat.
2514 3737 2628 3784 Fuit
2653 3736 2784 3784 enim

1760 3810 1803 3858 is
1828 3813 1901 3861 M.
1929 3813 2093 3862 Livius
2106 3816 2309 3876 Drusus,
2327 3816 2598 3879 qui,quum
2625 3814 2784 3862 tribu-

1761 3906 1855 3939 nus
1878 3892 2035 3957 plebis
2068 3893 2127 3943 C.
2172 3893 2379 3942 Gracchi
2411 3893 2671 3942 conatibus
2704 3909 2785 3941 re-

1760 3970 1978 4034 sisteret,
2016 3983 2209 4020 senatus
2236 3982 2479 4037 pomum
2513 3973 2789 4039 appellatus

1761 4061 1864 4110 αις
1879 4052 1949 4101 cs.
1968 4052 2099 4100 Suet.
2112 4050 2280 4100 Tiher.
2297 4051 2345 4098 3.
2358 4050 2632 4114 Hujusfilia
2647 4051 2790 4102 Livia

1759 4129 1964 4178 Catonis
1981 4128 2224 4179 Uticensis
2238 4139 2392 4181 mater
2407 4143 2528 4185 erat.
2548 4133 2790 4185 Miscetur
