3217 4784
847 481 972 548 DE
1023 479 1200 549 FIN.
1253 480 1466 550 ΒΟΝ.
1520 481 1636 548 ΕΤ
1686 482 1902 551 MAI.
1953 481 2053 567 v,
2095 479 2208 561 24.

2451 471 2594 544 635

464 600 982 675 excellentibus
1024 600 1344 701 praediti,
1384 603 1796 673 excitantur
1832 625 2020 700 saepe
2055 600 2284 701 gloria
2314 597 2345 654 ⁴
2378 623 2395 668 ε
2433 621 2596 695 quae

466 711 685 784 habet
719 710 1027 784 formam
1081 712 1475 785 honestatis
1529 725 1605 783 et
1653 710 2220 785 similitudinem.
2270 708 2490 800 Quod
2537 710 2598 779 si

464 821 687 918 ipsam
721 818 1168 892 honestatem
1211 817 1534 919 undique
1571 819 1965 919 perfectam
2012 819 2115 894 et⁵
2151 819 2556 892 absolutam
2579 871 2599 904 ‚

465 952 616 1000 rem
649 952 865 999 unam
911 930 1520 1027 praeclarissimam
1553 931 1884 1003 omnium
1905 986 1925 1018 ,
1960 933 2421 1028 maximeque
2452 928 2602 1000 lau-

467 1038 775 1110 dandam
797 1094 817 1128 ,
865 1043 1156 1138 penitus
1197 1039 1577 1128 viderent3
1615 1066 1936 1139 quonam
1978 1042 2242 1141 gaudio
2278 1039 2599 1138 comple·

468 1163 755 1236 rentur,
808 1173 1040 1247 quum
1102 1164 1484 1248 tantopere
1551 1149 1708 1244 ejus
1777 1150 2201 1223 adumbrata
2254 1152 2602 1249 opinione

468 1255 898 1330 laetenturss?
938 1262 1176 1352 Quem
1219 1264 1416 1332 enim
1465 1258 1794 1332 deditum
1828 1261 2360 1361 voluptatibuS,
2396 1260 2601 1358 cupi·
2639 1289 2706 1341 7⁰

468 1368 773 1441 ditatum
842 1369 1198 1444 incendiis
1255 1371 1774 1443 inflammatum
1799 1383 1867 1462 ⁷,
1930 1374 2004 1444 in
2060 1373 2146 1443 iis
2201 1371 2601 1469 potiendi3‚

467 1505 631 1578 quae
681 1482 1030 1553 acerrime
1082 1482 1613 1579 concupivisset
1644 1536 1665 1570 ,
1719 1497 1918 1555 tanta
1968 1483 2211 1555 laetitia
2260 1478 2605 1581 perfundi

469 1587 933 1676 arbitramur,
975 1604 1247 1688 quanta
1286 1604 1414 1661 aut
1450 1593 1902 1689 superiorem
1927 1592 2344 1666 Africanum
2380 1593 2603 1665 Anni-

471 1696 633 1770 bale
655 1701 880 1784 victo‚
920 1712 1044 1769 aut
1077 1702 1556 1797 posteriorem
1577 1700 2016 1801 Carthagine
2043 1703 2330 1776 eversa?
2366 1705 2606 1794 Quem

468 1807 806 1880 Tiberina
828 1807 1159 1881 decursio
1173 1802 1232 1899 ⁸,
1261 1806 1446 1881 festo
1478 1806 1606 1880 illo
1633 1808 1749 1882 die
1765 1865 1785 1900 ‚
1815 1826 2019 1885 tanto
2042 1812 2307 1912 gaudio
2327 1809 2565 1884 affecit
2584 1865 2604 1898 ‚

546 2026 597 2075 4.
614 2018 918 2067 Euitanm
940 2035 1069 2086 soepe
1086 2018 1266 2085 gloria.
1290 2022 1363 2068 Ita
1384 2019 1493 2067 bini

473 2097 575 2156 {1113
620 2097 826 2162 reliqui,
876 2110 933 2147 ut
970 2098 1113 2147 multi
1150 2099 1387 2157 aliorum,
1412 2097 1495 2146 vel

472 2193 557 2241 spe
572 2175 735 2242 gloria
749 2212 765 2236 ‚
792 2177 872 2226 vel
891 2194 976 2242 spe
995 2177 1189 2243 glorioe.
1206 2177 1416 2242 Vulgata
1433 2193 1497 2225 ex

472 2255 697 2304 Lambini
724 2257 1006 2317 conjectura
1031 2268 1103 2306 est
1117 2294 1131 2318 ‚
1163 2258 1251 2307 sed
1275 2257 1497 2323 pluribus

475 2335 673 2382 Gruteri
684 2335 969 2399 Davisiique
986 2336 1303 2402 comprobata
1314 2371 1329 2396 ,
1344 2351 1498 2399 eaque

475 2413 739 2462 verissima.
779 2415 960 2477 Quoad
991 2416 1245 2480 particule
1281 2416 1499 2481 positum

475 2491 589 2540 vide
620 2508 767 2558 supra
798 2495 853 2551 1,
897 2511 983 2557 19,
1020 2496 1086 2544 63
1121 2509 1136 2544 :
1177 2511 1249 2543 «e
1275 2495 1498 2560 quaipsa

476 2571 735 2619 horribiles
751 2575 994 2622 exsistunt
1010 2589 1138 2639 sepe
1159 2573 1443 2623 formidines
1455 2596 1499 2623 ιι.

478 2649 833 2716 choram,
878 2654 974 2711 13,
1001 2667 1099 2702 10:
1128 2653 1503 2718 «quevidetur

480 2729 674 2778 utilium
705 2729 813 2779 fieri
849 2747 961 2781 cum
995 2732 1215 2782 honestis
1243 2748 1371 2798 sape
1407 2733 1506 2781 dia-

477 2810 675 2858 sensio·
692 2845 706 2861 .
733 2814 800 2861 G.

553 2887 603 2935 5.
638 2887 913 2953 Perfectum
951 2902 1003 2939 et
1042 2891 1342 2941 absolutam.
1370 2891 1504 2939 Goer.

482 2965 628 3013 scrib.
652 2977 798 3030 atque
823 2967 930 3017 abs.
958 2971 1029 3017 Ita
1047 3003 1063 3028 ‚
1088 2969 1276 3033 inquit,
1293 2980 1507 3034 quatuor

480 3045 666 3104 nostri,
709 3046 856 3095 Vien.
884 3057 934 3095 et
955 3049 1107 3097 Mars.
1138 3052 1200 3097 Et
1230 3048 1356 3097 hanc
1391 3065 1506 3097 sane

482 3135 653 3173 auctor
693 3134 820 3189 part.
858 3126 988 3174 inter
1012 3125 1119 3174 haec
1149 3126 1387 3190 adiectiva
1413 3144 1509 3193 po-

484 3218 599 3251 nere
627 3213 773 3251 amat.
801 3203 882 3254 cf.
906 3204 1009 3254 Off.
1038 3207 1145 3266 111,
1191 3213 1222 3262 4
1245 3239 1262 3266 ,
1297 3221 1388 3264 11,
1412 3208 1506 3255 etsi

484 3283 566 3331 hic
588 3282 786 3346 quidem
804 3294 853 3331 et
865 3298 1062 3348 quoque
1078 3285 1222 3348 ponit
1241 3286 1411 3334 Divin.
1432 3287 1480 3333 11
1493 3319 1510 3344 ,

491 3377 553 3422 7²
567 3398 583 3423 ‚
606 3360 723 3409 150.
750 3363 889 3426 Saepe
907 3377 1025 3410 vero
1045 3374 1199 3426 aeque
1216 3380 1245 3412 a
1265 3363 1440 3412 scribis
1457 3364 1512 3412 in

488 3452 537 3489 ee
561 3449 793 3489 mutatur.

559 3521 612 3569 6.
643 3520 804 3583 Quon-
828 3520 986 3584 gaud.
1007 3523 1310 3571 c......1oee.
1329 3520 1509 3570 Eadem

489 3599 658 3656 Plato,
692 3596 883 3646 Phndr.
908 3598 994 3647 65.
1031 3599 1216 3648 Locum
1250 3599 1365 3648 vide
1398 3617 1509 3666 sup.

489 3678 579 3728 lib.
602 3681 672 3739 11,
696 3679 758 3725 16
777 3677 849 3741 (p.
866 3679 1107 3743 218,not.
1129 3680 1206 3742 4),
1223 3678 1312 3728 ubi
1329 3679 1512 3728 Noster

490 3756 663 3805 similia
684 3754 960 3806 dicis—A.
984 3757 1225 3821 opinione.
1236 3758 1512 3806 Dicendum

490 3836 690 3902 proprie
727 3846 829 3885 erat
864 3835 1089 3887 adumbr.
1135 3837 1348 3903 imagine
1365 3873 1380 3897 ‚
1424 3838 1512 3886 sed

491 3915 683 3964 transiit
708 3927 907 3980 repente
931 3932 960 3964 a
990 3918 1060 3964 rei
1094 3916 1412 3966 similitudine
1448 3917 1513 3965 ad

491 4010 593 4046 rem
638 3994 823 4058 ipsam,
862 4008 913 4045 et
946 4006 1001 4043 ut
1036 3996 1153 4045 alias
1191 3995 1511 4045 adumbratas

495 4073 840 4138 intelligentias
881 4075 1005 4125 dicit
1034 4074 1055 4140 (
1076 4076 1142 4124 cf.
1167 4078 1314 4140 Legg.
1346 4077 1390 4134 1,
1417 4092 1480 4124 υ
1496 4111 1511 4135 ,

501 4151 623 4217 59),
642 4153 733 4215 ita,
748 4170 902 4219 quum
927 4166 1125 4204 externa
1151 4155 1317 4219 gloria
1344 4165 1515 4204 natura

497 4230 550 4278 in
591 4231 816 4295 opinione
875 4246 1089 4285 versetur
1108 4269 1122 4292 ,
1177 4233 1512 4286 adumbratam

1582 2011 1619 2059 i.
1658 2029 1703 2061 e.
1736 2032 1759 2055 ιι
1783 2014 2093 2064 ιωίιιιΰιιιω
2127 1997 2375 2065 honestati
2407 2013 2605 2079 opinio-

1582 2106 1695 2139 nem
1719 2111 1768 2141 a.
1793 2094 1855 2142 G.

1658 2176 1709 2231 ’7.
1731 2170 2057 2236 Cupiditasum
2074 2171 2318 2221 incendiis
2336 2170 2607 2237 inflamma-

1583 2261 1706 2301 tum.
1748 2254 1929 2300 Iterum
1965 2254 2101 2303 Goer.
2140 2251 2276 2301 addit
2317 2267 2461 2316 quens
2494 2262 2608 2299 ante

1584 2346 1699 2393 cup.
1719 2329 1816 2380 inc.
1843 2335 1955 2380 Hoc
1970 2366 1984 2391 ‚
2020 2332 2211 2395 inquit,
2232 2348 2260 2380 e
2278 2331 2458 2380 nostris
2477 2330 2608 2379 binis

1585 2408 1684 2457 illis
1719 2409 1931 2474 primum
1970 2410 2190 2459 accessit.
2235 2410 2410 2474 Neque
2438 2420 2607 2474 putes,

1585 2488 1641 2536 id
1681 2489 1781 2537 boc
1817 2489 1931 2537 loco
1972 2488 2295 2537 necessarium
2325 2504 2430 2537 nou
2468 2504 2612 2551 esae;

1587 2569 1740 2616 immo
1767 2583 1883 2616 vero
1909 2567 1978 2616 ita
2012 2567 2111 2616 boc
2136 2582 2299 2615 carere
2325 2582 2429 2615 non
2466 2566 2613 2625 lieet,

1588 2657 1679 2708 ut,
1711 2648 1754 2695 si
1786 2645 2207 2711 exaggerationem
2245 2644 2453 2706 videris,
2500 2660 2611 2709 que

1588 2727 1842 2776 enuntiato
1855 2726 1972 2774 huic
1987 2761 2001 2786 ‚
2022 2725 2154 2791 quod
2179 2724 2317 2774 ducit
2332 2760 2350 2784 ,
2369 2726 2523 2784 inest,
2549 2741 2612 2773 ex

1590 2806 1789 2871 ingenio
1804 2806 1859 2857 id
1878 2804 2162 2855 addendum
2182 2805 2330 2880 fuisse
2347 2838 2364 2864 ,
2390 2807 2457 2853 sis
2476 2803 2613 2868 judi-

1592 2897 1803 2936 caturus.
1832 2886 2109 2936 Relativum
2145 2897 2309 2937 antem
2337 2885 2471 2935 baud
2503 2901 2613 2934 raro

1589 2965 1792 3016 excidit.

1666 3047 1716 3094 8.
1747 3047 1898 3107 Quem
1927 3042 2158 3092 Tiberina
2180 3042 2418 3094 decania.
2449 3045 2522 3092 Ita
2552 3045 2615 3093 ab

1595 3123 1820 3173 Victor-Io
1863 3121 1979 3171 inde
2020 3133 2151 3171 recte
2196 3123 2311 3171 V'V.
2364 3125 2477 3172 DD.
2522 3123 2618 3171 nisi

1595 3202 1737 3267 quod
1747 3202 1914 3250 Davis.
1926 3201 2172 3251 descensio
2184 3218 2248 3250 ex
2266 3201 2446 3250 Eliensi
2459 3202 2613 3262 dedit,

1594 3281 1713 3330 licet
1743 3280 1924 3330 dubius
1951 3281 2178 3342 hereret,
2202 3297 2267 3329 an
2291 3281 2397 3330 baec
2421 3281 2498 3330 vel
2533 3281 2617 3331 illa

1595 3361 1744 3411 lectio
1778 3361 2053 3425 praevaleat.
2081 3361 2213 3409 Olim
2252 3360 2478 3409 dissensio
2502 3376 2618 3426 pec-

1598 3439 1832 3501 cabatur,
1878 3450 1936 3488 ut
1984 3456 2048 3488 ex
2090 3440 2270 3488 nostris
2312 3440 2518 3490 Monac.
2556 3457 2620 3489 ex

1598 3522 1803 3569 Oxonn.
1841 3528 2069 3583 quatuor.
2109 3518 2207 3568 Sed
2239 3520 2387 3583 Vieu.
2420 3521 2618 3569 Oxoum

1596 3602 1662 3648 V.
1688 3598 1961 3658 discensio,
1991 3598 2089 3647 Eri.
2121 3609 2173 3647 et
2194 3598 2324 3663 Spir.
2350 3600 2616 3648 descensio.

1599 3681 1666 3729 At
1703 3678 1836 3728 Gud.
1884 3691 2042 3745 uterq.
2084 3689 2135 3727 et
2174 3680 2282 3729 Eas.
2320 3679 2622 3743 aliorumque

1597 3759 1737 3808 multi
1763 3757 2081 3824 impressique
2098 3775 2211 3807 cum
2227 3759 2396 3808 Marso
2413 3770 2464 3808 et
2488 3759 2621 3808 Crat.

1599 3840 1795 3905 plures,
1834 3838 2069 3888 decursio.
2128 3841 2333 3889 Causam
2379 3838 2623 3887 varietatis

1597 3930 1738 3983 puta,
1766 3917 1906 3983 quod
1939 3917 2057 3966 olim
2095 3934 2244 3983 prave
2277 3916 2508 3965 discursio
2536 3934 2624 3981 per

1598 4014 1762 4063 comp.
1786 3988 1938 4046 dae—ssio
1965 3997 2280 4046 scribebatur.
2309 3998 2374 4045 G.
2417 4024 2486 4034 —
2523 4003 2625 4049 Lo-

1601 4094 1689 4125 cus
1713 4076 2126 4141 corruptissimus.
2154 4076 2289 4139 Quid
2310 4077 2450 4137 iuxta
2481 4078 2626 4128 Tibe·

1605 4156 1697 4203 rim
1718 4190 1733 4214 ‚
1781 4153 1921 4219 quod
1971 4165 2225 4217 tantopere
2271 4153 2532 4205 delectaret
2578 4168 2627 4205 et

1605 4234 1784 4300 gaudio
1807 4232 2046 4294 afficeret,
2082 4244 2343 4297 gereretur,
2381 4249 2482 4283 non
2508 4233 2627 4284 mihi
