3217 4784
606 420 624 464 ι
647 390 735 465 52
1278 400 1375 470 M.
1426 399 1502 464 Τ.
1561 400 2051 473 CICERONIS

591 515 992 615 intelligere
1060 539 1231 601 nos,
1290 541 1512 614 quam
1584 516 1776 591 dicat
1842 521 2197 618 Epicurus
2257 521 2726 617 voluptatem.

592 627 810 720 Quod
838 625 1143 725 quidem
1186 624 1366 697 mihi
1414 629 1476 705 si
1506 627 1809 724 quando
1848 629 2122 707 dictum
2155 644 2267 701 est
2303 632 2459 727 (est
2490 644 2725 701 autem

589 736 862 810 dictum
908 758 1061 811 non
1103 760 1359 834 parum
1402 736 1668 835 saepe),
1704 740 1842 810 etsi
1883 739 2051 811 satis
2099 737 2417 811 clemens
2449 762 2607 810 sum
2652 739 2727 808 in

591 844 1067 944 disputando,
1107 860 1350 918 tamen
1390 845 1760 919 interdum
1815 849 2016 921 soleo
2069 847 2434 921 subirasci.
2486 851 2730 944 Egone

592 976 743 1024 non
787 949 1148 1050 intelligo,
1201 951 1382 1049 quid
1426 954 1518 1025 sit
1565 948 1755 1033 ἡδονὴ
1798 979 2053 1051 graece,
2081 955 2318 1026 latine
2357 953 2732 1051 voluptas?

591 1075 829 1137 utram
868 1062 1161 1134 tandem
1207 1062 1531 1158 linguam
1584 1064 1882 1137 nescio?
1933 1065 2259 1151 Deinde,
2314 1066 2442 1162 qui
2483 1064 2601 1152 fit,
2651 1079 2732 1133 ut

592 1195 729 1269 ego
764 1173 1107 1261 nesciam,
1146 1173 1374 1245 sciant
1400 1196 1697 1260 omneS,
1729 1175 2178 1272 quicumque
2215 1176 2551 1273 Epicurei
2579 1197 2733 1246 esse

591 1282 1020 1354 voluerunt?
1045 1282 1250 1379 quod
1273 1285 1490 1353 vestri
1516 1284 1817 1380 quidem
1845 1282 1956 1356 vel
1981 1286 2251 1381 optime
2268 1276 2300 1328 ⁸
2326 1285 2700 1384 disputant
2716 1339 2736 1371 ,

594 1390 777 1462 nihil
819 1415 1005 1489 opus
1039 1415 1232 1479 esse,
1272 1416 1475 1480 eum,
1530 1393 1660 1489 qui
1699 1392 2178 1491 philosophus
2220 1392 2553 1466 futurus9
2596 1397 2688 1466 sit
2713 1449 2732 1480 ‚

593 1503 775 1572 scire
813 1500 1072 1573 literas».
1109 1505 1404 1600 Itaque,
1458 1517 1541 1573 ut
1582 1502 1894 1596 majores
1930 1505 2157 1575 nostri
2199 1501 2290 1573 ab
2329 1517 2567 1574 aratro
2611 1502 2736 1574 ab·

593 1608 963 1685 duxerunt
988 1621 1049 1657 ¹⁰
1085 1614 1598 1685 Cincinnatum
1628 1622 1684 1659 ¹¹
1727 1613 1927 1686 illum
1949 1669 1969 1703 ,
2022 1628 2107 1684 ut
2157 1612 2465 1685 dictator
2501 1629 2688 1684 esset
2719 1640 2738 1701 ;

593 1847 741 1885 etum.
765 1837 899 1885 Ante
922 1835 1011 1883 lm
1029 1850 1174 1883 voees
1201 1850 1265 1883 ex
1287 1838 1472 1883 nostrls
1493 1851 1626 1899 quo-

594 1934 690 1981 que
717 1915 852 1964 Gud.
877 1925 1083 1978 uterque
1108 1924 1156 1961 et
1177 1914 1285 1962 Bas.
1308 1923 1403 1960 tres
1421 1914 1621 1962 Oxonn.

595 2019 622 2038 ιι
638 1995 725 2044 sed
753 1996 883 2043 forte
912 1991 1076 2041 dicitis
1096 2013 1120 2036 ι
1152 1992 1489 2056 praemittunt5
1516 2007 1627 2055 quae

597 2085 758 2123 tamen
792 2072 971 2136 reliqui
1015 2070 1118 2120 duo
1155 2072 1397 2134 ignorant.
1436 2071 1514 2118 Ex
1549 2069 1628 2118 his

598 2154 822 2202 Lambin.
835 2149 927 2200 sed
940 2149 1141 2199 retinuit
1159 2164 1173 2200 x
1193 2161 1244 2198 st
1261 2165 1372 2197 eum
1390 2148 1601 2198 Grutero
1614 2185 1628 2209 ,

599 2233 687 2298 qui
707 2248 735 2280 e
756 2230 860 2280 1³21.
885 2246 909 2279 1
943 2230 1187 2295 vulgatam
1212 2229 1455 2288 correxit,
1497 2239 1630 2277 recte

601 2312 785 2361 faciunt
811 2311 923 2359 intt.
947 2309 1126 2375 reliqui
1151 2320 1328 2375 praeter
1353 2324 1509 2357 unum
1532 2309 1631 2357 Ra.

602 2390 760 2439 thium
774 2426 790 2453 ,
816 2390 903 2455 qui
931 2411 954 2433 ι
975 2389 1062 2438 sed
1083 2390 1275 2438 fortiter
1294 2388 1456 2437 dicitis
1473 2409 1501 2431 a·
1523 2404 1631 2436 cor-

603 2470 748 2536 rigit3
780 2470 867 2518 sed
898 2471 1010 2519 nisu
1043 2468 1198 2517 inani.
1240 2468 1392 2516 Iidem
1418 2468 1493 2519 illi
1524 2468 1634 2515 bini

602 2550 763 2600 nostri
824 2565 1023 2615 qnoque
1070 2544 1256 2613 infame
1307 2545 1601 2599 confirmant
1617 2581 1632 2605 ,

605 2630 821 2679 referunt
839 2629 969 2677 enim
990 2627 1178 2675 insane.
1214 2625 1347 2674 Gud.
1371 2642 1399 2674 2
1420 2659 1436 2686 ,
1455 2636 1505 2674 et
1521 2628 1632 2676 nas.

605 2706 828 2773 insamt‘oe
856 2707 960 2755 sine
987 2716 1036 2752 ee
1060 2703 1308 2752 exhibent.
1336 2707 1467 2752 Ante
1487 2705 1635 2753 Grut.

607 2797 654 2834 ee
678 2783 903 2852 infamia
927 2783 1179 2833 edebatur.
1215 2785 1289 2832 De
1320 2783 1505 2848 reliqua
1532 2783 1635 2832 loci

607 2865 795 2914 ratione
824 2872 955 2912 recte
977 2860 1221 2923 judie-vit
1253 2861 1417 2910 Bremi
1440 2875 1454 2909 ε
1483 2863 1636 2911 modo

607 2963 671 2995 ne
696 2954 966 3010 suspectum
988 2940 1313 2990 sollicitasset.
1350 2940 1477 3005 Nam
1510 2941 1637 2991 nihil

609 3026 787 3075 mirum
806 3033 880 3073 est
893 3057 910 3085 ,
930 3021 998 3081 si,
1018 3038 1082 3070 ex
1105 3036 1208 3085 quo
1226 3019 1448 3085 infamia
1467 3036 1640 3086 pecca·-

608 3119 714 3156 tum
741 3114 893 3162 esset,
916 3100 1186 3169 subjeetum
1212 3116 1411 3165 quoque
1434 3098 1639 3149 mutare-

611 3197 707 3233 tur.
740 3184 917 3233 Sensus
951 3192 1116 3230 sutem
1147 3190 1245 3241 est,
1284 3202 1309 3222 α
1326 3194 1509 3228 nomen
1539 3179 1638 3228 hoe

612 3265 672 3312 iis
686 3298 702 3321 ,
729 3263 816 3326 qui
836 3262 947 3326 ipso
963 3271 1188 3320 utuntur,
1216 3259 1451 3308 invidiam
1473 3270 1603 3308 creat
1620 3295 1635 3320 ,

612 3342 861 3392 infamiam
915 3339 1161 3388 contrahit
1180 3374 1195 3398 ,
1252 3350 1301 3387 et
1354 3339 1638 3404 opinionem

612 3422 739 3471 hane
762 3417 1068 3487 probabilem
1091 3417 1255 3468 reddit
1273 3452 1289 3477 ,
1313 3435 1340 3467 s
1364 3435 1416 3468 re
1432 3434 1516 3467 eos
1534 3434 1639 3477 nou

613 3500 799 3550 alienos
816 3513 944 3557 esse,
967 3497 1053 3561 qui
1071 3496 1125 3544 in
1142 3495 1340 3545 nomine
1355 3495 1639 3561 usurpando

615 3578 737 3628 nihil
758 3576 853 3627 sibi
875 3585 1045 3624 cavent
1065 3596 1108 3622 ιι.
1127 3577 1204 3624 Its
1224 3585 1491 3639 suspectum
1508 3585 1642 3623 recte

613 3658 782 3707 stabit.
813 3658 981 3704 Potest
1004 3654 1136 3701 enim
1162 3653 1273 3718 quis
1299 3653 1483 3700 invidis
1509 3653 1638 3700 infa-

614 3738 808 3800 misque
843 3732 1071 3797 fingi-ere,
1106 3743 1158 3780 et
1196 3743 1355 3781 tamen
1394 3747 1496 3780 non
1527 3748 1641 3781 vere

612 3825 859 3883 suspectus
885 3827 1004 3859 esse.
1034 3810 1177 3859 Adde
1193 3847 1209 3873 ,
1232 3811 1369 3876 quod
1390 3812 1446 3861 hi
1471 3811 1641 3877 scripti

614 3898 666 3945 in
686 3902 954 3957 suspectum
970 3889 1092 3937 nihil
1112 3901 1339 3955 peccant,
1359 3890 1641 3956 quit-eliqua

613 3985 745 4024 reete
766 3972 993 4022 efferunt.
1021 3968 1084 4017 G.

689 4055 735 4101 8.
775 4050 923 4115 Quod
949 4048 1109 4096 vestr-i-
1131 4047 1325 4116 quiden·
1356 4049 1445 4097 vel
1466 4050 1642 4116 optime

614 4133 883 4198 disputant.
908 4126 1109 4192 Quod...
1131 4125 1326 4192 quidem
1356 4139 1453 4189 est,
1475 4129 1647 4193 quoad

1708 1835 1823 1884 hoe.
1847 1870 1859 1883 .
1882 1870 1896 1884 .
1923 1853 2073 1898 sane,
2107 1837 2170 1885 de
2202 1853 2298 1901 qus
2326 1835 2516 1885 relativi
2550 1838 2599 1882 vi
2626 1833 2736 1881 VV.

1708 1918 1823 1964 DD.
1854 1917 2033 1981 passim
2064 1929 2285 1966 monent.
2318 1914 2456 1965 Nihil
2487 1915 2636 1979 igitur
2663 1913 2741 1961 di·

1710 2003 1828 2041 cunt
1850 1995 2018 2044 Davis.
2042 2006 2090 2044 et
2110 1996 2226 2045 Em.
2252 1995 2337 2060 qui
2365 1994 2501 2058 quod
2522 2004 2736 2048 tentant,

1712 2085 1768 2121 ut
1812 2074 1971 2122 Brenni
2017 2084 2066 2123 et
2100 2076 2322 2123 Matthiae
2361 2073 2608 2122 viderunt.
2660 2074 2737 2120 De

1711 2150 1826 2201 adv.
1864 2152 2072 2218 optime,
2111 2155 2297 2202 ironica
2331 2154 2384 2202 vi
2421 2151 2739 2219 accipiendo,

1713 2231 1778 2280 cs.
1801 2233 1992 2283 Acadd.
2017 2236 2066 2282 11
2082 2269 2097 2294 ‚
2125 2234 2211 2293 36,
2243 2250 2263 2281 1
2281 2234 2360 2282 15.
2394 2233 2590 2294 Adject.
2614 2230 2742 2296 opti·

1714 2329 1819 2362 mus
1844 2314 1913 2362 sic
1939 2314 2064 2373 dici,
2090 2314 2168 2361 bis
2189 2328 2336 2377 supra
2357 2311 2583 2360 vidimus.
2610 2312 2673 2359 G.

1786 2408 1838 2455 9.
1865 2392 1963 2457 Qui
1972 2388 2495 2456 philosophnsfhmrus
2508 2390 2583 2437 sie.
2606 2390 2744 2437 Goer.

1714 2467 2020 2534 qui-futurus
2045 2468 2110 2516 sit
2124 2466 2460 2531 philosophus.
2497 2469 2637 2526 Hoc,
2669 2467 2748 2512 in-

1714 2549 1825 2615 quit
1840 2583 1854 2606 ,
1867 2547 2040 2595 ordine
2052 2563 2163 2595 eum
2179 2545 2335 2594 tribus
2352 2545 2552 2610 optimis
2567 2543 2745 2592 nostris

1715 2626 1958 2675 edidimus
1995 2639 2010 2673 τ
2045 2626 2305 2689 vulgatur,
2360 2647 2385 2666 α
2419 2625 2508 2688 qui
2559 2622 2742 2689 philos.

1716 2706 1910 2755 futurus
1937 2704 2000 2752 sit
2020 2726 2063 2752 n.
2107 2704 2194 2752 111·
2231 2704 2406 2761 lectio,
2431 2703 2531 2753 loci
2558 2703 2745 2752 ratione

1717 2783 2116 2844 convenientius,
2153 2798 2322 2831 vocem
2363 2782 2603 2832 enuntiati
2644 2782 2749 2847 pri-

1716 2863 1916 2912 mariam
1958 2864 2011 2911 in
2054 2862 2264 2913 clausula
2324 2863 2499 2927 ponit;
2547 2878 2747 2928 umque

1718 2943 1862 2991 etism
1884 2942 1963 2991 vel
1983 2943 2127 2991 uudae
2146 2959 2283 2991 aures
2302 2943 2585 3008 praesemnt.

1799 3038 1879 3072 ιο.
1919 3022 2258 3071 Abdus-erunt.
2304 3023 2506 3087 Cogites
2538 3036 2749 3087 persua·-

1719 3102 1906 3161 dendo,
1931 3117 2082 3165 quum
2109 3101 2216 3165 ipse
2243 3117 2328 3149 sun
2356 3112 2533 3165 sponte
2560 3100 2745 3149 nollet:

1719 3181 1785 3229 its
1810 3180 2082 3228 accuratius
2117 3180 2215 3228 hoe
2241 3179 2444 3228 verbum
2475 3181 2539 3230 sd
2565 3182 2749 3247 Epicu-

1719 3274 1942 3317 reorum,
1968 3269 2148 3307 sectam
2171 3274 2309 3307 susm
2337 3259 2574 3322 augendi,
2602 3277 2751 3311 cona-

1721 3347 1799 3385 tus
1825 3348 2049 3403 optatui-3
2075 3349 2220 3400 atque
2248 3338 2314 3386 ita
2339 3337 2587 3402 colligitis,
2612 3342 2749 3404 quod

1720 3418 1960 3480 sequitur,
1987 3417 2078 3466 erit
2093 3451 2109 3476 ,
2138 3438 2160 3460 ι
2185 3417 2476 3481 conquiritis
2499 3417 2720 3483 undique
2736 3458 2753 3481 ,

1719 3495 1799 3547 vel
1824 3512 1888 3544 ex
1908 3494 2074 3544 infima
2101 3506 2231 3544 sorte
2256 3495 2512 3544 hominum
2529 3533 2545 3559 ,
2572 3497 2751 3561 quibus

1720 3586 1926 3622 vestram
1947 3574 2307 3639 philosophiam
2325 3575 2547 3641 probetis
2566 3598 2607 3623 υ.
2633 3579 2751 3627 Ut...

1720 3652 1788 3702 εἰσ
1814 3654 1866 3700 in
1890 3654 2208 3719 oppositione
2239 3655 2597 3703 contrariorum
2627 3656 2750 3712 dici,

1722 3748 1867 3798 supra
1890 3734 2103 3783 vidimus
2129 3738 2152 3782 1
2168 3768 2183 3792 ,
2215 3749 2261 3793 1,
2292 3735 2351 3795 33
2378 3734 2567 3798 optime
2591 3747 2751 3784 sutem

1721 3812 1848 3862 hsne
1888 3813 2267 3879 comparationis
2306 3812 2542 3861 rationem
2581 3814 2752 3864 ironia
2822 3820 2826 3824 '

1723 3891 1979 3953 inservire,
1999 3909 2087 3959 per
2105 3908 2158 3942 se
2173 3901 2325 3958 patet.
2349 3891 2414 3941 G.

1805 3990 1826 4021 t
1843 3988 1889 4021 1.
1910 3973 2265 4029 Cincinnatum.
2291 3974 2366 4022 De
2391 3988 2493 4037 quo
2522 3973 2619 4022 vid.
2641 3973 2749 4022 Liv.

1731 4051 1816 4100 lib.
1840 4054 1943 4110 111;
1980 4050 2089 4100 Vel.
2113 4052 2250 4102 Μαι.
2273 4052 2362 4100 lib.
2384 4054 2474 4112 IV,
2505 4053 2589 4102 ubi
2612 4054 2752 4119 plura

1729 4131 1783 4177 in
1818 4130 1922 4191 ejus
1946 4128 2138 4178 leudem
2169 4141 2440 4179 narrentur.

3115 4090 3122 4097 ι
3127 3866 3135 3873 e

3183 4078 3192 4123 -..
3181 3966 3189 3989 ψ

3211 4036 3212 4049 ᾼ
3199 3928 3213 4017 mn

3173 4436 3182 4445 a
3173 4410 3182 4415 ι

3199 4408 3212 4435 ‘¹
3199 4332 3213 4369 ‘fi
