3217 4784
710 386 849 457 238

1396 388 1492 453 M.
1545 387 1623 453 T.
1679 386 2160 459 CICERONIS

562 507 573 515 ’
602 526 669 576 εδ
705 513 1041 606 stuprata
1076 530 1203 603 per
1236 507 1381 574 vim
1405 506 1736 599 Lucretia
1763 531 1806 577 a
1839 512 2024 606 regis
2047 509 2232 599 filio,
2271 522 2588 585 testata¹⁷
2620 516 2850 600 cives,

710 643 787 691 se
825 620 980 715 ipsa
1032 616 1416 686 interemit.
1457 616 1589 685 Hic
1641 614 1875 705 dolor,
1926 619 2184 717 populi
2217 623 2501 693 romani
2543 622 2727 696 duce
2773 642 2849 697 et

708 743 1002 803 auctore
1038 730 1295 814 Brut0‚
1325 748 1539 796 causa
1567 726 1832 797 civitati
1867 726 2221 803 libertatis
2250 726 2500 821 fuit¹⁸;
2533 733 2633 805 ob
2670 735 2850 830 ejus·

709 861 855 934 que
903 835 1222 907 mulieris
1257 836 1682 906 memoriam
1728 838 1968 934 primo
2002 864 2201 912 anno
2251 856 2324 913 et
2357 843 2488 932 vir,
2525 859 2599 917 et
2641 860 2848 944 pater

715 1059 822 1106 Bas.
865 1054 1056 1120 sequuti
1095 1070 1278 1103 sumus.
1317 1057 1437 1104 Hac
1477 1054 1580 1103 duo
1607 1057 1736 1103 enim

713 1135 992 1194 coherent,
1035 1145 1084 1181 et
1112 1134 1264 1197 gradu
1293 1134 1445 1182 modo
1485 1133 1739 1185 dim-runt.

716 1219 772 1264 In
818 1214 1007 1278 reliquo
1047 1212 1159 1261 loco
1207 1213 1434 1260 Davisius
1492 1223 1542 1260 et
1584 1214 1734 1261 Erne-

716 1297 814 1345 tius
834 1293 1164 1343 offenderunt.
1200 1291 1290 1340 Ille
1321 1290 1734 1359 cristifirmitace,

713 1387 811 1425 etc.
840 1372 1168 1422 concinnitate
1206 1371 1304 1430 sic,
1346 1381 1402 1419 ut
1438 1370 1584 1431 dicit,
1632 1373 1738 1419 exi·

714 1464 882 1520 gente,
916 1451 1136 1512 conjicit.
1175 1450 1312 1499 Idem
1338 1450 1565 1499 Ernestio
1584 1449 1741 1498 offen-

712 1534 839 1583 sioni
872 1533 1002 1593 suit3
1041 1547 1193 1596 quum
1212 1530 1340 1578 enim
1357 1529 1438 1577 hic
1467 1529 1739 1590 subjectum

713 1612 1005 1665 desideraret
1022 1647 1037 1671 ,
1076 1609 1211 1675 quod
1252 1609 1567 1674 responderet
1602 1609 1740 1663 alteri

711 1694 891 1755 αὐτοι,
918 1691 1099 1740 hilares
1120 1687 1368 1736 hilaritate
1382 1688 1569 1738 suadet.
1587 1691 1739 1738 Recte

710 1775 868 1835 rejicit
884 1783 1141 1833 utramque
1173 1768 1415 1816 rationem
1447 1769 1605 1817 Brem.
1626 1768 1737 1823 sed.

710 1869 771 1902 an
795 1851 1037 1915 vulgatam
1063 1848 1209 1912 plene
1228 1846 1518 1905 vindicarit,
1541 1847 1756 1897 dubito.-

708 1933 828 1983 Loci
863 1939 1025 1978 autem
1060 1928 1221 1992 primo
1259 1927 1560 1973 constructio
1589 1943 1652 1973 ex
1681 1927 1740 1974 iis

710 2022 812 2072 est,
850 2008 940 2057 ubi
978 2021 1080 2053 vox
1121 2003 1349 2069 primaria
1395 2004 1451 2050 in
1489 2006 1740 2053 sententia

711 2086 924 2138 clausula
946 2085 1169 2150 ponitur.
1204 2083 1349 2128 Istam
1376 2091 1634 2130 structurae
1658 2098 1736 2130 ra-

713 2168 894 2215 tionem
911 2200 925 2224 ,
958 2163 1062 2225 ipsa
1081 2160 1261 2222 linguae
1287 2171 1453 2208 natura
1474 2160 1735 2222 nitentem,

712 2247 764 2293 in
783 2243 916 2291 Voll.
944 2237 1276 2304 superioribus
1301 2237 1417 2303 plus
1436 2239 1607 2299 semel,
1635 2257 1738 2290 non

712 2322 869 2373 solum
890 2321 942 2368 in
957 2318 1272 2368 substantivis
1284 2356 1299 2382 ,
1313 2318 1398 2366 sed
1417 2319 1468 2366 in
1486 2319 1738 2381 adjectivis

711 2417 944 2469 quoque,
979 2399 1042 2448 cf.
1070 2401 1213 2462 Legg.
1238 2400 1293 2456 1,
1324 2412 1347 2447 ι
1367 2432 1381 2456 ,
1413 2399 1469 2458 5,
1492 2410 1540 2447 et
1565 2399 1736 2449 adver-

711 2483 836 2541 biis,
863 2479 985 2530 ibid.
1006 2480 1112 2537 111,
1131 2478 1198 2526 26
1215 2514 1229 2538 ‚
1250 2479 1317 2526 66
1338 2477 1608 2527 docuimus.
1628 2483 1738 2528 Hoc

709 2561 826 2609 loco
849 2575 1001 2624 quum
1041 2557 1096 2604 in
1129 2556 1387 2620 negatione
1422 2567 1594 2605 auctor
1636 2558 1736 2605 vim

710 2640 919 2704 positam
936 2637 1082 2685 vellet
1098 2671 1111 2695 ,
1138 2635 1230 2682 hac
1254 2634 1496 2698 praemissa
1513 2670 1528 2693 ‚
1564 2651 1627 2682 ne
1642 2636 1735 2683 ali-

712 2730 789 2767 ter
813 2716 1010 2782 quidem
1041 2714 1252 2762 scribere
1276 2714 1455 2779 potuit.
1481 2716 1592 2762 Jam
1618 2730 1737 2778 pro·

711 2797 819 2862 prie
857 2794 1006 2844 scribi
1043 2793 1292 2841 debuisset
1337 2806 1352 2841 ε
1393 2814 1419 2833 α
1443 2792 1573 2840 beati
1604 2793 1736 2840 enim

713 2886 827 2926 sunt
848 2890 952 2923 uon
974 2873 1132 2921 solum
1172 2871 1350 2920 hilares
1369 2882 1419 2919 et
1444 2872 1642 2929 lascivi,
1671 2873 1736 2918 ri-

712 2956 881 3005 dentes
899 2962 948 3002 et
965 2954 1186 3015 jocantes
1199 2986 1215 3012 ‚
1233 2949 1321 2998 sed
1342 2964 1471 3014 saepe
1486 2949 1631 2997 etiam
1653 2951 1736 2996 tri-

710 3047 830 3095 stes;
867 3032 941 3082 illi
979 3031 1263 3097 plerumque
1301 3044 1364 3076 ex
1406 3027 1605 3076 levitate
1625 3063 1641 3087 ,
1681 3028 1734 3076 bi

708 3113 934 3164 firmitate
957 3120 1005 3158 et
1030 3107 1303 3158 constantia
1329 3122 1415 3153 sua
1436 3127 1480 3156 a,
1516 3105 1615 3154 sed
1647 3121 1735 3154 gu-

710 3205 817 3243 ctor
841 3188 1140 3240 substantiva
1169 3185 1291 3250 poni
1312 3184 1511 3242 maluit,
1547 3184 1732 3248 quippe

709 3273 887 3337 quibus
911 3269 1071 3335 aptius
1086 3265 1246 3314 coiret
1265 3265 1440 3312 oratio.
1454 3264 1576 3312 Inde
1594 3264 1735 3328 paul.

707 3351 810 3398 lum
850 3348 945 3396 sibi
980 3346 1146 3409 dispar
1188 3343 1341 3391 evasit
1358 3377 1373 3402 ,
1433 3359 1583 3407 quum
1629 3360 1732 3393 nou

707 3443 846 3491 eque
890 3425 1014 3473 bene
1053 3421 1255 3471 tristicia
1301 3422 1510 3470 scribere
1550 3434 1731 3488 posset.

706 3503 958 3568 Ejusmodi
984 3499 1276 3553 ἀνακόλουθα
1300 3501 1550 3551 offendere
1569 3503 1623 3550 in
1644 3503 1730 3551 Ci-

707 3598 882 3633 cerone
917 3598 1021 3630 non
1061 3580 1242 3629 debent
1259 3615 1275 3641 ,
1323 3581 1509 3645 quippe
1549 3562 1732 3645 ψόαι

705 3667 849 3713 etiam
875 3660 1121 3725 exemplar
1147 3662 1282 3722 ejus,
1318 3660 1456 3708 Plato
1481 3659 1697 3708 abundet
1713 3693 1728 3717 ,

703 3757 910 3807 queque
928 3739 1029 3788 vivi
1050 3739 1286 3787 sermonis
1316 3730 1729 3803 αὐτσσχιδιαῳόν

1903 1074 1984 1119 ¹7·
2021 1060 2214 1108 Testata
2236 1060 2376 1110 eires.
2413 1062 2495 1111 Sic
2529 1063 2703 1128 optimi
2739 1066 2845 1128 qui-

1825 1151 1921 1199 que
1946 1137 2091 1187 codd.
2118 1143 2187 1188 At
2211 1141 2390 1188 Maffaei
2418 1139 2575 1207 liber,
2618 1154 2726 1193 test.
2748 1144 2845 1191 cri-

1825 1231 1934 1262 men
1950 1250 1965 1276 ,
2009 1217 2145 1281 quod
2167 1217 2297 1266 idem
2318 1217 2486 1268 Lamb.
2511 1220 2564 1266 in
2586 1219 2724 1268 libris
2742 1224 2848 1286 qni·

1823 1293 2028 1343 busdam
2061 1295 2158 1359 legi
2183 1297 2427 1361 perhibet.
2455 1298 2688 1363 Scaliger-i
2713 1312 2848 1350 vetus

1826 1374 1942 1424 cod.
1972 1386 2021 1423 et
2049 1375 2231 1426 Elieus.
2272 1392 2294 1424 1
2316 1411 2331 1435 ,
2371 1377 2516 1439 hujus
2553 1378 2668 1427 loco
2703 1379 2806 1428 vim
2828 1418 2844 1443 ,

1824 1453 1927 1502 Pal.
1952 1455 1985 1501 6
2007 1489 2021 1512 ,
2061 1453 2161 1518 ejus
2172 1455 2236 1503 vi
2254 1490 2268 1514 ,
2290 1455 2422 1505 Gud.
2460 1473 2478 1504 t
2513 1467 2623 1508 test.
2668 1458 2848 1508 crimen

1824 1531 1951 1582 ein's.
1973 1530 2070 1581 Sed
2084 1534 2277 1598 vulgata
2296 1551 2408 1583 vera
2427 1535 2638 1586 videtur.
2665 1539 2851 1587 Testari

1825 1614 1954 1661 enim
1974 1611 2190 1677 aliquem
2209 1625 2281 1661 est
2300 1629 2453 1679 saepe,
2480 1635 2504 1657 ιι
2529 1626 2754 1666 testatum
2775 1619 2849 1667 fa·-

1824 1709 1960 1752 cere,
1981 1692 2263 1741 testimonio
2286 1709 2378 1741 suo
2404 1692 2692 1744 continuare
2715 1698 2847 1762 apud

1824 1772 2032 1836 aliquem
2053 1794 2095 1819 ι.
2122 1774 2194 1820 Ita
2216 1796 2241 1815 a
2262 1774 2659 1841 testamurideos,
2684 1776 2845 1824 homi·

1823 1859 2075 1907 aesque»,
2104 1853 2154 1892 et
2189 1844 2308 1893 Sull.
2345 1851 2433 1901 14,
2461 1853 2524 1901 Ar
2561 1848 2738 1895 :enisi

1824 1923 2160 1971 auctoritatem
2175 1923 2321 1984 hans
2332 1923 2508 1985 judicii
2519 1928 2845 1976 monumentis

1824 2001 2039 2064 publicis
2067 2012 2265 2051 testatus
2295 2019 2473 2065 essem,
2504 2016 2598 2054 etc.
2625 2027 2650 2047 ι-
2692 2007 2843 2071 Cogi-

1823 2080 2025 2129 tandnm
2049 2081 2204 2146 stupri
2218 2083 2656 2152 patranssagiu’um
2671 2119 2685 2141 ,
2711 2086 2844 2150 quod

1823 2169 2051 2208 contexta
2065 2161 2292 2209 facillime
2305 2164 2636 2227 suppeditant.
2658 2165 2843 2213 Gn'men

1822 2252 1955 2289 certe
1971 2250 2146 2289 auctor
2162 2241 2265 2305 ipse
2283 2258 2384 2291 non
2404 2254 2610 2308 poneret
2629 2258 2644 2302 3
2665 2244 2846 2308 sedsa-

1822 2319 1963 2368 cae’mes
1975 2319 2267 2389 ‚flagitium,
2286 2322 2325 2370 si
2346 2323 2468 2386 qnid
2487 2322 2842 2373 addidisset.G.

1900 2401 1978 2449 18.
2003 2400 2094 2447 Hic
2114 2398 2273 2460 dolor,
2293 2403 2348 2447 Ρ.
2370 2403 2424 2449 lt.
2453 2439 2466 2451 .
2481 2437 2521 2451 ..
2554 2419 2708 2451 caeesa
2733 2404 2846 2453 εἰσί-

1822 2477 1917 2526 catae‘
1930 2476 2290 2540 libertatisfin'e.
2324 2478 2438 2525 Non
2466 2483 2571 2528 sine
2592 2497 2731 2529 cansa
2752 2497 2844 2531 nos

1821 2557 1876 2604 in
1910 2556 1991 2604 his
2033 2553 2329 2602 offendimus
2356 2569 2371 2604 ε
2395 2556 2497 2605 sive
2527 2559 2656 2606 enim
2675 2560 2849 2623 populi

1822 2636 1881 2682 lt.
1923 2632 1986 2679 ad
2019 2649 2070 2680 v.
2104 2632 2251 2680 dolor
2287 2633 2491 2693 referas,
2516 2647 2573 2684 ut
2599 2638 2767 2686 Davis.
2792 2651 2844 2688 et

1822 2710 1942 2759 editi
1968 2710 2180 2774 priores;
2198 2710 2299 2757 sive
2318 2713 2543 2776 exemplo
2567 2716 2774 2765 Ernestii
2791 2730 2843 2767 et

1822 2792 1980 2839 Brem.
2016 2806 2131 2838 cum
2175 2790 2300 2839 duee
2336 2802 2387 2840 ee
2415 2803 2611 2842 auctore
2642 2798 2842 2861 iungas,

1821 2884 1991 2935 parum
2009 2870 2242 2929 junctura
2275 2871 2367 2919 ista
2393 2871 2625 2936 placebit.
2654 2876 2842 2926 Deinde

1818 2949 1934 2998 licet
1971 2949 2233 2998 collocatio
2273 2952 2390 3010 ista,
2413 2974 2441 2994 α
2476 2969 2618 3002 cansa
2654 2956 2842 3005 civitati

1819 3028 2094 3078 libertatis·
2111 3064 2126 3090 ‚
2159 3045 2249 3094 per
2270 3047 2321 3078 se
2343 3034 2478 3096 carpi
2505 3050 2606 3081 non
2631 3034 2803 3084 debeat
2824 3064 2842 3093 ,·

1818 3106 2000 3155 babent
2025 3118 2185 3157 tamen
2216 3109 2400 3174 ubique
2436 3113 2676 3172 ejusmodi
2705 3115 2840 3178 quasi

1818 3185 2062 3255 συγχύσεως
2102 3199 2281 3238 certam
2307 3190 2568 3254 quamdam
2607 3194 2841 3243 tationem

1817 3281 1983 3325 suam,
2008 3266 2200 3330 qualem
2226 3267 2275 3316 h.
2312 3269 2348 3318 l.
2387 3270 2568 3318 nullam
2595 3272 2838 3337 dispicias.

1815 3345 2041 3393 Testatur
2056 3356 2215 3395 autem
2233 3348 2392 3398 Ursin.
2415 3366 2462 3399 v.
2483 3350 2668 3399 civitati
2678 3368 2706 3399 a
2726 3351 2838 3401 cod.

1817 3438 1909 3470 suo
1930 3423 2096 3473 abesse
2116 3441 2131 3475 τ
2161 3426 2298 3489 qnod
2316 3426 2524 3475 libenter
2538 3431 2836 3494 accipimus:

1816 3502 2223 3568 scribendumque
2245 3503 2359 3553 inde
2379 3506 2684 3566 judicamus,
2722 3508 2839 3557 «hic

1819 3578 1967 3628 dolor
1982 3582 2171 3646 populo
2187 3598 2388 3632 romano
2403 3620 2418 3643 ‚
2433 3584 2556 3633 duce
2573 3596 2623 3634 et
2639 3597 2839 3635 anctore

1818 3660 2000 3717 Bruto,
2050 3677 2189 3709 causa
2224 3661 2472 3712 libertatis
2498 3664 2590 3714 fnit
2626 3686 2669 3712 n.
2694 3666 2839 3714 Note

1815 3738 1944 3785 enim
1963 3738 2058 3787 illae
2075 3741 2128 3787 Ρ.
2149 3741 2210 3788 lt.
2234 3741 2413 3804 quibus
2428 3741 2612 3805 ubique
2631 3743 2838 3793 librariis

702 3820 832 3872 baud
851 3822 1012 3885 inepte
1028 3818 1298 3866 imitentur.
1315 3816 1589 3875 ‘Vide‚aliis
1606 3830 1727 3880 με·
1808 3833 1924 3881 pop.
1948 3819 2088 3866 Rom.
2112 3817 2364 3877 scribitur,
2397 3820 2523 3868 inter
2551 3819 2643 3869 bos
2679 3834 2837 3871 rectos

703 3897 933 3948 termissis
966 3930 983 3956 ‚
1043 3895 1207 3943 locum
1267 3894 1400 3944 haud
1453 3894 1723 3944 absimilem

701 3976 890 4029 Acadd.
909 3978 956 4024 11
971 4009 985 4034 ‚
1013 3990 1076 4035 η
1093 4009 1109 4034 ,
1128 3974 1194 4024 88
1211 4009 1227 4033 ,
1254 3976 1337 4023 nbi
1353 4010 1368 4035 ‚
1406 3990 1516 4039 qum
1536 3974 1605 4022 ibi
1626 3973 1723 4022 hoc

700 4058 763 4108 de
800 4057 914 4106 loco
949 4053 1193 4113 diximus,
1233 4054 1295 4103 ad
1320 4054 1425 4103 haec
1450 4054 1723 4103 accuratius

699 4137 920 4205 exposita
942 4134 1171 4198 corriges.

1346 4318 1379 4347 Ι

1812 3898 1966 3953 casui,
1982 3896 2126 3945 dolor·
2138 3908 2186 3946 et
2211 3913 2383 3959 caasa,
2399 3914 2426 3945 a
2444 3899 2618 3948 scribis
2639 3901 2837 3952 misellis

1812 3977 1893 4025 vix
1916 3977 2083 4037 aliter,
2111 3990 2255 4039 quam
2282 3978 2501 4025 secundo
2530 3995 2644 4029 casu
2667 3982 2832 4030 efferri

1812 4065 2056 4119 poterant.
2075 4053 2224 4116 Quod
2243 4071 2393 4118 quum
2407 4058 2554 4107 semel
2581 4073 2832 4125 peceatum

1811 4144 1966 4192 esset,
2006 4132 2144 4181 facile
2176 4148 2277 4182 vox
2305 4134 2491 4185 civitati
2511 4138 2626 4188 addi
2650 4142 2831 4206 potuit.
