3217 4784
794 502 917 567 DE
965 498 1141 566 FlN.
1188 497 1393 564 BON.
1441 498 1553 564 ET
1603 496 1822 564 MAL.
1878 498 2011 578 111,
2064 522 2128 563 2.

2377 495 2506 565 331

402 619 746 691 Attendes
788 621 1029 716 igitur,
1067 632 1149 687 ut
1177 616 1404 701 soles,
1453 615 1854 712 diligenter,
1892 640 2197 714 eamque
2228 631 2517 688 contro-

404 732 705 801 versiam
725 726 1187 823 dijudicabis‚
1212 750 1374 821 quae
1402 726 1580 795 mihi
1612 724 1753 796 fuit
1785 750 1948 797 cum
1978 725 2333 797 avunculo
2368 741 2519 811 tuo,

395 839 641 911 divino
684 864 765 911 ac
800 837 1140 933 singulari
1182 836 1450 905 vit-0²¹.

488 953 707 1037 Nam,
755 951 826 1017 in
865 945 1273 1017 Tusculano
1308 969 1533 1041 quum
1568 969 1838 1032 essem,
1883 947 2287 1044 vellemque
2320 971 2361 1018 e
2406 945 2517 1016 bi·
2557 983 2588 1034 7

394 1058 760 1131 bliotheca
805 1057 1017 1154 pueri
1055 1053 1411 1125 Luculli²²
1466 1053 1902 1152 quibusdam
1941 1054 2140 1126 libris
2176 1058 2316 1137 uti,
2360 1058 2521 1125 veni

395 1171 471 1236 in
513 1168 670 1260 ejus
693 1165 932 1236 villam
958 1219 978 1251 ‚
1016 1179 1101 1235 ut
1133 1188 1256 1234 eos
1300 1165 1492 1261 ipse,
1536 1179 1620 1234 ut
1652 1164 1999 1253 solebam,
2033 1164 2202 1235 inde
2229 1190 2520 1263 prome-

395 1301 548 1346 rem
572 1272 660 1346 ²3.
703 1277 870 1364 Quo
907 1297 1136 1371 quum
1180 1275 1568 1361 venissem,
1606 1279 1704 1346 M.
1740 1280 2128 1361 Catonem,
2163 1299 2384 1372 quem
2418 1274 2523 1344 ibi

395 1410 548 1458 esse
588 1387 984 1458 nescieram
1006 1439 1026 1474 ,
1061 1384 1208 1456 vidi
1239 1387 1313 1456 in
1354 1384 1796 1457 bibliotheca
1828 1384 2237 1473 sedentem,
2273 1385 2520 1457 multis

394 1495 910 1569 circumfusum
949 1498 1343 1568 stoicorum
1359 1496 1425 1552 ²⁴
1465 1494 1684 1567 libris.
1727 1499 1894 1565 Erat
1929 1498 2120 1565 enim
2145 1547 2164 1576 ‚
2212 1507 2297 1563 ut
2348 1495 2520 1579 scie,

394 1609 471 1679 in
514 1633 602 1680 eo
642 1607 1072 1680 inexhausta
1091 1595 1153 1649 ²⁵
1179 1603 1474 1676 aviditas
1512 1603 1835 1700 legendi,
1864 1628 2001 1674 nec
2037 1605 2275 1674 satiari
2313 1616 2523 1701 pote-

396 1791 541 1853 gatis,
562 1802 833 1855 peccantes.
851 1791 1027 1855 Operae
1041 1789 1192 1852 igitur
1205 1786 1414 1851 pretium

394 1870 565 1927 fuerit,
591 1880 811 1919 accurate
843 1868 949 1916 haec
984 1882 1257 1927 secernere,
1290 1882 1416 1930 quo-

395 1963 502 1994 rum
531 1948 717 1996 diversa
749 1948 824 1996 vis
846 1963 1020 2011 parum
1042 1946 1267 1996 distincte
1292 1947 1414 1995 huc·

396 2041 550 2088 usqne
589 2028 810 2090 exposita
836 2025 1047 2073 videtur.
1084 2027 1414 2090 Aequiescunt

398 2104 528 2151 enim
551 2105 664 2152 VV.
686 2106 794 2152 Dn.
811 2104 909 2150 sere
928 2120 1039 2150 cum
1055 2104 1248 2152 Bremio
1265 2106 1315 2152 in
1336 2122 1413 2163 eo,

396 2195 451 2230 ut
464 2181 708 2231 oestimare
728 2182 968 2245 accipiant
987 2182 1046 2230 de
1051 2182 1265 2247 jndicio,
1283 2184 1421 2247 quod

395 2262 663 2311 deliberato
681 2261 846 2309 animo
849 2262 957 2329 fiat
976 2261 1027 2309 in
1052 2277 1105 2307 re
1128 2263 1192 2309 ab
1207 2273 1416 2326 utraque

389 2352 538 2404 parte
565 2339 813 2405 probabili
841 2356 860 2387 .-
900 2339 1184 2389 existimare
1217 2353 1415 2402 contra,

394 2418 829 2484 omninojudicare
842 2429 979 2467 notet
992 2453 1007 2478 ,
1027 2420 1217 2467 etiamsi
1227 2437 1302 2468 res
1315 2437 1414 2469 non

393 2497 457 2545 sie
471 2499 535 2545 ab
553 2497 841 2562 omniparte
857 2514 1089 2563 expensa.
1114 2500 1193 2548 Sic
1212 2516 1416 2564 compo·

395 2578 543 2626 sitnm
582 2576 784 2624 verbum
821 2578 980 2626 minus
1018 2579 1196 2627 valebit
1212 2614 1227 2638 ,
1269 2596 1415 2643 quam

393 2657 616 2721 simplex,
633 2656 769 2722 qnod
786 2658 927 2707 nobis
946 2671 1118 2708 contra
1135 2659 1313 2723 linguae
1332 2676 1418 2708 na·

395 2747 549 2783 turam
566 2736 774 2786 videtur.
794 2741 969 2799 Immo,
986 2750 1042 2786 ut
1055 2757 1164 2803 sup.
1180 2742 1222 2802 1,
1236 2749 1265 2795 4
1280 2774 1294 2799 ,
1325 2757 1388 2790 10
1401 2775 1416 2801 ‚

396 2815 653 2864 discrimen
688 2816 815 2865 inter
845 2818 1096 2866 elaborare
1121 2830 1167 2866 et
1191 2821 1417 2868 laborare

395 2894 736 2945 constituimus
750 2894 822 2959 (p.
845 2905 908 2952 4²
923 2929 939 2955 ,
958 2909 1061 2945 not.
1085 2896 1162 2961 a),
1181 2899 1249 2947 sic
1272 2900 1415 2947 etiam

396 2973 622 3021 hocloco
642 2989 795 3038 praep.
819 2990 884 3021 ea:
905 2975 1131 3023 effectum
1156 2979 1226 3024 rei
1249 2988 1416 3025 notare

397 3053 647 3101 statuimus
676 3067 690 3101 ε
734 3068 982 3116 quumque
1007 3075 1029 3095 ι
1050 3057 1283 3103 aestimare
1300 3093 1316 3117 ,
1346 3059 1416 3105 rei

398 3132 607 3196 pretium
633 3132 925 3179 constituere
939 3153 990 3189 u,
1010 3132 1166 3180 valeat
1180 3169 1196 3194 ,
1215 3155 1239 3174 ιι
1258 3136 1417 3183 existi·

398 3228 527 3259 mare
563 3230 624 3261 ex
666 3214 826 3276 pretio
853 3212 920 3259 rei
967 3214 1209 3274 (externo
1236 3214 1315 3261 vel
1340 3215 1416 3261 in-

399 3302 571 3350 terno,
606 3307 722 3339 vero
749 3291 829 3337 vel
864 3293 1102 3354 opinato)
1132 3292 1417 3353 judicare»,

397 3370 596 3418 valebit.
633 3372 744 3419 Hoc
780 3369 1034 3417 discrimen
1073 3380 1127 3418 ut
1158 3371 1221 3418 ad
1249 3388 1417 3421 omnes

396 3450 657 3499 verborum
687 3450 923 3508 istorum,
954 3451 1418 3516 conjugatorumque

398 3547 513 3579 usus
539 3531 841 3596 aptissimum
874 3540 976 3587 est,
1014 3529 1081 3577 ita
1120 3532 1263 3579 etiam
1296 3533 1418 3581 nibil

397 3627 522 3674 opus
549 3612 641 3659 erit
668 3621 901 3667 statuere,
928 3609 1062 3672 quod
1096 3610 1167 3657 illi
1199 3610 1382 3661 debent
1399 3647 1414 3673 ‚

400 3690 472 3737 vel
499 3691 696 3755 optimis
719 3688 1039 3754 scriptoribus
1064 3706 1144 3735 vv.
1173 3689 1418 3739 existima·

397 3780 473 3814 tor
495 3782 546 3818 et
582 3768 882 3817 existimatio
924 3784 1016 3832 pro
1050 3769 1344 3818 ‹estimatore
1371 3783 1417 3819 et

400 3850 717 3897 ‹estimatione
744 3849 838 3898 dici
857 3884 871 3907 ,
907 3849 992 3896 sed
1022 3861 1280 3912 utrumque
1306 3852 1419 3899 ubi·

400 3944 493 3989 que
514 3946 598 3978 sua
621 3931 666 3977 vi
690 3941 914 3994 ponetur.
938 3931 998 3976 G.

473 4023 558 4055 αι.
598 4011 720 4071 Quoe
752 4008 872 4056 mihi
894 4007 1005 4073 Ιὶιίε
1040 4025 1147 4055 cum
1182 4010 1421 4057 avmweelo

401 4096 481 4130 tuo
499 4119 512 4141 ,
531 4084 697 4132 divino
723 4104 785 4134 ac
806 4087 1042 4151 singulari
1063 4088 1190 4136 viro.
1221 4088 1348 4151 Spir.
1372 4101 1419 4136 et

402 4162 617 4227 Er1.fuic
632 4175 743 4226 post
760 4166 867 4212 viro
888 4179 1096 4231 ponunt.
1122 4168 1268 4230 Quod
1290 4167 1416 4215 idem

403 4243 515 4290 ferri
558 4252 721 4307 potest
745 4258 758 4290 ε
800 4243 882 4291 sed
932 4262 992 4294 ex
1026 4250 1237 4295 auctoris
1282 4263 1416 4296 more

1499 1788 1715 1852 optimus
1752 1787 1886 1836 verbi
1926 1788 2078 1837 subst-
2116 1787 2254 1835 locus
2288 1795 2403 1851 post
2439 1795 2523 1831 tuo

1500 1868 1666 1915 suerit.
1705 1869 1774 1915 At
1809 1866 2034 1932 vulgatus
2060 1867 2185 1915 ordo
2219 1867 2334 1914 item
2362 1866 2523 1913 bonus

1500 1957 1572 1995 est
1598 1958 1612 1994 ζ
1641 1948 1712 1994 sic
1738 1947 1868 1994 enim
1895 1964 1976 1996 vv,
2004 1947 2240 1995 avunculo
2265 1957 2348 1992 tuo
2371 1959 2525 1991 enun-

1502 2026 1607 2074 tiati
1623 2026 1819 2092 pondus
1839 2026 2055 2087 habent3
2080 2042 2239 2090 neque
2266 2040 2392 2088 opus
2416 2032 2488 2070 est
2506 2056 2520 2078 2

1501 2116 1558 2153 nt
1579 2105 1636 2152 id
1662 2104 1724 2152 ad
1729 2103 1840 2169 fuit
1865 2106 2191 2153 transferatur.
2219 2106 2279 2153 G.

1572 2199 1658 2230 αα.
1693 2184 1843 2231 Pueri
1862 2185 2067 2234 Luculli.
2104 2186 2200 2233 Hic
2226 2183 2357 2232 filius
2392 2192 2523 2241 erat,

1501 2273 1555 2309 ut
1573 2272 1707 2325 patet
1724 2278 1750 2309 e
1769 2262 1893 2310 Plut.
1911 2266 2018 2313 Cat.
2040 2281 2150 2329 cap.
2170 2267 2252 2322 54,
2271 2263 2401 2311 illius
2418 2263 2515 2308 Lu-

1502 2341 1618 2388 culli
1641 2341 1743 2404 qui,
1765 2357 1868 2388 non
1887 2343 2033 2390 semel
2056 2345 2189 2391 victo
2210 2342 2517 2397 Mithridate,

1500 2419 1677 2468 deinde
1706 2421 1908 2469 omnino
1947 2437 1973 2468 a
2014 2422 2259 2486 republica
2293 2421 2519 2469 recessit:

1500 2516 1590 2548 nec
1607 2501 1771 2547 minus
1797 2500 1890 2547 suit
1917 2512 2063 2548 notus
2085 2501 2304 2548 villarum
2328 2514 2520 2547 suarum

1503 2579 1691 2626 deliciis
1706 2614 1721 2638 ,
1743 2594 1889 2642 quam
1905 2591 2017 2627 ante
2038 2580 2192 2628 fuerat
2213 2578 2444 2626 victoriis.
2457 2605 2523 2613 —

1502 2660 1620 2707 Non
1647 2659 1751 2706 sine
1779 2675 1917 2706 causa
1935 2659 2088 2723 pueri
2108 2658 2451 2724 praemittitur:
2482 2655 2522 2702 si

1504 2739 1635 2786 enim
1699 2739 2026 2802 postpositum
2082 2749 2207 2786 esset
2233 2774 2247 2794 ‚
2309 2744 2524 2802 separata

1502 2818 1726 2882 quaedam
1751 2816 1867 2879 filii,
1895 2820 1957 2867 ab
1989 2819 2070 2865 illa
2098 2817 2321 2876 Luculli,
2350 2814 2525 2879 patris,

1501 2897 1794 2946 bibliotheca
1816 2898 2021 2961 intelligi
2044 2908 2225 2961 posset.
2262 2896 2343 2943 Sic
2364 2904 2524 2941 autem

1502 2976 1646 3024 simul
1681 2989 1871 3042 tempus
1910 2976 2170 3033 indicatur,
2198 2990 2297 3038 quo
2333 2988 2523 3019 scenam

1503 3056 1684 3119 dialogi
1728 3067 1900 3103 auctor
1949 3056 2158 3118 positam
2204 3052 2353 3107 velit3
2391 3059 2526 3114 patre

1503 3152 1676 3200 nempe
1708 3135 1911 3182 Lucullo
1936 3143 2147 3181 mortuo.
2183 3135 2258 3179 De
2284 3130 2374 3177 hac
2400 3147 2526 3194 prae-

1502 3212 1651 3260 dicati
1665 3214 1994 3278 praemissione
2017 3212 2128 3260 vide
2148 3227 2240 3259 nos
2258 3208 2322 3257 ad
2335 3209 2524 3257 Acadd.

1504 3293 1582 3350 11,
1608 3291 1667 3353 6,
1697 3294 1777 3338 18.
1809 3291 1868 3340 G.

1578 3370 1665 3417 23.
1694 3371 1819 3417 Inde
1831 3386 2123 3434 promerem.
2142 3369 2378 3417 Referunt
2398 3369 2526 3433 Spir.

1503 3459 1549 3495 et
1578 3448 1676 3497 Erl.
1703 3466 1813 3497 cum
1840 3450 1943 3498 Pal.
1977 3467 2022 3510 1,
2055 3448 2379 3513 depromerem
2395 3467 2414 3505 ‚-
2440 3449 2525 3495 sed

1504 3545 1566 3574 ex
1604 3539 1778 3593 aperto
1815 3530 1967 3591 vitio,
2013 3546 2164 3594 qutun
2220 3528 2430 3594 praeced.
2477 3545 2525 3575 m

1504 3608 1640 3656 verbi
1657 3609 1872 3656 solebam
1887 3610 1997 3674 syll.
2014 3611 2065 3657 in
2078 3614 2158 3660 τοῦ
2171 3609 2286 3657 inde
2300 3610 2525 3657 hauserit.

1578 3697 1661 3745 24.
1682 3688 1950 3737 Stoicorum
1965 3690 2102 3739 abest
2118 3707 2145 3737 a
2168 3689 2301 3737 Gud.
2323 3704 2373 3750 2,
2391 3688 2525 3752 quod

1502 3768 1683 3833 probe.
1720 3769 1894 3816 Cicero
1932 3772 2060 3818 enim
2097 3774 2150 3820 in
2185 3768 2416 3816 biblioth.
2454 3768 2527 3814 in-

1507 3862 1669 3905 trans,
1706 3851 1938 3913 suspicari
1969 3849 2198 3914 quidem,
2231 3864 2333 3894 nou
2367 3857 2525 3894 autem

1507 3931 1628 3978 scire
1660 3942 1875 3992 poterat,
1913 3931 2091 3995 quibus
2117 3929 2252 3977 libris
2282 3929 2403 3976 Cato
2435 3927 2525 3974 cir-

1509 4010 1754 4056 cumfusus
1784 4009 1986 4058 sederet.
2015 4011 2236 4072 Pingitur
2259 4008 2399 4055 etiam
2424 4006 2522 4068 ple-

1508 4090 1618 4136 nius
1647 4090 1731 4136 ista
1761 4090 1904 4150 hujus
1931 4088 2131 4154 legendi
2159 4085 2391 4139 aviditas,
2416 4100 2526 4147 quae

1508 4169 1742 4230 sequitur.
1770 4172 1829 4215 G.

1580 4248 1668 4295 25.
1710 4245 2037 4295 Incxltausca.
2070 4250 2207 4297 Hanc
2239 4260 2352 4292 voc.
2386 4244 2523 4290 Goer.
