3217 4784
779 394 904 461 DE
951 395 1123 464 FIN.
1174 396 1379 466 BON.
1428 400 1544 467 ET
1592 396 1808 465 MAL.
1861 401 1984 484 IV,
2028 399 2143 469 23.

2371 404 2512 478 513

387 525 587 582 ueste
625 512 923 604 viveret,
955 517 1015 587 si
1039 517 1227 587 idem
1264 532 1333 589 et
1371 510 1613 591 bene⁵
1650 519 1947 604 valeret,
1988 520 2176 594 bene
2203 524 2512 614 audiret,

386 623 723 718 copiosus
754 640 941 697 esset
956 623 1013 713 ⁶,
1056 626 1560 724 optabiliorem
1612 626 1766 700 fore
1801 631 2016 700 vitam
2040 642 2076 719 ,“·
2098 633 2510 707 meliorem-

384 754 530 825 que
566 746 636 802 et
676 735 899 830 magis
936 735 1415 832 expetendam
1439 792 1458 826 ,
1493 762 1712 835 quam
1746 740 1970 829 illius,
2000 746 2127 838 qui
2160 769 2365 843 aeque
2404 750 2515 819 vir

387 838 660 928 bonus,
697 843 941 913 multis
982 845 1218 915 modis
1254 860 1483 934 esset,
1518 862 1601 918 ut
1637 851 1847 919 Ennii
1885 851 2196 926 Alcmaeo
2221 868 2275 941 ⁷,

701 1009 1143 1069 Circumventus
1177 1011 1417 1087 morbo,
1451 1013 1690 1086 exsilio,
1718 1028 1891 1092 atquc
1919 1018 2135 1096 inopia.

383 1155 491 1225 Illi
528 1148 746 1253 igitur
781 1162 1060 1257 antiqui
1101 1186 1251 1233 non
1292 1178 1438 1234 tam
1481 1160 1738 1253 acute8
1773 1165 2279 1264 optabiliorem
2322 1171 2516 1243 illam
2553 1196 2621 1248 63

383 1267 600 1336 vitam
625 1282 915 1364 putant,
937 1277 1541 1367 praestantiorem,
1572 1273 1994 1346 beatiorem.
2030 1280 2250 1351 Stoici
2276 1297 2514 1354 autem

381 1377 884 1449 tantummodo
938 1383 1506 1479 praeponendam
1557 1387 1634 1454 in
1693 1385 2101 1483 seligendo,
2156 1414 2310 1461 non
2368 1418 2520 1490 quo

382 1484 664 1559 beatior
709 1489 860 1559 haec
912 1492 1055 1561 vita
1110 1493 1245 1575 sit„
1296 1492 1425 1563 sed
1480 1494 1681 1590 quod
1730 1495 1821 1566 ad
1865 1509 2196 1569 naturam
2235 1522 2519 1570 accom-

380 1598 773 1685 modatior-3
801 1616 872 1670 et
903 1604 1029 1696 qui
1070 1602 1429 1698 sapientes
1456 1629 1606 1674 non
1640 1606 1819 1689 sint,
1858 1630 2113 1677 omnes
2144 1631 2349 1704 aeque
2380 1612 2519 1680 mi-

381 1733 577 1780 seros
614 1734 788 1781 esse.
808 1713 1025 1781 Stoici
1064 1710 1214 1781 haec
1252 1712 1581 1784 videlicet
1616 1714 2040 1787 viderunt9:
2080 1716 2242 1788 illos
2278 1732 2537 1790 autem·

381 1815 450 1886 id
499 1815 778 1915 fugerat
827 1822 1235 1918 superiores
1285 1819 1468 1919 [qui
1519 1821 2149 1923 arbitrabantur]‚
2191 1826 2519 1901 homines

382 1926 771 1999 sceleribus
829 1945 899 2000 et
961 1932 1360 2028 parricidiis
1422 1935 1875 2031 inquinatoS,
1927 1935 2159 2005 nihilo
2192 1939 2518 2009 miserio-

386 2059 497 2105 res
528 2060 719 2124 esse,
754 2063 972 2134 quam
1009 2063 1134 2111 eos
1161 2094 1180 2127 ,
1216 2046 1342 2138 qui
1381 2068 1609 2140 quum
1650 2058 1840 2116 caste
1879 2058 1952 2115 et
2003 2045 2280 2143 integre
2321 2050 2518 2119 vive-

452 2221 500 2276 5.
550 2229 602 2277 Si
629 2228 759 2278 idem
789 2242 838 2278 ee
861 2232 999 2281 bene.
1026 2236 1162 2282 Goer.
1188 2235 1333 2284 scrib.
1362 2234 1405 2283 si

380 2306 507 2353 idem
532 2308 683 2357 eciam
706 2309 838 2359 bene.
869 2311 949 2357 Sic
963 2345 979 2371 ,
999 2312 1187 2375 inquit,
1210 2315 1336 2376 Spir.
1355 2326 1405 2363 et

380 2384 478 2434 Erl.
512 2402 606 2434 nos
637 2388 846 2437 scribere
868 2391 1152 2450 jusserunt:
1183 2391 1405 2454 vulgetur

380 2474 458 2523 ee,
486 2481 630 2528 quam
650 2504 665 2529 ,
702 2467 778 2515 his
806 2468 860 2516 in
894 2469 1167 2528 contextis,
1194 2470 1403 2534 probare

380 2543 463 2589 vix
499 2543 631 2593 lieet.
665 2548 795 2595 Ven.
836 2547 983 2595 etiam
1015 2560 1126 2596 ante
1163 2550 1404 2614 posterius

379 2622 497 2669 bene
517 2625 661 2672 refert
680 2659 697 2686 ,
732 2627 809 2673 vel
835 2643 898 2674 ex
923 2626 1121 2685 scribae‚
1149 2627 1226 2675 vel
1253 2639 1402 2693 typo·

380 2700 524 2750 thetae
547 2720 727 2753 errore.

450 2781 503 2829 6.
550 2782 801 2831 Valeree..
823 2819 835 2831 .
872 2785 1092 2849 copiosus
1120 2796 1259 2834 essee.
1290 2786 1403 2833 Tria

380 2859 467 2905 ista
514 2877 626 2908 cnm
669 2862 877 2925 quadam
920 2864 1223 2928 praeferentia
1272 2863 1405 2930 apud

380 2939 570 2985 Stoicos
590 2941 905 3003 posteriores,
924 2942 1106 3005 pariter
1117 2953 1261 3006 atque
1282 2947 1406 2991 Aca-

380 3014 594 3064 demicos
610 3053 627 3074 ,
692 3018 1009 3067 nominantur
1026 3053 1041 3078 ,
1103 3043 1125 3063 ⁸
1142 3022 1362 3071 valitudo
1385 3060 1400 3085 ,

378 3092 508 3143 bona
532 3097 653 3143 sama
670 3131 684 3155 ‚
714 3097 896 3144 divitiae
916 3118 961 3144 n.

451 3190 501 3231 7.
534 3175 771 3223 Alcmoeo.
804 3178 942 3222 Hanc
979 3177 1165 3223 Ennius
1192 3176 1401 3226 fabulam

376 3250 438 3297 ab
473 3252 708 3315 Euripide
748 3264 1032 3316 sumpserat.
1077 3253 1213 3301 Idem
1257 3256 1311 3301 in
1347 3272 1402 3302 ea

376 3343 713 3393 argumentum
741 3331 1040 3380 tractabatur
1059 3349 1115 3379 ac
1146 3333 1198 3379 in
1224 3336 1401 3382 nostris

381 3411 571 3467 Oreste,
614 3409 919 3469 semiramis,
958 3410 1166 3460 Hamlet.
1212 3411 1398 3463 Neutra

376 3490 439 3536 ad
465 3505 557 3537 nos
584 3489 825 3553 pervenit.

448 3567 496 3618 8.
544 3568 652 3615 Νοη
690 3580 793 3616 tam
830 3580 991 3617 acute.
1034 3568 1226 3618 Ernest.
1272 3569 1404 3617 acuti

376 3649 570 3713 praefert
598 3664 611 3696 ε
639 3648 725 3696 sed
759 3660 861 3696 tum
897 3665 959 3695 ex
989 3648 1239 3697 Ciceronis
1269 3665 1402 3697 more

376 3728 543 3786 acuti,
582 3726 672 3793 qui
705 3728 1006 3775 suadendum
1051 3737 1188 3787 eret;
1227 3727 1297 3774 sic
1333 3738 1401 3774 ta-

378 3821 516 3865 men,
546 3816 602 3854 ut
627 3806 819 3870 vulgata
847 3805 979 3855 haud
1008 3805 1223 3854 deterior
1252 3818 1399 3860 esset.

376 3882 503 3943 Nam
528 3895 588 3931 nt
610 3907 635 3925 κ
656 3895 812 3943 recte,
839 3886 958 3934 falso
977 3920 990 3941 ‚
1018 3885 1136 3932 scite
1159 3894 1330 3948 putare
1351 3906 1402 3942 n,

378 3961 444 4008 ita
467 3977 605 4025 aeque
626 3962 749 4011 bene
776 3976 987 4029 acmep.
1016 3963 1212 4011 dicitnr.
1240 3963 1302 4012 G.

450 4054 503 4101 9.
539 4041 685 4089 Stoici
711 4043 816 4091 hoec
845 4042 1076 4091 videlieet
1120 4040 1355 4090 viderunt
1380 4060 1400 4092 .·

379 4117 488 4165 illos
507 4130 670 4168 autem
698 4120 755 4167 id
768 4120 977 4186 fugerat
997 4120 1264 4187 superiores
1294 4120 1403 4185 [qui

571 4207 660 4276 ῙῙ.
702 4222 798 4271 Cic.
816 4240 936 4290 pars
958 4225 1109 4276 tertia.

1491 2225 1881 2297 arbitrabantur]
1900 2265 1916 2287 ,
1946 2226 2162 2278 Ιιοηιίπεε
2195 2230 2448 2279 sceleribus
2475 2241 2525 2278 et

1483 2307 1763 2371 parricidii}
1791 2306 2075 2372 inquae'na'tos
2089 2344 2103 2368 ,
2130 2309 2281 2358 nihilo
2310 2309 2523 2358 miserio-

1491 2403 1566 2433 res
1607 2403 1728 2434 eaese.
1770 2386 1933 2453 ‘Vulgo
1977 2397 2088 2434 ante
2132 2388 2239 2436 illos
2281 2401 2521 2453 punctum

1490 2465 1756 2512 maximum
1781 2463 2055 2527 ponebatur
2068 2498 2083 2518 ,
2106 2474 2155 2511 et
2174 2475 2410 2528 punctum
2429 2466 2522 2515 du-

1490 2544 1608 2609 plex
1645 2554 1760 2607 post
1798 2540 2082 2609 superiores.
2110 2544 2345 2592 Praeterea
2381 2546 2520 2593 Goer.

1490 2622 1687 2686 scripsit
1723 2622 1815 2671 hoc
1855 2638 1949 2687 pro
1984 2622 2110 2671 hoec.
2154 2622 2368 2670 Primum
2390 2657 2408 2684 ‚
2445 2622 2523 2671 in-

1490 2702 1630 2766 quit,
1660 2702 1863 2750 Davisio
1895 2701 2164 2766 parendum
2194 2701 2319 2760 suit,
2345 2701 2432 2766 qui
2459 2718 2522 2749 ex

1492 2780 1649 2829 tribus
1673 2780 1865 2847 scriptis
1884 2781 2009 2840 suis,
2031 2791 2083 2829 et
2100 2781 2382 2828 Victoriana
2401 2780 2520 2838 Ιιοο,

1490 2876 1584 2923 pro
1609 2860 1808 2924 vulgato
1837 2859 1943 2907 haec
1967 2859 2124 2924 (quod
2145 2858 2329 2922 ubique
2349 2858 2521 2907 scribae

1492 2939 1805 3003 obtrudunt)
1852 2939 1987 2988 dedit
2028 2955 2041 2987 :
2074 2954 2187 2985 nam
2224 2938 2381 2985 nostri
2415 2939 2519 2998 sic,

1493 3030 1670 3082 praeter
1708 3018 1909 3066 Monac.
1951 3033 2119 3064 omnes
2137 3050 2154 3072 ,
2201 3015 2521 3078 impressique

1490 3110 1609 3148 vett.
1625 3098 1860 3162 plerique.
1877 3096 2064 3143 Deinde
2083 3095 2212 3141 idem
2226 3105 2355 3142 recte
2375 3094 2520 3152 vidit,

1488 3176 1637 3225 verba
1669 3176 1775 3222 illos
1789 3211 1803 3223 .
1819 3210 1832 3222 .
1848 3210 1859 3221 .
1896 3172 2163 3237 superiores
2178 3209 2193 3232 ,
2229 3188 2332 3220 non
2375 3189 2520 3236 posse

1448 3292 1451 3295 .
1487 3255 1583 3301 nisi
1603 3254 1667 3301 sd
1693 3251 2013 3299 Academicos
2034 3251 2236 3309 reserri3
2262 3250 2331 3297 ita
2357 3262 2517 3300 autem

1486 3426 1595 3456 rum
1630 3426 1829 3473 prorsus
1856 3409 2179 3470 contrariam,
2204 3419 2253 3456 et
2289 3407 2353 3455 sd
2386 3408 2519 3457 solos

1487 3490 1680 3536 Stoicos
1718 3489 2054 3553 pertinentem.
2104 3487 2199 3536 Sed
2230 3489 2271 3535 si
2312 3488 2398 3535 hic
2437 3489 2517 3537 vel

1491 3582 1603 3615 cum
1642 3569 1869 3632 Guyeto,
1910 3568 1994 3631 qui
2035 3566 2165 3615 idem
2208 3566 2515 3639 offenderat,

1491 3663 1590 3694 non
1628 3646 1779 3695 nihilo
1824 3647 2077 3710 legendum
2100 3683 2115 3704 ,
2155 3646 2230 3695 vel
2270 3647 2423 3696 m'lu‘lo
2463 3650 2518 3696 in

1490 3725 1639 3772 ninu‘o
1666 3726 1949 3774 mutandum
1984 3737 2155 3791 putat3
2178 3742 2314 3790 neque
2344 3743 2515 3791 parum

1490 3802 1604 3851 loeo
1646 3804 1887 3866 consulit,
1918 3821 1974 3852 ac
2001 3805 2206 3863 Nissen,
2243 3805 2329 3868 qui
2365 3807 2517 3854 multo

1491 3884 1667 3947 corrigi
1706 3883 1854 3933 malit.
1889 3883 1940 3932 Si
1980 3884 2131 3932 libros
2170 3883 2381 3948 scriptos
2420 3885 2515 3932 im·-

1487 3978 1775 4026 pressosque
1807 3973 1924 4012 vett.
1965 3964 2170 4026 queris,
2207 3963 2515 4010 consentiunt

1489 4042 1684 4105 utrique
1722 4056 1833 4088 cnm
1876 4042 2099 4106 vulgata,
2120 4042 2213 4089 nisi
2232 4040 2369 4107 quod
2392 4041 2446 4088 E.
2466 4050 2515 4088 et

1490 4116 1532 4177 ξ.
1566 4120 1867 4169 arbitrantur
1899 4124 2117 4185 variant,
2161 4131 2209 4169 et
2246 4122 2393 4168 Mers.
2432 4111 2520 4183 qui

2230 4204 2319 4274 33
