3217 4784
794 368 917 438 DE
966 361 1136 437 FlN.
1189 365 1394 436 BoN.
1444 364 1555 432 ΕΤ
1606 315 1819 434 mir..
1876 367 2012 451 111,
2049 389 2114 433 2.
2377 365 2514 439 333

394 489 611 562 disset
638 500 727 577 ²9,
770 507 851 562 ut
915 491 1095 562 alter
1153 488 1455 560 alterum
1512 512 1647 557 nec
1704 489 2003 586 opinato
2063 488 2515 575 videremus,

392 601 699 671 surrexit
734 602 991 671 statim.
1024 597 1304 670 Deinde
1348 597 1574 694 prima
1614 596 1767 682 illa,
1803 623 1967 694 quoe
2006 601 2080 669 in
2118 623 2511 696 congressu

390 711 700 781 solemus
728 738 743 780 ε
778 711 969 800 Quid
1000 726 1113 796 tu,
1144 708 1423 804 inquit,
1468 706 1662 776 huc?
1686 710 1743 774 A
1771 706 1936 778 villa
1979 710 2209 796 enim,
2249 708 2504 781 credo:

389 835 497 905 et,
539 821 597 890 si
630 819 730 890 ibi
760 835 832 891 te
866 844 1020 890 esse
1063 821 1351 889 scissem
1387 870 1406 900 ‚
1452 813 1542 885 ad
1580 829 1649 886 te
1685 817 1838 912 ipse
1874 822 2250 892 venissem.
2295 821 2504 905 Heri,

390 934 718 1030 inquam,
754 931 941 1002 ludis
977 928 1373 1001 commissis
1385 920 1479 1012 3⁰,
1506 951 1595 997 ex
1624 925 1804 998 urbe
1831 927 2198 1026 profectus
2225 936 2390 1005 veni
2419 935 2508 1006 ad

382 1035 869 1140 vesperum3¹.
912 1046 1141 1112 Causa
1174 1054 1413 1110 autem
1448 1036 1582 1109 fuit
1615 1038 1759 1110 huc
1793 1040 2164 1129 veniendi,
2192 1058 2274 1114 ut
2297 1069 2509 1141 quos-

382 1152 545 1221 dam
589 1152 759 1222 hinc
803 1148 1025 1221 libros
1061 1172 1468 1248 promerem
1506 1175 1523 1217 ε
1575 1162 1647 1218 et
1688 1146 1983 1245 quidem
2011 1147 2099 1237 3²,
2134 1154 2347 1238 Cato,
2399 1169 2506 1225 to—

382 1274 525 1330 tam
578 1261 766 1332 hanc
819 1262 1100 1359 copiam
1169 1259 1319 1354 jam
1383 1258 1688 1329 Lucullo
1741 1273 1993 1329 nostro
2047 1277 2293 1334 notam
2353 1290 2505 1337 esse

304 1362 341 1403 ⁴
380 1369 770 1467 oportebit.
821 1374 1001 1443 Nam
1049 1371 1162 1443 his
1217 1369 1418 1440 libris
1461 1393 1629 1439 eum
1673 1370 1900 1454 malm
1960 1394 2178 1466 quam
2221 1374 2503 1472 reliquo

280 1468 286 1477 ⁵
379 1497 638 1553 ornatu
673 1481 853 1552 villae
904 1481 1268 1554 delectari.
1315 1486 1438 1551 Est
1478 1481 1672 1549 enim
1721 1479 1900 1549 mihi
1940 1504 2213 1576 magnae
2271 1507 2495 1556 curae:

373 1617 815 1691 quamquam
839 1594 981 1665 hoc
1007 1590 1306 1689 quidem
1340 1590 1716 1687 proprium
1746 1581 2030 1659 tuum3³
2057 1614 2329 1663 munus
2361 1609 2502 1677 est,

1481 1789 1753 1854 significare
1769 1791 1978 1851 videtur,
1992 1802 2136 1856 atque
2149 1793 2207 1841 iis
2224 1791 2376 1844 {initis
2388 1812 2501 1845 con-

446 1813 535 1859 ²9·
576 1798 724 1861 Quod
760 1812 906 1861 quum
950 1793 1228 1849 accidisset.
1252 1793 1400 1858 Quod

1481 1871 1623 1920 tinuo
1667 1872 1719 1917 in
1765 1871 2092 1920 Tusculanum
2136 1890 2279 1921 snum
2323 1873 2496 1927 abisse.

376 1875 542 1924 Lamb.
570 1891 663 1940 pro
693 1875 791 1921 Sed
805 1891 853 1922 v.
880 1875 1058 1920 Autem
1089 1871 1272 1919 dictum
1298 1887 1393 1935 pu-

376 1962 513 2008 tans,
551 1954 661 2011 jure
699 1949 1070 2015 reprehenditur
1108 1965 1135 1996 a
1171 1950 1391 2010 Bremio;

374 2040 504 2077 certe
528 2031 626 2078 Sed
650 2028 706 2076 id
719 2030 882 2076 dicere
910 2029 1167 2076 debuisset.
1193 2031 1263 2077 At
1283 2030 1389 2094 ipse

370 2109 529 2156 Brem.
551 2125 703 2172 quum
726 2107 858 2155 dicat
871 2140 885 2164 ,
901 2106 1067 2154 referri
1080 2106 1208 2154 idem
1222 2107 1298 2155 vel
1324 2109 1386 2157 ad

372 2189 751 2237 enuntiationem
776 2197 1087 2248 sequentem,
1116 2186 1191 2232 vel
1218 2186 1279 2233 ad
1305 2202 1390 2233 an-

368 2268 634 2316 tecedentia
654 2301 671 2326 ,
692 2278 742 2314 et
763 2282 875 2314 curn
902 2265 1061 2330 ellipsi
1082 2265 1388 2329 praepositio·

366 2346 439 2394 nis
480 2356 699 2410 propter,
742 2345 888 2410 igitur
922 2346 1112 2407 signare
1141 2357 1156 2392 :
1202 2344 1382 2404 majora

360 2426 528 2484 etiam,
566 2441 711 2489 qnam
742 2424 908 2472 Lamb-
945 2422 1171 2471 miracula
1204 2434 1380 2471 namt.

365 2503 511 2565 Quod
524 2514 663 2551 notat
686 2503 844 2566 quue
866 2536 881 2561 ,
910 2513 960 2550 et
985 2502 1193 2549 refertur
1213 2500 1276 2549 ad
1299 2518 1377 2550 vv.

358 2599 491 2646 seqq.
525 2594 601 2629 ue.
618 2618 630 2630 .
646 2581 948 2629 wider-emus
963 2614 979 2641 ,
1004 2580 1180 2644 quibus
1208 2591 1380 2628 auctor

357 2662 418 2709 ad
447 2661 668 2725 superins
699 2661 857 2726 posita
886 2661 1039 2719 redit,
1057 2659 1192 2723 quod
1218 2660 1270 2706 in
1294 2661 1378 2707 bi-

356 2741 600 2789 bliotheca
634 2741 716 2788 illa
749 2756 814 2787 ex
844 2739 1111 2804 improviso
1138 2738 1371 2787 Catonem

355 2819 742 2883 deprehenderit.
761 2820 829 2867 G.

425 2899 507 2946 3ο.
546 2897 691 2945 Ludis
712 2894 989 2945 commissis.
1008 2895 1235 2961 Explicat
1252 2898 1368 2947 Ern.

352 2977 403 3023 in
430 2978 573 3026 clave
596 2994 642 3026 v.
665 2974 980 3034 committere,
1000 2975 1164 3037 σοφώ
1186 2992 1204 3022 .·
1220 2975 1368 3040 idque

349 3072 461 3103 sane
485 3056 554 3103 sic
574 3056 728 3119 accipi
749 3063 933 3117 potest3
956 3052 1068 3111 sed,
1090 3069 1152 3100 an
1175 3054 1366 3115 debeat,

348 3136 553 3198 quaestio
589 3145 679 3183 est.
722 3134 792 3181 Ut
838 3132 966 3178 enim
1006 3148 1183 3198 pugna
1235 3151 1365 3181 com-

348 3215 523 3271 missa,
582 3228 631 3263 et
674 3228 887 3279 pugnam
905 3244 921 3271 ,
968 3228 1080 3275 quoe
1131 3214 1366 3262 comotim'

344 3292 515 3357 eoepie,
545 3303 594 3340 et
632 3308 744 3355 quae
778 3300 1012 3354 pugnata
1053 3300 1148 3351 ese,
1188 3302 1358 3341 notat:

342 3370 412 3419 sic
427 3403 441 3428 ,
480 3371 608 3419 ludis
652 3369 908 3418 commissis
924 3402 940 3427 ,
986 3379 1175 3433 tempus
1222 3384 1358 3434 aeque

342 3462 452 3513 post
487 3450 656 3509 ludos,
691 3459 835 3512 atque
875 3447 1009 3512 quod
1035 3448 1096 3496 iis
1121 3448 1355 3498 habendis

337 3529 593 3578 intercedit
610 3565 625 3589 ,
646 3527 850 3577 indicari
876 3537 923 3574 et
949 3537 1137 3590 potest,
1154 3539 1203 3576 et
1228 3529 1355 3577 indi-

336 3619 488 3656 catur.
525 3610 634 3657 Jam
669 3608 916 3672 queritur,
942 3617 1101 3654 utrum
1128 3607 1226 3656 huc
1262 3624 1353 3672 po-

338 3687 570 3735 tissimum
607 3688 880 3737 conveniat.
924 3686 1154 3734 Putamus
1193 3688 1348 3750 prius.

336 3767 482 3814 Ferit
508 3768 635 3815 enim
670 3776 940 3823 narrantur,
974 3777 1023 3814 et
1057 3781 1347 3829 quamquam

333 3845 531 3906 Cicero,
581 3856 637 3893 ut
685 3861 811 3908 saepe
852 3844 1036 3892 indicat
1077 3843 1164 3908 (cf.
1217 3847 1344 3910 Epp.

338 3925 463 3967 Fam·
478 3924 592 3984 vn,
617 3926 684 3985 1),
701 3924 843 3972 ludos
859 3923 1084 3988 publicos
1101 3938 1206 3971 non
1222 3938 1348 3972 aina-

332 4001 411 4048 bat
428 4017 439 4050 :
458 4012 611 4051 tamen
631 4020 780 4067 quum
800 4008 971 4053 Roma:
988 4019 1197 4069 praesens
1205 4015 1347 4062 esset,

330 4080 577 4143 religionis
613 4099 752 4132 causa
791 4086 1113 4149 frequentasse
1147 4101 1196 4135 se
1232 4101 1348 4146 eos,

1479 1947 1629 2011 Quod
1647 1965 1798 2012 quum
1822 1949 2078 1998 duodecim
2104 1952 2202 2001 sere
2220 1952 2495 2002 milliarium

1474 2043 1786 2076 romanorum
1821 2028 1882 2075 ab
1919 2028 2052 2077 Urbe
2076 2030 2262 2081 abesset
2285 2066 2300 2091 ,
2323 2033 2491 2094 facile,

1472 2117 1586 2170 post
1615 2106 1761 2156 ludos
1786 2108 2035 2173 profectus
2051 2143 2066 2168 ,
2092 2110 2184 2157 sub
2210 2112 2366 2161 aestivi
2395 2114 2494 2161 diei

1472 2202 1730 2250 vesperum
1748 2186 1811 2234 ad
1847 2186 2008 2235 villam
2033 2191 2286 2252 pervenire
2311 2194 2492 2254 potuit.

1471 2264 1606 2327 Vage
1651 2274 1820 2312 contra
1860 2264 2073 2328 plurium
2112 2268 2342 2317 horarum
2381 2288 2493 2336 spa-

1470 2342 1592 2389 tium
1615 2353 1827 2400 notatur,
1860 2344 1902 2390 si
1925 2346 2098 2407 coeptis
2133 2346 2262 2396 ludis
2288 2366 2339 2398 se
2365 2367 2490 2415 pro-

1467 2421 1651 2469 fectum
1682 2433 1854 2471 auctor
1877 2424 2142 2487 scripserit.
2172 2427 2238 2477 G.

1536 2502 1629 2552 31.
1689 2505 1965 2564 Vesper-um.
2020 2503 2121 2550 Alii
2144 2537 2160 2561 ,
2209 2521 2488 2571 vesperam.

1466 2579 1681 2627 Firmant
1713 2580 1838 2644 Spir.
1863 2580 1966 2630 Erl.
1991 2583 2101 2630 Bas.
2138 2577 2180 2639 ξ.
2223 2596 2272 2633 et
2300 2581 2354 2649 ψ.
2390 2605 2486 2636 ve-

1460 2674 1676 2721 sperum,
1710 2657 1849 2722 qnod
1889 2669 2020 2708 recte
2057 2662 2202 2712 Grut.
2240 2680 2302 2712 ex
2328 2666 2484 2716 tribus

1459 2739 1560 2785 suis
1586 2739 1785 2803 recepit.
1815 2739 1878 2787 G.
2266 2741 2272 2748 '

1529 2819 1616 2865 32.
1667 2820 1734 2865 Ee
1776 2818 1991 2883 quidem.
2033 2822 2215 2871 Scribae
2265 2812 2500 2876 turbant..

1455 2896 1587 2945 Gud.
1619 2913 1668 2957 2,
1689 2897 1795 2947 haec
1808 2899 2062 2962 ignorans,
2079 2911 2196 2966 post
2223 2902 2363 2957 Caco.
2387 2922 2476 2952 au·

1454 2987 1550 3024 tem
1576 2977 1743 3027 refert.
1781 2977 1916 3025 Gud.
1948 2993 1969 3024 1
2002 2988 2050 3024 et
2082 2981 2190 3026 Bas.
2213 2981 2435 3043 equidem
2453 3019 2468 3042 ‚

1452 3055 1514 3101 de
1548 3071 1649 3118 quo
1693 3055 1753 3103 ad
1787 3056 1894 3105 init.
1927 3055 2041 3102 libri
2068 3055 2219 3116 hujus
2244 3057 2471 3108 diximus.

1449 3132 1567 3180 Non
1601 3133 1826 3181 viderunt
1847 3134 1958 3191 isti,
1982 3133 2205 3197 quidem,
2231 3150 2351 3183 sane
2382 3153 2471 3183 no·

1447 3221 1575 3274 tare,
1605 3223 1751 3275 atque
1774 3212 1843 3259 ita
1863 3227 1956 3275 pro
1980 3212 2179 3275 ingenio
2196 3213 2318 3276 ⁴Ioco
2344 3230 2467 3263 con-

1445 3290 1716 3337 suluerunt.
1732 3292 1797 3338 G.

1516 3369 1599 3416 33.
1640 3370 1955 3432 Quamquam
1989 3368 2081 3417 hoe
2118 3370 2315 3435 quidem
2348 3390 2466 3437 pro-

1436 3449 1598 3513 prium
1614 3458 1748 3495 mum
1762 3465 1936 3497 munus
1947 3462 2032 3499 ese.
2046 3454 2163 3499 Hoec
2179 3452 2463 3503 Goerensius

1439 3526 1716 3593 parenthesi
1755 3528 1964 3577 includit
1984 3563 2000 3587 ‚
2043 3545 2196 3593 quum
2239 3544 2460 3582 constru-

1437 3608 1537 3656 ctio
1578 3618 1778 3670 pergat,
1812 3621 1886 3656 est
1919 3607 2039 3656 mihi
2070 3625 2269 3674 magnoe
2303 3628 2460 3676 curce,

1434 3687 1579 3736 utica
1595 3687 1866 3750 erudiatur,
1884 3699 1978 3737 etc.
1997 3688 2277 3752 Ingreditur
2299 3702 2458 3740 autem

1434 3783 1732 3832 quamquam
1790 3768 2097 3832 parenthesin
2163 3770 2422 3833 saepissime
2439 3788 2459 3827 ι

1432 3846 1547 3895 vide
1584 3863 1676 3895 nos
1704 3847 1765 3894 ad
1798 3847 1991 3897 Acadd.
2025 3849 2106 3902 11,
2134 3850 2237 3908 45,
2269 3851 2451 3912 139.--

1431 3926 1638 3991 Vulgata
1691 3938 1852 3974 tamen
1899 3929 2232 3992 interpunctio
2277 3932 2454 3977 servari

1434 4016 1617 4069 potest,
1645 4006 1686 4054 si
1712 4018 1989 4057 construas:
2014 4008 2125 4055 Hoc
2144 4042 2160 4068 ,
2190 4023 2363 4073 nempe
2399 4020 2455 4055 ut

1434 4085 1498 4133 ita
1520 4085 1769 4134 erudiatur
1786 4098 1843 4134 ut
1856 4121 1870 4145 ‚
1891 4098 1984 4135 etc.
2012 4098 2150 4136 tuum
2170 4102 2347 4136 munus
2366 4097 2452 4135 est.
