3217 4784
651 478 675 523 1
690 451 784 523 68

1314 454 1410 519 M.
1463 452 1541 519 T.
1592 448 2080 519 CICERONIS

642 576 900 647 eodem
938 575 1233 644 nornine
1265 566 1568 642 omnes⁶
1611 569 2053 668 appellamus
2075 624 2095 658 ,
2128 569 2371 642 laudat
2408 572 2584 643 locis
2611 573 2773 670 plu·

641 685 873 770 rimis,
924 682 1141 752 audet
1193 679 1430 751 dicere
1450 735 1471 765 ‚
1527 705 1618 752 ne
1669 682 2013 779 suspicari
2061 680 2357 779 quidem
2406 707 2481 754 se
2535 682 2768 754 ullum

620 793 918 865 bonum
961 789 1364 884 sejunctum
1400 788 1492 861 ab
1531 790 1658 861 illo
1697 790 2100 889 Aristippeo
2139 816 2401 889 genere
2436 791 2767 890 volupta-

639 905 766 989 tis;
794 916 1011 998 atque
1043 898 1144 971 ibi
1175 900 1317 971 hoc
1352 899 1560 987 dicit,
1591 899 1722 971 ubi
1752 902 1988 971 omnis
2025 901 2181 995 ejus
2218 916 2328 972 est
2359 905 2640 972 oratio7
2678 899 2768 972 de

640 1008 1184 1085 summo-bono.
1221 1015 1303 1081 In
1331 1010 1470 1081 alio
1498 1034 1670 1080 vero
1696 1007 1923 1096 libro,
1954 1010 2025 1078 in
2057 1035 2207 1107 quo
2233 1010 2548 1082 breviter
2569 1035 2768 1082 com·

639 1121 1013 1222 prehensis
1040 1120 1467 1218 gravissimis
1494 1119 1894 1203 sententiis,
1922 1122 2124 1214 quasi
2147 1118 2437 1191 oracula
2461 1118 2769 1192 edidisse

639 1232 1004 1330 sapientiae
1032 1229 1320 1317 dicitur,
1351 1227 1598 1301 scribit
1628 1226 1741 1298 his
1768 1226 2029 1316 verbis,
2058 1254 2218 1327 quae
2247 1244 2420 1301 nota
2443 1228 2575 1303 tibi
2604 1255 2770 1330 pro-

637 1342 1256 1437 fect0‚Torquate‚
1284 1353 1475 1409 sunt.
1504 1337 1687 1427 Quis
1714 1337 1909 1406 enim
1941 1352 2261 1409 vestrum
2295 1364 2447 1410 non
2477 1338 2770 1410 edidicit

636 1448 928 1547 Epicuri
959 1448 1164 1545 κυρίας
1198 1441 1416 1533 δόξας,
1446 1440 1520 1513 id
1555 1456 1700 1528 est,
1729 1443 2268 1538 quasimaxime
2294 1457 2478 1516 ratas
2499 1437 2569 1513 ⁸?
2596 1446 2768 1542 quia

636 1627 750 1677 edd.
789 1636 908 1676 vett.
933 1627 1207 1691 plerisque,
1235 1624 1393 1689 ipsam
1418 1638 1525 1670 eam
1553 1636 1657 1669 ser·

638 1720 776 1757 vent.
822 1706 920 1755 Sed
944 1705 1127 1754 nnllam
1146 1704 1198 1752 h.
1225 1703 1259 1752 l.
1286 1705 1386 1751 vim
1410 1704 1477 1753 in,
1501 1701 1658 1766 ipsam

642 1785 890 1843 videmus,
926 1795 975 1833 et
1000 1785 1053 1831 in
1078 1781 1316 1848 proximis
1344 1793 1446 1829 tum
1470 1791 1659 1828 mutato

640 1865 896 1913 verborum
922 1862 1094 1911 ordine
1122 1859 1237 1909 locis
1257 1858 1476 1925 plurimis
1493 1858 1666 1907 laudae

639 1940 950 1992 scribendum
970 1940 1131 1989 fuerit.
1154 1940 1216 1986 G.

712 2024 762 2071 6.
791 2020 972 2069 Eodem
995 2017 1193 2066 nomme
1222 2031 1410 2064 omnes.
1454 2017 1526 2060 lta
1566 2013 1662 2061 soli

640 2100 745 2149 bini
780 2098 851 2146 im
881 2114 895 2146 ε
941 2113 1052 2144 nam
1080 2094 1212 2143 Gud.
1246 2108 1269 2143 1
1314 2106 1363 2142 et
1408 2093 1518 2140 Bas.
1556 2091 1663 2139 haec

642 2186 969 2242 transponunt
988 2212 1004 2237 ‚
1016 2191 1182 2222 omnes
1198 2172 1305 2222 eod.
1320 2188 1450 2220 nom.
1469 2183 1520 2220 et
1530 2170 1661 2221 Gud.

642 2273 671 2304 2
702 2270 868 2303 omnes
912 2254 1055 2318 plane
1100 2255 1319 2317 ignor-au
1362 2249 1501 2315 quod
1532 2249 1661 2298 idem

641 2338 698 2383 Ρ.
728 2335 882 2382 Mars.
906 2332 1041 2381 facit.
1066 2331 1163 2381 Sed
1191 2331 1381 2397 vulgata
1409 2340 1482 2377 est
1513 2330 1663 2377 veris·

642 2415 784 2471 sima,
797 2424 848 2461 et
862 2428 959 2460 vox
972 2412 1055 2460 illa
1068 2411 1303 2460 excidisse
1317 2410 1433 2459 olim
1454 2410 1664 2472 videtur,

650 2493 865 2558 locoque
892 2493 1067 2543 deinde
1090 2509 1243 2558 pravo
1269 2495 1499 2558 reposita.
1528 2495 1593 2541 G.

716 2589 766 2632 7.
799 2572 968 2621 Omnis
993 2572 1095 2638 ejus
1130 2585 1200 2621 ese
1231 2573 1408 2621 oratio.
1450 2575 1662 2622 Goerenz

642 2651 773 2700 delet
810 2661 898 2699 esc.
955 2653 1092 2699 Hanc
1134 2667 1180 2698 v.
1228 2651 1386 2714 inquit
1408 2686 1423 2708 ‚
1468 2666 1585 2713 vaga
1611 2650 1661 2696 in

641 2731 836 2795 scriptis
876 2729 1015 2777 sedes
1050 2729 1262 2777 damnat.
1307 2729 1406 2778 Erl.
1437 2740 1487 2775 et
1526 2731 1659 2794 Spir-

640 2811 846 2858 -omnis
872 2810 1028 2858 oratio
1063 2808 1168 2869 ejus
1205 2818 1277 2856 est
1317 2828 1361 2855 u.
1397 2808 1507 2854 Bas.
1549 2821 1661 2854 cnm

640 2890 772 2941 crat.
801 2888 960 2938 oratio
986 2899 1075 2936 ese.
1107 2886 1242 2936 Gud.
1275 2871 1408 2933 sest
1436 2886 1657 2949 ignoret:

641 2970 722 3017 cni
749 2968 1027 3035 paruimus,
1047 2982 1200 3030 quum
1234 2982 1294 3013 eo
1331 2962 1557 3013 facillime
1583 2982 1663 3013 ca-

640 3063 747 3095 rere
770 3046 963 3113 possis3
992 3061 1082 3094 nec
1103 3043 1275 3103 locus,
1300 3059 1444 3107 quem
1468 3059 1529 3090 ex
1556 3043 1665 3091 vul·

641 3137 747 3191 gata
759 3137 889 3176 tenet
903 3162 917 3185 ,
932 3125 1123 3190 placere
1136 3123 1294 3188 possit
1310 3136 1324 3172 ε
1350 3122 1500 3170 immo
1510 3123 1666 3172 totins

641 3207 878 3255 enuntiati
922 3220 1182 3262 numerus,
1225 3204 1265 3251 ai
1311 3201 1619 3266 amplectaris
1645 3236 1660 3261 ,

640 3284 899 3333 claudicet.

715 3363 763 3413 8.
787 3363 856 3409 ld
871 3372 971 3422 ese,
999 3361 1147 3425 quasi
1171 3362 1388 3409 maxime
1403 3372 1540 3410 ratas
1567 3394 1581 3411 .
1603 3398 1616 3410 .
1639 3396 1652 3410 .

639 3441 903 3491 sententioe.
932 3444 988 3489 P.
1026 3442 1277 3500 Manutio,
1310 3441 1397 3506 qni
1431 3440 1574 3488 verba
1607 3442 1666 3491 id

641 3529 712 3568 ese
739 3550 755 3565 .
775 3551 789 3565 .
810 3550 823 3564 .
860 3529 998 3566 meas
1014 3553 1029 3575 ,
1076 3517 1300 3578 damnat,
1346 3529 1394 3566 et
1423 3520 1624 3568 Davisio
1644 3554 1660 3578 ,

639 3599 727 3663 qni
755 3609 913 3647 totum
935 3599 1098 3647 locum
1115 3633 1130 3657 ‚
1157 3597 1214 3646 id
1235 3609 1310 3645 ese
1345 3632 1358 3644 .
1379 3633 1392 3645 .
1416 3633 1429 3645 .
1462 3611 1659 3646 senten-

639 3675 721 3725 εἰσ
746 3711 762 3735 ,
817 3678 956 3726 uncis
1012 3675 1252 3724 inclusum
1281 3711 1296 3734 ‚
1377 3677 1429 3724 in
1483 3678 1662 3740 spuriis

632 3754 847 3817 judicat,
874 3757 990 3804 satis
1012 3755 1225 3803 occurrit
1247 3756 1487 3812 Bremius,
1506 3771 1658 3819 quum

636 3833 783 3883 verba
808 3867 825 3894 ,
871 3834 981 3898 quis
1018 3833 1148 3882 enim
1188 3864 1207 3881 .
1241 3868 1254 3882 .
1295 3868 1306 3881 .
1362 3835 1618 3882 sententiar
1644 3871 1657 3892 ,

635 3913 698 3961 ad
725 3912 1034 3979 parenthesin
1072 3923 1339 3962 revocaret.
1376 3914 1456 3961 Sic
1492 3914 1657 3961 omniu

633 3992 684 4040 in
711 4007 883 4058 gyrum
927 4008 1068 4041 suum
1096 4002 1293 4041 coeunt.
1318 3993 1444 4041 Nam
1469 3989 1650 4054 igiem,

632 4084 689 4121 ut
726 4073 870 4122 toties
901 4072 1055 4131 solet,
1091 4072 1402 4134 parenthesin
1435 4071 1649 4136 excipit3

628 4153 697 4200 cf.
721 4152 824 4201 iud.
865 4151 929 4200 ad
965 4151 1155 4201 Acadtl.
1199 4151 1297 4198 hoc
1335 4151 1484 4215 pleno
1531 4166 1649 4199 con-

1747 1631 1907 1679 textu,
1938 1642 1962 1664 ι
1991 1636 2141 1686 quum
2190 1621 2339 1686 igitur
2376 1622 2483 1670 haec
2524 1632 2639 1670 nota
2677 1622 2768 1671 tibi

1746 1701 1969 1766 profecto
2013 1701 2135 1759 sint,
2175 1691 2531 1762 snimad'verte,
2572 1712 2766 1749 rectene

1760 1813 1773 1826 .
1786 1816 1797 1828 .
1812 1780 2125 1846 .interpreter
2141 1802 2185 1827 ιι.
2203 1779 2361 1828 Nobis
2388 1796 2497 1828 cum
2524 1780 2670 1828 Rath.
2690 1796 2765 1828 res

1747 1872 1820 1908 est
1834 1895 1848 1919 ,
1876 1860 1962 1924 qui
1980 1860 2125 1923 longe
2141 1859 2250 1907 aliis
2268 1860 2523 1909 inductum
2549 1876 2600 1908 se
2620 1876 2765 1924 argu-

1748 1939 1921 1986 mentis
1950 1939 2093 1997 dicit,
2122 1939 2299 2003 quibus
2337 1939 2481 1987 verba
2512 1938 2627 2001 illa,
2656 1956 2766 2003 quae

1748 2019 1803 2064 Ρ.
1831 2019 2023 2065 Manat.
2054 2018 2278 2078 damnat,
2302 2019 2587 2083 interpolata
2605 2029 2766 2083 putet.

1750 2096 1875 2143 Nem
1899 2108 2076 2161 praeter
2101 2114 2275 2159 voces,
2295 2099 2352 2147 id
2365 2111 2436 2148 est
2452 2136 2467 2159 ,
2489 2100 2766 2165 spuriorum

1699 2226 1712 2237 d
1748 2176 1971 2224 locorum
1992 2177 2177 2226 indices
2194 2215 2209 2240 ,
2251 2182 2417 2227 miram
2442 2178 2596 2228 videri
2621 2195 2767 2227 voea-

1750 2254 1855 2303 bnli
1875 2256 2037 2324 κυρίας
2058 2259 2326 2307 versionem
2340 2294 2355 2318 ‚
2378 2259 2552 2306 omissa
2571 2274 2624 2305 ea
2649 2259 2769 2305 alte-

1750 2338 1851 2384 rins
1901 2331 2067 2395 δόξαις.
2109 2337 2215 2386 Nec
2261 2337 2490 2400 intelligi,
2531 2324 2618 2384 cur
2643 2336 2768 2385 illud

1749 2416 1967 2464 maxime
1979 2428 2117 2463 ratas
2138 2431 2326 2462 versum
2338 2415 2402 2462 sit
2416 2449 2431 2473 ,
2450 2415 2588 2477 quasi
2601 2431 2769 2481 κυριω-

1747 2491 1916 2549 τάτας.
1941 2493 2209 2556 Displicet-e
2259 2492 2402 2538 etiam
2447 2491 2594 2555 qnasi
2626 2491 2767 2539 addi-

1751 2582 1871 2619 tum.
1897 2570 2083 2633 Dispici
2107 2569 2317 2631 denique
2339 2584 2439 2616 non
2458 2567 2630 2630 licere,
2646 2570 2768 2632 quid

1750 2666 1848 2698 vox
1869 2648 2083 2710 subiecta
2112 2646 2230 2711 quia
2255 2646 2353 2694 sibi
2381 2646 2529 2701 velit,
2565 2647 2662 2695 illis
2687 2665 2763 2696 re-

1750 2728 1912 2777 tentis.
1937 2730 2006 2775 At
2036 2726 2097 2774 de
2124 2743 2205 2773 vv.
2243 2725 2301 2773 id
2335 2738 2407 2774 ese
2435 2727 2659 2775 Ciceroni
2704 2727 2766 2776 ad

1750 2806 2137 2871 interpretandos
2179 2807 2381 2854 Graecos
2420 2806 2766 2863 usitatissimis,

1748 2887 1926 2950 saepins
1943 2924 1957 2946 ‚
1976 2896 2024 2933 et
2045 2887 2159 2934 satis
2179 2897 2399 2934 accurate
2419 2887 2471 2934 iu
2494 2887 2609 2934 voll.
2633 2890 2767 2952 prio-

1751 2966 1882 3014 ribus
1903 2967 2053 3030 egisse
2079 2966 2225 3015 nobis
2250 2966 2491 3015 videmur.
2524 2966 2696 3030 Neque
2716 2968 2765 3017 h.

1752 3045 1785 3092 l.
1814 3057 1869 3093 ut
1896 3046 2040 3113 toties
2066 3044 2180 3093 alibi
2197 3079 2211 3104 ,
2261 3055 2359 3092 tam
2385 3045 2447 3092 ad
2473 3060 2557 3092 eos
2577 3056 2766 3103 auctor,

1751 3140 1876 3187 quos
1924 3123 2261 3188 colloquentes
2313 3125 2428 3172 facit
2455 3162 2470 3185 ‚
2533 3126 2726 3190 respicit
2747 3159 2763 3183 ,

1751 3220 1896 3268 quam
1915 3204 2090 3269 partim
2117 3203 2179 3251 ad
2208 3204 2363 3267 ipsius
2381 3219 2587 3262 morem,
2613 3219 2766 3268 graeca

1751 3283 1920 3341 verba,
1945 3282 2127 3346 quibus
2152 3282 2334 3340 utitur,
2357 3282 2504 3330 latine
2522 3282 2766 3341 vertendi,

1749 3364 1926 3427 partim
1942 3362 2005 3410 ad
2025 3362 2230 3410 lectores
2243 3395 2258 3419 ‚
2285 3377 2411 3424 quos
2436 3362 2499 3408 sit
2514 3361 2768 3411 habiturus

1749 3457 2010 3505 gra-’earum
2022 3441 2267 3490 literarum
2282 3450 2585 3503 expertes.—
2591 3439 2766 3509 Κύριος

1748 3532 1908 3568 antem
1935 3531 1983 3568 et
2021 3531 2155 3567 ratus
2189 3519 2312 3567 bene
2345 3517 2440 3567 sibi
2476 3521 2768 3584 respondere

1748 3615 1893 3647 nemo
1940 3598 2211 3659 dubitabit,
2249 3598 2343 3646 nisi
2384 3615 2529 3664 quem
2576 3600 2731 3664 fugiet
2751 3637 2767 3660 ‚

1749 3692 1901 3740 graeca
1941 3675 2080 3749 χέμος
2119 3676 2300 3745 κύριος,
2342 3689 2391 3725 et
2421 3679 2508 3727 lex
2547 3689 2686 3740 raca,
2712 3681 2763 3727 in

1748 3768 1953 3822 utraque
1978 3758 2140 3821 lingua
2163 3757 2271 3821 pari
2297 3772 2496 3820 prorsus
2528 3767 2766 3821 potestate

1747 3837 1864 3885 dici,
1890 3835 2041 3884 Simul
2069 3851 2186 3884 vero
2214 3836 2357 3883 etiam
2383 3836 2675 3899 assequeris,
2716 3848 2766 3884 et

1743 3913 1904 3984 κυρίας
1938 3950 1952 3974 ,
2002 3924 2051 3962 et
2094 3925 2230 3962 ratas
2273 3913 2638 3963 accommodate
2700 3915 2762 3963 ad

1741 3994 1907 4063 νόμους
1928 4029 1943 4053 ,
1971 4004 2019 4041 et
2044 3995 2198 4057 leges,
2228 3992 2383 4041 dictas
2404 4009 2506 4041 esse
2526 4028 2540 4050 ‚
2577 3995 2761 4059 quippe

1739 4091 1849 4139 quae
1876 4074 2126 4122 sententia
2157 4074 2407 4137 Epicureis
2433 4073 2592 4138 legum
2619 4085 2758 4120 rata-

1738 4170 1844 4201 rum
1865 4155 2016 4201 instar
2041 4162 2088 4200 et
2112 4162 2296 4211 essent,
2321 4163 2370 4202 et
2393 4170 2493 4202 esse
2513 4152 2759 4201 deberent.
