3217 4784
791 384 911 477 m:
959 411 1125 479 FIN.
1182 408 1384 481 RoN.
1440 413 1549 480 ET
1600 415 1811 518 Μιι
1859 415 2105 499 v,13.
2380 414 2531 512 593

392 499 802 599 laudabiles.
870 536 968 602 Ea
1019 533 1210 603 enim
1265 535 1408 604 vita
1463 536 1863 631 expetitur,
1939 562 2101 633 quae
2147 537 2241 607 sit
2302 542 2521 608 animi

390 642 859 737 corporisque
921 641 1204 737 expleta
1254 641 1699 713 virtutibus:
1746 647 1821 713 in
1880 669 2114 741 eoque
2158 669 2523 716 summum

389 747 665 819 bonum
706 750 886 847 poni
921 775 1208 821 necesse
1244 765 1385 836 est,
1431 751 2029 850 quandoquidem
2078 754 2147 824 id
2193 755 2331 826 tale
2373 781 2526 827 esse

388 858 647 944 debet,
691 873 772 929 ut
820 884 1065 929 rerum
1118 859 1690 958 expetendarum
1736 863 1829 931 sit
1877 878 2302 935 extremum.
2358 871 2526 956 Quo

386 972 718 1066 cognite,
774 967 1086 1039 dubitari
1134 993 1286 1038 non
1325 983 1604 1067 potest,
1651 972 1877 1068 quin,
1924 996 2153 1068 quum
2204 974 2342 1071 ipsi
2393 975 2529 1060 hoff

384 1082 614 1149 mines
666 1074 801 1146 sibi
851 1075 998 1147 'sint
1044 1102 1176 1176 per
1223 1102 1298 1149 se
1329 1133 1348 1167 ‚
1428 1093 1501 1149 et
1546 1101 1676 1150 sua
1728 1094 1989 1177 sponte
2048 1086 2233 1170 cari,
2291 1100 2530 1182 partes

384 1213 681 1286 quoque
724 1204 796 1260 et
829 1193 1193 1287 corporiS,
1227 1205 1299 1262 et
1328 1191 1591 1274 animi,
1640 1204 1713 1261 et
1756 1180 2005 1261 earum
2041 1209 2318 1282 rerum,
2367 1220 2527 1291 quae

385 1314 556 1369 sunt
599 1303 675 1369 in
717 1301 1097 1396 utriusque
1143 1315 1345 1371 motu
1388 1315 1461 1371 et
1503 1314 1730 1388 statu,
1775 1325 1903 1372 sua
1945 1304 2238 1373 caritate
2281 1305 2526 1377 colan-

384 1420 619 1496 tur12,
677 1424 749 1480 et
786 1434 918 1507 per
965 1434 1042 1481 se
1094 1413 1261 1508 ipsae
1307 1425 1763 1510 appetantur.
1814 1410 2099 1500 Quibus
2147 1418 2526 1511 expositis,
2565 1432 2630 1485 38

387 1516 609 1590 facilis
655 1535 764 1590 est
805 1521 1257 1615 conjectura,
1303 1546 1385 1591 ea
1425 1525 1734 1592 maxime
1783 1544 1936 1592 esse
1982 1522 2387 1620 expetenda
2437 1552 2531 1598 ex

384 1631 650 1699 nostris
674 1684 692 1714 ,
729 1656 892 1726 quae
931 1630 1327 1727 plurimum
1373 1629 1650 1701 habent
1686 1630 2049 1727 dignitatis
2071 1629 2131 1675 ¹³
2165 1658 2181 1701 z
2222 1646 2304 1702 ut
2336 1636 2526 1730 opti·

385 1763 517 1808 mae
557 1740 908 1835 cujusque
946 1741 1197 1837 partiS,
1238 1763 1401 1835 quae
1451 1764 1582 1836 per
1620 1765 1695 1811 se
1738 1754 2139 1837 expetatur,
2175 1745 2402 1814 virtus
2438 1745 2531 1815 sit

384 1846 787 1943 expetenda
817 1849 1146 1919 maxime.
1178 1852 1284 1918 Ita
1311 1846 1440 1920 fiet
1460 1848 1545 1937 ¹4,
1578 1865 1662 1920 ut
1688 1853 1906 1921 animi
1941 1852 2169 1922 virtus
2200 1858 2526 1950 corporis

382 1961 628 2028 virtuti
654 1974 1161 2064 anteponatur,
1191 1960 1555 2068 animique
1578 1960 1882 2031 virtutes
1910 1986 2059 2031 non
2083 1960 2528 2034 voluntarias

383 2070 674 2138 vincant
709 2070 1011 2139 virtutes
1036 2070 1491 2140 voluntariae:
1522 2095 1685 2167 quae
1719 2069 2017 2168 quidem
2053 2074 2344 2169 proprie
2385 2073 2526 2142 vii-'-

389 2192 583 2247 tutes
631 2178 1120 2275 appellantur,
1171 2179 1632 2276 multumque
1692 2180 2087 2264 excellunt,
2142 2197 2528 2279 propterea

384 2285 601 2462 guod·
610 2310 697 2355 ex
727 2290 1008 2356 ratione
1039 2287 1469 2412 gignunt11r3
1506 2313 1652 2385 qua
1680 2288 1864 2359 nihil
1895 2280 2079 2360 est¹⁵
2116 2294 2191 2360 in
2228 2290 2525 2364 homine

439 2419 711 2466 ivimus.
743 2398 1023 2465 Etenim
1054 2399 1378 2466 omnium
1399 2420 1683 2483 rerum,
1709 2423 1889 2495 quas
1918 2399 1986 2468 et
2018 2413 2211 2469 creat
2240 2415 2522 2490 natura,

385 2520 457 2574 et
495 2520 775 2594 tuetur,
828 2530 987 2602 quae
1028 2521 1150 2575 aut
1187 2507 1341 2576 sine
1377 2507 1625 2576 animo
1655 2509 1797 2577 sint
1823 2505 1909 2595 ¹⁶,
1950 2521 2073 2577 aut
2107 2532 2257 2621 non
2284 2509 2519 2580 multo

386 2716 456 2762 tui
476 2717 667 2764 fratrem
685 2727 823 2765 taum
843 2716 1001 2764 odisse
1021 2715 1248 2773 desinam,
1264 2730 1408 2779 quam
1501 2708 1866 2768 ΘΠΒῘῑΠ-ἰθῑὶνῦῐυ
1878 2708 2077 2756 modum
2094 2707 2275 2784 ubique
2284 2726 2366 2757 sun
2379 2721 2522 2774 spon-

384 2793 513 2840 illins
536 2783 653 2841 odio
687 2794 952 2858 quidquam
983 2793 1043 2841 de
1073 2805 1238 2841 nostra
1273 2792 1409 2840 beni-
1498 2797 1547 2834 te
1571 2785 1823 2861 obtrudit,
1846 2787 1921 2834 vel
1945 2799 2114 2834 eontra
2140 2785 2363 2835 omnium
2388 2789 2515 2838 libb.

385 2871 596 2918 solenti·
616 2871 898 2919 detraham»
903 2871 1116 2920 ,Crebro
1135 2871 1186 2918 id
1204 2871 1408 2918 maxime
1495 2855 1813 2925 consensum,
1836 2866 1875 2913 si
1900 2867 2200 2914 accusativus
2221 2882 2329 2914 cum
2348 2863 2516 2916 infini-

384 2950 610 3013 exemplo
650 2949 701 2995 in
741 2950 1002 3012 potiusque
1047 2951 1281 3000 cernitur.
1326 2950 1404 2998 Cf.
1496 2945 1600 2992 tivo
1621 2945 1931 3008 praecesserit.
1952 2944 2014 2991 G.

381 3029 482 3075 Off.
511 3030 552 3086 1,
576 3029 728 3089 26,9‚
747 3037 841 3073 etc.

461 3123 539 3154 ιιι.
575 3107 674 3152 Sua
697 3104 901 3152 caritate
923 3105 1164 3152 colantur.
1203 3103 1330 3167 Spir.
1357 3114 1404 3150 et

385 3174 527 3231 Ert-
503 3200 631 3231 -ειιιι
650 3195 698 3232 et
716 3199 813 3231 car.
836 3165 994 3230 »Non
1013 3182 1153 3229 male.
1177 3182 1255 3229 Sic
1275 3181 1403 3228 enim

383 3264 479 3311 loci
502 3263 573 3309 vis
598 3264 756 3319 foret,
781 3284 805 3304 α
825 3261 913 3310 has
939 3278 1041 3309 non
1064 3260 1222 3308 solum
1248 3276 1301 3307 ea
1325 3277 1401 3307 ca-

386 3346 553 3405 ritate,
592 3359 685 3405 qua
726 3344 780 3389 in
812 3342 942 3406 ipsas
981 3351 1149 3388 natura
1184 3340 1399 3396 ferimur,

385 3424 630 3479 colamus,
669 3437 822 3485 quum
867 3421 1075 3477 adsunt,
1122 3419 1208 3466 aed
1257 3419 1403 3466 etiam

384 3513 585 3566 propter
602 3517 653 3548 se
670 3501 799 3565 ipsas
822 3509 1106 3563 appetamus
1122 3534 1135 3554 ‚
1152 3514 1302 3561 quum
1323 3497 1403 3545 de·-

384 3581 655 3629 siden-antur
690 3599 734 3625 ο.
773 3579 871 3624 Sua
903 3589 1004 3625 tum
1045 3588 1244 3641 propter
1275 3577 1399 3635 vim,

385 3676 492 3722 quae
511 3657 790 3724 pronomini
815 3656 939 3703 inest
954 3656 1291 3719 ,praemiuum
1313 3670 1403 3719 pu-

384 3739 532 3793 tabis·
581 3735 938 3802 pertinebitque
977 3735 1057 3781 hic
1105 3735 1295 3798 ponitus
1339 3733 1402 3781 ad

383 3815 724 3880 particularum
765 3812 1219 3876 transpositionem,
1265 3813 1402 3873 eujus

384 3896 559 3958 saepius
573 3894 863 3941 mentionem
879 3887 1144 3950 injecimus).
1163 3891 1226 3938 G.

463 3989 479 4018 ι
494 3974 543 4020 3.
571 3972 690 4033 Qeeoe
709 3970 972 4033 plurimum
993 3967 1169 4015 habent
1190 3966 1403 4031 dc‘gnita·

386 4048 458 4096 tis.
479 4051 667 4096 Emest.
686 4048 901 4096 habeant
917 4047 1021 4094 vult
1043 4067 1052 4092 ι
1077 4043 1161 4093 sed
1181 4045 1296 4093 satis
1321 4063 1403 4092 su·

385 4145 566 4192 perque
592 4128 817 4191 cognitus
849 4137 919 4174 est
948 4126 1091 4187 hujus
1130 4142 1264 4186 mos,
1304 4141 1402 4189 quo

581 4217 666 4282 ῙῙ.
722 4230 815 4278 Cic.
831 4247 949 4297 pars
977 4230 1124 4278 tertia.

1570 3032 1649 3078 ιι..
1671 3026 1756 3070 Ita
1755 3021 1870 3089 fiet
1891 3011 2092 3069 Davisio
2104 3021 2169 3085 fic
2185 3013 2360 3098 placet,
2377 3015 2514 3086 quod

1492 3116 1550 3148 ex
1572 3117 1672 3148 uno
1691 3093 1888 3148 cuorum
1914 3099 2054 3145 eruit.
2084 3101 2357 3164 Utrumque
2380 3114 2514 3149 recte

1490 3179 1688 3226 stabit.
1730 3177 1814 3225 sed
1850 3179 2065 3225 futurum
2102 3178 2326 3227 selectim
2352 3192 2425 3230 est
2449 3169 2515 3229 ad

1463 3255 1560 3334 ‘ita
1573 3258 1626 3303 in
1644 3256 1990 3303 consecutione
2004 3252 2230 3321 positum.
2252 3258 2327 3308 cf.
2347 3260 2449 3307 Off.
2472 3263 2515 3321 1,

1497 3330 1579 3394 18,
1602 3348 1629 3380 a
1647 3346 1663 3381 ε
1680 3355 1702 3374 α
1720 3336 1794 3381 Ita
1812 3350 1914 3381 non
1927 3334 2071 3382 iidem
2096 3346 2241 3383 erunt
2257 3338 2513 3392 necessita-

1491 3423 1592 3460 tum
1630 3412 1805 3475 gradus
1844 3434 1900 3470 ι,
1940 3424 1987 3461 et
2023 3413 2144 3460 ibid.
2183 3416 2284 3473 111,
2321 3417 2509 3474 6,15:

1488 3491 1590 3537 «ita
1609 3505 1800 3564 semper
1818 3491 1984 3539 officio
2004 3492 2233 3555 ffingetur
2250 3514 2293 3540 υ.

1565 3569 1646 3617 ¹5.
1684 3572 1797 3633 Qua
1836 3568 1965 3617 nihi!
1990 3581 2077 3620 est.
2114 3569 2223 3618 Bas.
2271 3582 2319 3619 et
2360 3563 2507 3624 Mon.

1489 3647 1640 3711 quia:
1683 3659 1735 3696 at
1773 3665 1908 3713 qua,
1949 3660 2005 3697 ut
2032 3665 2161 3712 isa-pe
2186 3649 2315 3697 hac
2302 3668 2352 3699 ιιι
2389 3664 2512 3700 strn-

1489 3739 1623 3792 etnra
1646 3761 1661 3786 ‚
1689 3737 1760 3774 est
1787 3728 1866 3774 hic
1883 3761 1898 3787 ,
1925 3744 2041 3774 nam
2061 3744 2144 3775 ea.
2165 3730 2229 3776 G.

1566 3805 1650 3853 16.
1678 3808 1801 3870 Quoe
1827 3818 1919 3852 aue
1946 3803 2051 3853 sine
2081 3806 2248 3853 animo
2269 3807 2391 3868 sint,
2425 3821 2513 3857 aue

1490 3901 1586 3933 non
1606 3884 1755 3931 multo
1773 3901 1927 3933 secus.
1954 3882 2153 3947 Vulgati
2178 3884 2277 3934 sint
2292 3904 2314 3942 ;
2350 3889 2473 3935 male
2494 3906 2507 3937 ε

1489 3981 1601 4013 nam
1640 3974 1687 4012 et
1726 3976 1837 4013 ante
1881 3952 1952 4012 est
1979 3974 2143 4022 creat,
2198 3976 2368 4012 tuetur.
2409 3969 2510 4014 En-

1491 4060 1717 4092 nunus.
1766 4071 1835 4080 --
1883 4045 2002 4093 Non
2037 4042 2175 4090 licuit
2220 4043 2362 4091 nobis
2401 4062 2509 4092 cum

1492 4127 1604 4173 Ern.
1645 4133 1756 4171 sunt
1791 4122 1957 4172 invitis
1990 4132 2037 4169 et
2074 4119 2266 4186 scriptis
2296 4108 2512 4172 eteditie
