3217 4784
1152 378 1948 448 1NTRoch‘rio:
2527 402 2604 474 ¹7

484 518 657 584 rent,
681 501 968 590 paullum
999 497 1196 562 modo
1225 494 1437 561 verbis
1462 497 1821 563 differrent.
1848 497 2029 561 Idem
2052 498 2158 561 hic
2181 521 2416 567 novam
2444 501 2615 565 illam

482 609 826 675 formulam
859 622 1286 696 proposuerat
1307 655 1325 687 ,
1359 628 1484 694 qua
1519 606 1852 670 secundum
1885 622 2185 670 naturam
2214 609 2419 670 vivere
2445 631 2620 672 sum-

484 739 665 779 mum
689 715 941 779 bonum
971 712 1254 794 dicebat,
1284 713 1373 777 IV
1387 748 1413 794 ‚·
1433 712 1475 777 6
1497 762 1515 794 ,
1553 716 1662 795 143
1709 737 1822 794 ιο,
1856 711 1936 776 25
1969 729 2033 775 et
2069 735 2172 799 27,
2200 728 2318 776 etc.
2348 736 2618 803 eamque

483 822 687 907 ipsam
714 818 947 884 deinde
970 818 1291 882 recentior
1308 816 1653 882 Academia
1675 818 1848 905 (nam
1875 817 2296 881 Polemonem
2315 819 2620 884 ultimum

483 926 715 990 veteris
742 948 891 988 cum
920 924 1136 987 Tullio
1165 923 1669 1012 numeramus),
1698 945 1830 987 una
1857 945 2007 986 cum
2039 923 2174 1003 ejus
2202 925 2623 1013 explicatione

485 1029 828 1119 diligenter
851 1029 1139 1116 amplexa
1169 1043 1296 1108 est,
1328 1050 1463 1091 uno
1492 1028 1818 1093 Antiocho
1845 1028 2209 1092 Ascalonita
2227 1076 2245 1110 ,
2272 1028 2468 1117 idque
2497 1055 2625 1095 una

488 1151 736 1199 tantum
761 1137 826 1198 in
850 1158 921 1199 re
937 1182 955 1216 ,
979 1151 1263 1222 excepto,
1294 1134 1461 1196 Nam
1493 1157 1576 1197 ne
1600 1131 1957 1196 Carneades
1982 1132 2245 1220 quidem
2270 1135 2625 1224 quidquam

487 1242 654 1305 serio
698 1234 1009 1304 mutavit:
1049 1241 1156 1304 hic
1191 1241 1364 1303 enim
1419 1240 1604 1303 istam
1643 1262 1825 1303 suam
1863 1239 2209 1303 formulam
2258 1240 2626 1330 disputandi

486 1345 688 1410 modo
741 1369 929 1410 causa
981 1347 1232 1435 posuit3
1279 1344 1409 1410 vid.
1461 1346 1559 1427 11,
1613 1369 1638 1408 1
1657 1369 1681 1407 1
1717 1394 1734 1427 ‚
1777 1343 1878 1408 35.
1929 1343 2090 1408 Inde
2138 1346 2273 1408 haec
2309 1350 2628 1413 sententia

486 1454 744 1542 proprie
772 1453 1612 1539 Academico-Peripatetica
1640 1448 2018 1540 appellanda
2049 1468 2223 1515 erat:
2257 1451 2368 1517 sed
2402 1472 2629 1520 auctor

488 1581 627 1622 eam
648 1604 666 1638 ,
702 1575 777 1622 ut
808 1559 997 1622 etiam
1033 1559 1204 1622 illam
1245 1581 1323 1621 ex
1352 1556 1658 1620 Antiochi
1699 1571 1915 1619 mente
1956 1557 2341 1643 expositam,
2379 1560 2625 1649 simpli-

487 1665 644 1728 citer
669 1663 1156 1751 peripateticam
1180 1663 1485 1750 appellat,
1507 1662 1755 1724 ratione
1777 1661 2061 1724 nominis
2081 1663 2298 1725 statim
2319 1664 2384 1727 in
2407 1666 2628 1731 oculos

486 1770 879 1832 incurrente.
923 1769 1069 1856 Ipsa
1104 1785 1321 1831 autem
1352 1766 1490 1830 haec
1536 1766 1903 1833 Polemonis
1945 1782 2173 1829 auctor
2215 1790 2347 1831 non
2385 1784 2516 1832 tam
2555 1794 2629 1835 ex

486 1875 681 1955 hujus
713 1875 964 1963 scriptis
1006 1874 1301 1961 petiisse,
1335 1896 1529 1961 quam
1569 1896 1656 1936 ex·
1680 1872 2005 1952 Philonis,
2047 1873 2157 1959 qui
2190 1872 2365 1937 solus
2402 1875 2522 1963 ipsi
2560 1877 2625 1941 in

489 1979 885 2044 Academicis
914 1979 1217 2070 magister
1247 1978 1490 2060 fuerat,
1516 1976 1617 2042 vel
1650 1976 2058 2041 institutione
2076 2026 2095 2057 ,
2125 1978 2226 2041 vel
2256 1979 2436 2043 libris
2466 1980 2629 2044 hau-

491 2085 646 2148 sisse
662 2085 937 2150 videtur.
968 2086 1206 2149 Contra
1235 2086 1405 2148 solos
1428 2100 1647 2148 autem
1670 2083 1921 2146 Stoicos
1948 2082 2127 2146 hunc
2152 2101 2629 2150 antecessorum

491 2212 675 2253 more
708 2191 1130 2277 philosophiae
1162 2213 1293 2254 suae
1334 2191 1457 2254 tela
1491 2191 1737 2253 acuisse
1775 2206 1839 2253 et
1871 2189 2175 2253 direxisse
2212 2207 2461 2255 certum
2498 2211 2628 2277 est3

488 2293 619 2358 vid.
654 2295 825 2359 Sext.
864 2296 1050 2382 Emp.
1106 2294 1332 2382 Pyrrh.
1382 2295 1624 2380 Hypot.
1666 2296 1728 2376 Ι,
1773 2293 1933 2376 235,
1988 2295 2089 2358 cll.
2135 2296 2373 2361 Euseb.
2417 2298 2622 2388 Praep.

490 2402 664 2484 XIV,
693 2424 830 2489 cap.
862 2423 925 2487 9.
963 2400 1048 2463 Et
1078 2401 1247 2463 forte
1275 2400 1609 2463 exstabant
1640 2400 1830 2463 etiam
1860 2399 2155 2487 quaedam
2190 2401 2327 2481 ejus
2364 2404 2432 2466 in
2466 2405 2625 2469 isto·

488 2530 635 2571 rum
668 2507 874 2570 ethica
908 2505 1312 2593 conscripta:
1353 2505 1643 2568 Philonis
1681 2521 1853 2567 certe
1887 2505 2085 2568 libros
2117 2506 2497 2572 Ciceronem
2542 2509 2625 2574 ad
2665 2521 2673 2531 ‘

488 2634 641 2676 suos
665 2634 819 2675 usus
844 2609 1185 2698 diligenter
1206 2609 1577 2674 adhibuisse
1593 2609 1723 2691 ,ad
1753 2609 1991 2674 Acadd.
2020 2613 2083 2674 ΙΙ
2106 2610 2401 2678 vidimus.
2434 2616 2623 2680 Philo

488 2735 705 2781 autem
733 2718 786 2780 is
818 2716 1092 2779 maxime
1124 2715 1323 2779 fuisse
1357 2714 1642 2797 videtur,
1673 2714 1786 2803 qui
1815 2714 2096 2779 Stoicam
2125 2732 2200 2780 ut
2233 2718 2295 2781 in
2326 2719 2623 2807 reliquis,

487 2825 573 2886 ita
598 2823 666 2885 in
700 2821 924 2885 ethicis
957 2821 1340 2885 sententiam
1380 2821 1633 2884 elevans
1655 2870 1673 2902 ,
1709 2837 1835 2885 tam
1869 2843 2097 2909 parum
2132 2822 2213 2885 ab
2248 2822 2624 2889 Academica

488 2926 1033 3014 Peripateticaque
1066 2924 1425 3013 discrepare
1458 2924 1733 3006 diceret,
1766 2942 1841 2988 ut
1872 2926 2036 2989 ratio
2069 2927 2419 3012 probabilis
2448 2930 2624 2994 nulla

491 3048 695 3111 esset,
732 3054 850 3094 cur
881 3033 1058 3093 Zeno
1086 3053 1252 3093 nova
1276 3030 1470 3093 rebus
1499 3031 1765 3093 nomina
1799 3028 2199 3117 imponendo
2236 3032 2623 3120 singularem

489 3137 893 3224 disciplinam
943 3132 1321 3198 condiderit.
1373 3135 1517 3197 Hoc
1555 3135 1786 3221 saepius
1830 3133 2005 3221 apud
2051 3133 2338 3199 Tullium
2377 3138 2622 3226 agitur,

491 3243 767 3309 maxime
802 3263 955 3304 vero
1003 3240 1128 3320 IV,
1164 3238 1233 3320 5,
1280 3261 1391 3319 113
1432 3262 1470 3324 7
1493 3286 1510 3319 ‚
1546 3238 1667 3317 23,
1707 3261 1857 3301 cum
1896 3261 2105 3325 eoque
2141 3256 2276 3305 tota
2311 3242 2460 3307 libri
2491 3246 2622 3312 dis-

487 3348 736 3437 putatio
763 3361 934 3410 arcte
959 3345 1274 3432 jungitur.
1312 3343 1438 3407 sed
1463 3366 1546 3407 ne
1578 3343 1645 3404 in
1675 3342 1805 3424 hiS‚
1834 3367 1978 3431 quae
2005 3367 2041 3407 a
2068 3347 2436 3428 conjectura
2465 3375 2624 3439 pen·
2727 3414 2730 3419 .

490 3455 684 3535 dent,
714 3474 1046 3517 moremur
1067 3499 1084 3532 ‚
1117 3448 1199 3514 ad
1230 3451 1469 3513 librum
1499 3453 1785 3537 quintum
1814 3471 2176 3539 pergamus,
2206 3454 2281 3516 In
2312 3479 2444 3543 quo
2474 3458 2627 3523 huc-

490 3582 699 3647 usque
733 3581 964 3647 parum
1000 3556 1398 3620 intellectum
1430 3577 1568 3619 esse
1603 3554 1892 3637 videtur,
1934 3571 2132 3619 totam
2169 3558 2338 3622 hanc
2370 3560 2622 3652 Peripa.

488 3666 744 3730 teticam
804 3663 885 3728 de
941 3663 1208 3727 Finibus
1267 3662 1653 3727 sententiam
1720 3684 1796 3725 ex
1858 3662 2165 3729 Antiochi
2223 3667 2623 3753 expositione

489 3768 766 3834 fluxisse.
802 3769 971 3832 Hinc
994 3767 1287 3856 quaedam
1313 3766 1612 3831 dictionis
1638 3767 2058 3855 proprietates
2086 3767 2168 3831 ad
2199 3768 2382 3834 hunc
2408 3772 2623 3859 ipsum

490 3874 876 3951 referendae,
912 3897 1069 3961 quas
1110 3873 1389 3937 subinde
1428 3874 1496 3935 in
1534 3871 1952 3939 adnotatione
1989 3873 2430 3958 distinximus3
2473 3878 2627 3943 hinc

493 3981 575 4045 ad
612 3980 916 4044 eumdem
952 4002 1217 4068 quoque
1258 3980 1635 4068 praeclarum
1673 3977 1831 4042 illud
1865 3979 2178 4066 pertinet,
2221 3981 2398 4067 quod
2420 4029 2437 4062 ‚
2475 3985 2629 4046 Car-

497 4086 712 4151 neadis
740 4085 1035 4174 exemplo
1056 4133 1075 4167 ,
1108 4086 1222 4149 sed
1254 4085 1651 4149 enucleatius
1679 4085 1990 4172 quaeritur
2009 4131 2027 4166 ,
2056 4100 2210 4172 quot
2234 4109 2363 4149 esse
2384 4085 2635 4175 defini-

694 4199 777 4265 ΙΙ,
837 4212 925 4256 Cic.
952 4228 1062 4273 pars
1093 4212 1238 4255 ter-eia.
2351 4219 2388 4261 2
