3217 4784
655 466 750 545 40
1322 467 1421 559 M.
1468 466 1547 532 T.
1601 466 2089 536 clcssflole

806 587 1075 642 Graecum
1104 593 1189 653 tc,
1217 579 1458 655 Albuci,
1486 602 1658 659 quam
1683 587 2010 642 Romanum
2029 627 2045 653 ,
2072 596 2248 662 atque
2276 584 2550 644 Sabinum
2569 628 2584 657 ,

809 673 1166 750 Municipem
1194 675 1392 745 Ponti,
1420 676 1765 747 Tritanni¹⁵,
1797 678 2196 735 centurionum
2213 718 2231 749 ,

806 766 1222 823 Praeclarorum
1244 764 1573 839 hominum,
1601 787 1669 825 ac
1696 768 2016 847 primorum
2037 812 2053 840 ,
2082 770 2535 848 signiferumque
2552 813 2570 840 ,

803 857 1058 915 Maluisti
1082 858 1213 916 dici.
1243 863 1443 917 Graece
1469 880 1609 937 ergo
1637 873 1853 937 praetor
1871 862 1919 899 ¹⁶
1941 861 2186 920 Athenis
2206 905 2222 933 ‚

803 948 873 1006 Id
905 949 1064 1026 quod
1092 951 1339 1008 maluisti
1360 964 1429 1021 ¹7,
1458 965 1547 1022 te,
1578 971 1757 1029 quum
1791 952 1864 1010 ad
1897 972 1988 1010 me
2012 952 2242 1023 accedi’,
2266 953 2489 1010 saluto:

796 1052 952 1122 Χαῖρι
969 1084 987 1115 ,
1010 1042 1245 1119 inquam
1264 1085 1279 1112 ,
1304 1043 1464 1103 Tite!
1489 1045 1832 1115 Lictores¹⁸,
1858 1058 2047 1102 turma
2069 1044 2271 1117 omni’,
2292 1044 2644 1122 cohorsque.

644 1193 708 1239 Et
731 1193 781 1238 in
808 1191 905 1240 hoc
931 1208 1045 1240 sane
1069 1193 1470 1257 acquiescendum
1497 1194 1626 1243 foret
1643 1230 1660 1257 ‚

645 1272 695 1318 si-
712 1271 881 1334 scripti
905 1271 997 1319 sibi
1024 1282 1321 1320 constarent.
1347 1278 1413 1321 At
1438 1274 1659 1321 Ursinia-

645 1365 740 1398 nus
783 1349 944 1398 codex
971 1365 1066 1414 pro
1104 1350 1315 1399 «locum
1343 1385 1356 1398 .
1381 1386 1427 1399 ..
1458 1352 1663 1415 idem»,

643 1450 671 1470 σι
687 1429 877 1490 jocum.
900 1463 912 1475 .
934 1464 948 1477 .
971 1428 1096 1477 ridet
1122 1452 1164 1476 ιι.
1198 1430 1372 1494 Neque
1413 1446 1505 1481 nos
1547 1447 1661 1479 cum

639 1509 831 1558 Bremio
876 1508 930 1557 in
981 1508 1078 1556 fide
1113 1509 1279 1557 ‘Ursini
1328 1510 1660 1559 labefactaude

640 1588 868 1648 facimus,
910 1603 1060 1652 quum
1107 1589 1164 1636 Ρ.
1210 1589 1430 1637 Marsum
1446 1622 1461 1648 ,
1503 1588 1658 1637 fidum

640 1664 786 1714 codd.
805 1681 1002 1714 snorum
1028 1676 1333 1725 sectatorem,
1353 1667 1576 1716 «locum.
1598 1702 1611 1714 .
1634 1702 1647 1714 .

638 1744 781 1791 risit»
803 1778 818 1803 ,
857 1745 1167 1792 exhibentem
1194 1744 1460 1792 videamus.
1499 1746 1657 1793 Debet

636 1822 787 1886 igitur
810 1825 907 1872 hoc
935 1824 1135 1871 verbum
1182 1840 1246 1870 ex
1288 1822 1540 1871 codicibus
1562 1824 1657 1872 flu-

636 1903 893 1955 xisseJioc
906 1913 1084 1958 autem,
1104 1901 1329 1949 selectius
1348 1917 1438 1964 pro
1457 1900 1658 1949 irridere

634 1982 850 2045 positum
868 2014 883 2036 ,
915 1979 1097 2028 scribas
1123 1996 1225 2027 non
1253 1981 1412 2042 sapit,
1447 1980 1531 2041 qui
1568 1995 1659 2042 po-

635 2060 732 2108 tius
750 2060 983 2124 simplex,
1004 2058 1092 2106 ubi
1115 2059 1184 2106 sic
1211 2056 1415 2120 legitur,
1450 2057 1500 2104 in
1523 2073 1659 2105 com-

634 2139 853 2203 positum
882 2146 1086 2185 mutant.
1117 2136 1177 2183 Id
1216 2136 1365 2200 magis
1392 2135 1657 2184 scribarum

634 2227 742 2275 est,
767 2226 823 2263 nt
851 2215 958 2263 hnc
1001 2216 1254 2278 praesentia
1292 2216 1498 2263 actionis
1534 2232 1656 2280 prae-

634 2295 789 2342 terite
834 2294 887 2340 in
944 2295 1158 2358 perfecta
1195 2306 1506 2358 corrumpent
1543 2297 1655 2344 :sic

633 2383 716 2429 nt,
746 2372 785 2418 si
810 2373 1015 2436 quaestio
1041 2374 1106 2420 sit
1123 2409 1139 2434 ,
1174 2383 1337 2420 utrum
1360 2389 1526 2421 verum
1553 2375 1617 2423 sit
1639 2409 1654 2436 ,

632 2449 772 2500 videt
787 2486 802 2508 ,
831 2464 894 2497 au
916 2451 1020 2498 risit
1036 2483 1053 2511 ,
1080 2451 1202 2499 illud
1219 2451 1351 2499 hand
1379 2451 1526 2502 dubie
1570 2454 1657 2502 eli-

633 2528 845 2594 gendum
879 2530 1044 2579 fuerit.
1081 2531 1217 2593 Quid
1255 2532 1402 2595 igitur
1439 2543 1655 2583 statuen-

632 2607 748 2656 dum
766 2604 912 2656 ?l·loc
930 2608 1154 2672 equidem
1172 2621 1296 2672 puto
1318 2625 1333 2659 z
1358 2610 1655 2674 adscriptum

633 2687 750 2735 olim
798 2687 860 2735 sd
914 2688 1068 2751 Quem
1113 2703 1141 2733 a
1189 2697 1409 2750 torpente
1455 2687 1656 2736 librario

631 2766 789 2815 locum
817 2782 948 2825 esse,
972 2765 1121 2829 idque
1138 2782 1198 2813 ex
1224 2765 1380 2830 glossa
1410 2765 1584 2814 deinde
1603 2768 1655 2814 in

632 2852 761 2893 texta
788 2845 972 2892 illatum
989 2878 1004 2903 ,
1029 2859 1181 2908 quum
1206 2844 1356 2891 verbo
1383 2843 1510 2891 ridet
1534 2860 1654 2891 con-

629 2925 784 2972 ciliari
822 2940 925 2972 non
973 2934 1161 2988 posset,
1199 2924 1250 2970 in
1291 2939 1432 2970 cansa
1474 2922 1652 2984 fuisse,

629 3014 685 3052 ut
710 3003 835 3063 hoc,
871 3019 933 3051 ex
957 3001 1252 3066 compendio
1282 3002 1519 3065 scripturn
1539 3035 1554 3060 ,
1598 3002 1652 3050 in

627 3080 753 3129 idem
775 3093 1055 3130 mutaretur.
1086 3084 1161 3130 Its
1185 3096 1275 3129 nec
1296 3081 1468 3128 mirum
1487 3080 1651 3144 fuerit,

628 3160 672 3208 si
704 3161 873 3208 Ursini
898 3161 1081 3209 codicis
1107 3161 1293 3222 scribe,
1317 3177 1468 3225 quum
1478 3158 1649 3226 jocum

630 3236 894 3287 scribendo
937 3255 986 3286 se
1021 3239 1322 3303 expedisset,
1352 3239 1405 3286 id
1446 3240 1646 3289 verbum

628 3317 869 3379 integrum
908 3316 1145 3365 servabat.
1195 3319 1253 3366 Id
1299 3331 1426 3367 certe
1479 3336 1649 3369 omnes

627 3395 813 3449 dabunt
828 3430 843 3454 ‚
866 3396 1023 3443 Iocum
1049 3396 1091 3442 si
1115 3395 1289 3444 deletis
1303 3431 1317 3455 ,
1354 3410 1401 3446 et
1424 3398 1549 3447 ridet
1572 3416 1649 3446 re·

624 3476 849 3539 posueris
869 3508 884 3532 ,
919 3474 1116 3521 meliora
1157 3473 1234 3522 his
1271 3491 1332 3522 ne
1359 3479 1517 3541 opteri
1538 3478 1649 3540 qui-

626 3552 736 3600 dem
754 3567 913 3617 posse.
931 3550 1010 3600 cf.
1029 3550 1144 3600 Nat.
1165 3553 1311 3600 Deor.
1329 3555 1378 3600 11
1393 3587 1407 3611 ‚
1427 3570 1519 3616 29,
1544 3564 1645 3611 74:

624 3653 651 3674 α
673 3634 745 3680 Ita
788 3630 935 3679 selem
977 3628 1122 3676 istum
1156 3666 1168 3677 .
1190 3665 1236 3679 ..
1294 3631 1346 3678 in
1386 3631 1647 3679 irridendis

623 3708 768 3759 nobis
803 3709 1011 3757 nolitote
1042 3724 1326 3758 consumere
1344 3732 1391 3759 n.
1432 3711 1645 3773 Praepos.

622 3805 729 3837 cum
769 3788 979 3851 denique
1014 3788 1102 3835 vix
1139 3800 1265 3836 recte
1306 3788 1527 3838 Matthiae
1555 3790 1647 3838 du-

621 3868 750 3916 biam
792 3864 1079 3915 reddiderit.
1116 3867 1261 3915 Tuse.
1289 3870 1361 3915 lv
1378 3902 1393 3928 ,
1429 3869 1462 3915 6
1481 3902 1497 3927 ,
1545 3868 1604 3915 13
1625 3903 1641 3927 ,

622 3948 708 3995 «si
731 3961 842 3995 cum
870 3945 1061 3993 ratione
1079 3944 1237 4005 fiet-3
1285 3948 1423 3997 Orat.
1446 3951 1505 4005 1,
1542 3949 1603 3996 31
1632 3976 1647 4001 2

626 4033 721 4082 142
741 4061 758 4089 ,
786 4047 812 4069 α
832 4040 972 4089 agere
999 4041 1111 4073 cnm
1139 4023 1372 4088 dignitate
1406 4037 1453 4075 et
1492 4044 1645 4075 venu-

617 4116 788 4154 state·
813 4120 833 4154 .-
865 4115 1013 4169 atqne
1039 4103 1106 4152 its
1142 4106 1417 4169 saepissime.
1460 4104 1555 4154 Sed
1591 4108 1644 4153 in

614 4185 810 4250 vulg-tn
823 4200 926 4235 non
940 4185 1112 4232 mirum
1128 4195 1218 4241 est,
1232 4184 1274 4232 si
1283 4183 1562 4232 offenderis.
1578 4185 1641 4233 G.

1827 1196 1906 1243 15.
1927 1193 2097 1255 Ponti,
2135 1194 2373 1243 Tritanni.
2401 1196 2473 1241 De
2503 1196 2561 1242 T.
2591 1195 2768 1243 Pontio

1750 1274 2063 1330 centurione,
2107 1274 2215 1322 vide
2252 1273 2355 1322 Cic.
2380 1273 2443 1321 de
2476 1276 2731 1321 Senectute
2750 1305 2767 1329 ,

1748 1366 1858 1415 cap.
1888 1367 1968 1399 to.
1989 1352 2063 1399 De
2086 1352 2350 1414 Tritanno,
2366 1353 2467 1400 sive
2483 1353 2735 1401 Tritnnnio
2749 1384 2767 1408 ‚

1747 1429 1873 1477 Ptin.
1898 1431 2020 1488 vn,
2055 1445 2135 1493 19.

1825 1509 1901 1555 16.
1943 1509 2112 1555 Groece
2152 1523 2265 1573 ergo
2306 1518 2511 1570 praeeor.
2558 1510 2766 1556 Goerenz

1748 1585 1829 1634 dat
1864 1602 2047 1650 -graece
2078 1602 2192 1650 ergo
2225 1601 2317 1650 ego
2339 1608 2379 1634 u.
2407 1587 2530 1634 Ausi
2566 1602 2729 1634 sumus
2748 1620 2764 1643 ,

1745 1665 1932 1728 inquit,
1968 1665 2155 1730 aliquid
2186 1681 2203 1726 ς
2261 1664 2537 1712 addidimus
2595 1678 2764 1713 nostra

1743 1757 1918 1808 sponte
1937 1763 2051 1812 ego,
2089 1745 2224 1810 quod
2249 1745 2412 1795 abesse
2438 1748 2622 1811 nequit.
2650 1743 2765 1810 Ipse

1744 1824 1916 1872 Cicero
1937 1842 2053 1890 ergo
2072 1841 2166 1890 ego
2182 1826 2364 1889 jungit.
2394 1824 2564 1873 Parad.
2587 1828 2634 1872 V
2651 1860 2664 1882 ‚
2684 1826 2712 1872 8
2744 1838 2759 1871 ε

1744 1922 1770 1942 σι
1815 1903 1944 1966 Ergo
1978 1920 2070 1967 ego
2109 1920 2298 1968 semper
2343 1903 2461 1951 civis
2495 1927 2534 1949 a.
2585 1905 2764 1951 Provv.

1745 1980 1850 2028 Css.
1875 1981 1903 2027 8
1921 2014 1937 2037 ‚
1970 1997 2056 2043 19:
2081 2003 2102 2023 ι
2129 1983 2260 2045 Ergo
2280 1997 2371 2045 ego
2384 1992 2576 2030 senator
2596 2017 2609 2040 ‚
2625 1995 2718 2031 etc.
2735 2004 2761 2024 ιο

1743 2059 1813 2105 At
1833 2057 1999 2106 durius
2022 2059 2116 2107 hoc
2134 2062 2186 2107 in
2220 2073 2362 2125 poeta
2383 2062 2395 2108 !
2418 2061 2569 2123 Quod
2591 2063 2633 2109 si
2657 2072 2762 2121 est,

1744 2151 1846 2183 non
1860 2137 1963 2183 sine
1981 2154 2123 2186 causa
2146 2139 2357 2187 Lucilius
2375 2138 2436 2186 ab
2455 2143 2662 2191 Horatio
2681 2157 2765 2189 au·

1744 2215 1845 2275 dit,
1873 2238 1898 2258 n
1919 2216 2070 2265 durus
2088 2234 2381 2283 componere
2400 2223 2595 2268 versus!
2618 2242 2644 2262 κ

1820 2313 1839 2344 ι
1853 2313 1898 2358 ⁴7.
1923 2298 1990 2343 Id
2005 2297 2142 2360 qnod
2151 2299 2379 2346 maluisti.
2399 2299 2546 2347 Multi
2565 2300 2760 2363 scripti,

1743 2386 1934 2438 tresque
1960 2377 2113 2423 nostri
2128 2411 2142 2435 ‚
2165 2377 2377 2439 quodid.
2402 2377 2480 2423 Ex
2505 2377 2759 2424 vernacula

1740 2465 1857 2517 puta
1889 2454 2013 2500 hanc
2053 2452 2318 2499 scribarum
2349 2454 2651 2516 sapientiam.
2689 2482 2760 2491 —

1741 2530 1912 2579 Paullo
1930 2541 2043 2596 post
2058 2531 2201 2594 plene
2218 2531 2410 2595 scripsit
2434 2532 2549 2578 Em.
2571 2532 2760 2580 accedis

1741 2620 1791 2657 et
1812 2609 2001 2664 omnis,-
2027 2608 2131 2655 haec
2174 2609 2304 2655 enim
2338 2625 2591 2672 suppressa
2619 2610 2758 2659 litera

1741 2685 1938 2751 quidem
1975 2687 2334 2751 pronuntianda
2361 2704 2487 2747 esse,
2526 2705 2626 2736 non
2646 2691 2762 2737 scri-

1741 2765 1916 2813 benda.
1935 2765 1986 2813 si
2020 2764 2081 2811 ad
2110 2764 2348 2812 vocalium
2373 2766 2609 2815 hiantium
2630 2768 2760 2815 simi-

1739 2842 1993 2891 litudinem
2007 2860 2109 2890 reru
2124 2843 2294 2902 refers,
2313 2860 2423 2893 vere
2441 2858 2760 2912 praeceptum:

1740 2923 1826 2970 sed
1870 2938 2020 2987 quum
2069 2922 2177 2969 illas
2242 2938 2304 2969 ex
2353 2923 2533 2987 linguae
2590 2936 2756 2973 natura

1737 3003 1925 3051 hiantes
1962 3001 2137 3050 videris
2157 3037 2171 3061 ‚
2214 3002 2402 3050 litet-em
2421 3020 2445 3050 s
2469 3021 2531 3051 ex
2564 3004 2756 3052 licentis

1737 3083 1925 3148 poetice
1947 3082 2258 3146 absorptam3
2286 3099 2423 3130 secus
2449 3083 2756 3132 statuendum

1737 3160 1996 3209 videbitur.
2020 3159 2218 3222 Abiecit
2233 3171 2363 3209 certe
2381 3173 2553 3211 auctor
2571 3180 2595 3210 s
2613 3164 2753 3212 Orat.

1737 3241 1804 3297 45
1825 3277 1840 3301 ‚
1889 3241 2000 3288 153.
2023 3242 2087 3288 G.

1813 3322 1891 3368 18.
1914 3318 2138 3365 Lictores.
2169 3319 2292 3379 Quae
2316 3319 2537 3382 proxime
2560 3330 2753 3368 antece-

1736 3399 1858 3447 dunt
1886 3397 2027 3445 verba
2050 3412 2112 3443 ex
2138 3411 2339 3458 persona
2358 3397 2585 3446 Scaevolae
2605 3409 2720 3446 sunt
2739 3414 2753 3448 :

1734 3479 1839 3527 haec
1858 3489 2017 3527 antem
2032 3510 2046 3533 ,
2071 3474 2310 3538 Liceat-es,
2334 3487 2431 3524 etc.
2453 3477 2514 3525 ab
2532 3478 2640 3541 ipso
2664 3482 2754 3527 Lu·

1735 3555 1851 3603 cilio
1864 3552 2264 3620 pronuntiantnr3
2288 3569 2439 3616 quum
2461 3554 2589 3604 dicat
2603 3591 2618 3614 ,
2638 3569 2755 3620 post

1736 3634 1965 3684 Scaevolae
1993 3633 2138 3680 verba
2165 3632 2360 3682 lictores
2382 3635 2597 3700 ejusdem
2613 3671 2629 3695 ,
2668 3652 2754 3684 co-

1734 3715 2018 3774 hortemque
2069 3712 2344 3774 praetoriam
2372 3749 2389 3771 ,
2442 3731 2543 3778 quo
2603 3716 2753 3778 magis

1734 3809 1888 3859 εγω
1932 3789 2219 3838 salutatione
2247 3791 2490 3840 Albucius
2531 3793 2751 3842 eludere-

1733 3884 1815 3921 tur
1828 3909 1843 3933 ,
1857 3873 2146 3921 exclamasse
2164 3867 2305 3921 simul
2320 3888 2487 3921 omnes
2501 3909 2515 3933 ,
2535 3872 2755 3937 praetoris

1733 3944 1958 4009 exemplo
1972 3979 1989 4003 ‚
2014 3948 2189 4015 Xaips.
2217 3946 2328 3993 Erat
2344 3955 2506 3992 autem
2523 3943 2620 3992 boc
2638 3954 2754 3992 tem-

1731 4041 1851 4089 pore
1881 4025 2161 4073 adolescens
2197 4026 2451 4074 Albucius.
2480 4026 2556 4072 De
2576 4041 2675 4088 qno
2701 4025 2751 4072 in

1731 4105 1902 4163 Bruto,
1918 4120 2026 4169 cap.
2051 4105 2119 4152 35
2133 4139 2148 4163 ‚
2173 4114 2222 4152 et
2242 4106 2297 4152 in
2313 4105 2535 4152 oratione
2555 4103 2615 4152 de
2634 4106 2754 4152 Pro-

1731 4184 1903 4231 vinciis
1940 4198 2075 4231 cons.
2102 4200 2215 4249 cap.
2244 4201 2291 4245 7.
2326 4183 2540 4232 smol·
2566 4184 2647 4233 hic
2669 4193 2745 4232 est
