3217 4784
766 370 888 438 DE
940 371 1111 439 FIN.
1168 371 1374 438 Bon.
1434 371 1543 439 ET
1591 374 1806 439 MAL.
1858 372 2127 458 1V‚·›.8.

2381 372 2519 470 529

381 476 753 562 habereffi.
828 496 933 560 Ita
999 514 1090 560 ne
1138 488 1279 559 hoc
1334 489 1556 560 modo
1616 495 1810 587 paria
1873 492 2167 587 quidem
2229 511 2513 590 peccata
2552 536 2618 588 77

381 617 549 671 sunt
591 598 670 672 ¹⁶.

475 716 797 783 XXVIII.
857 715 1135 807 Urgent
1178 724 1464 793 tamen,
1516 722 1588 778 et
1630 709 1810 778 nihil
1850 713 2255 785 remittunt.
2312 721 2511 809 Quo-

380 823 609 909 niam,
667 823 1048 918 inqniunt‚
1103 828 1324 889 omne
1382 832 1809 915 peccatum,
1876 819 2380 899 imbecillitatis
2443 846 2515 899 ct

378 933 873 1004 inconstantiae
919 945 1066 1016 est3
1110 929 1262 1000 haec
1301 942 1542 1000 autem
1581 929 1753 998 vitia
1789 930 1860 998 in
1901 931 2241 1006 omnihus
2281 939 2515 1009 stultis

379 1068 582 1139 acque
639 1064 897 1136 magna
939 1053 1154 1110 sunt:
1211 1063 1500 1110 necesse
1555 1052 1664 1109 est
1724 1040 1943 1135 paria.
1969 1051 2164 1112 esse¹
2203 1064 2511 1142 peccata.

380 1156 602 1241 Quasi
647 1176 822 1221 vero
870 1164 992 1220 aut
1030 1147 1497 1235 concedatur,
1535 1151 1611 1218 in
1651 1147 1998 1219 omnibns
2035 1153 2271 1225 stultis
2311 1182 2516 1256 oeque

384 1285 635 1356 magna
683 1284 834 1332 csse
877 1260 1045 1328 vitia
1076 1312 1096 1345 ‚
1164 1272 1238 1329 et
1290 1257 1538 1329 cadem
1596 1257 2082 1331 imbecillitate
2139 1277 2212 1333 et
2263 1268 2515 1337 incon-

382 1373 639 1441 stantia
671 1374 750 1440 L.
789 1368 1203 1439 Tubnlum²
1250 1366 1494 1454 fuisse,
1541 1392 1687 1464 qua
1724 1368 1966 1454 illum4
2010 1371 2219 1466 cujus
2255 1376 2314 1444 is
2351 1401 2520 1449 con-

381 1480 765 1551 demnatus
812 1495 921 1550 est
960 1481 1376 1576 rogatione,
1419 1482 1492 1548 P.
1536 1478 1953 1565 Scaevolam3
1990 1494 2064 1550 et
2098 1488 2302 1578 quasi
2340 1487 2519 1558 nihil

387 1587 570 1659 inter
597 1612 711 1659 res
737 1610 1035 1683 quoque
1064 1587 1289 1683 ipsas,
1323 1588 1397 1654 in
1426 1583 1696 1681 quibus
1733 1602 2111 1684 peccatur,
2153 1592 2430 1667 intersit
2451 1595 2518 1685 ³3

383 1812 539 1860 orturis
579 1809 914 1874 intempestive
950 1805 1219 1856 omittenda
1263 1807 1407 1872 plane

386 1892 708 1955 intemperans
725 1899 812 1935 eat.
839 1890 907 1937 G.

462 1986 478 2016 ι
495 1971 544 2018 5.
570 1968 762 2015 Debent
784 1965 982 2013 habere.
1024 1965 1222 2014 Scilicet
1256 1967 1411 2027 majo·

384 2063 483 2095 rem
528 2048 578 2094 iu
615 2047 823 2107 majore.
859 2046 1096 2093 minorem
1133 2046 1185 2092 iu
1222 2045 1412 2094 minore

384 2124 592 2174 artificio
636 2141 649 2174 :
688 2135 741 2172 ut
784 2124 1073 2187 prudentior
1115 2122 1413 2187 gubernator

386 2205 656 2269 requiratur
682 2203 745 2251 ad
784 2216 956 2249 navem
992 2202 1125 2260 auri,
1165 2219 1308 2266 quam
1347 2201 1410 2249 ad

386 2301 555 2331 navem
582 2283 825 2347 palearum
855 2280 1156 2338 ducendam3
1178 2289 1326 2344 atque
1345 2277 1411 2328 ita

386 2364 540 2423 major
578 2362 723 2426 culpa
759 2361 823 2408 sit
855 2361 992 2421 ejus,
1047 2359 1132 2422 qui
1183 2360 1411 2419 majorem

386 2441 692 2504 prudentiam
718 2451 767 2488 et
799 2438 1051 2503 pollicitus
1071 2447 1174 2486 erat
1195 2471 1211 2499 ‚
1253 2444 1301 2484 et
1328 2435 1413 2485 de·

387 2520 557 2568 buerat
581 2519 831 2567 adhihere.
880 2526 889 2537 ‘

465 2600 545 2647 16.
577 2601 654 2646 lta
682 2614 745 2646 ne
771 2597 863 2644 hoc
885 2595 1028 2643 modo
1046 2594 1196 2659 paria
1216 2593 1410 2660 quidem

380 2689 589 2742 peccam
625 2686 757 2723 sunt.
796 2675 895 2723 Erl.
933 2686 983 2723 et
1016 2674 1147 2738 Spir.
1174 2673 1286 2722 sint.
1317 2674 1414 2722 Sed

386 2759 481 2805 hoc
538 2756 877 2819 intempestive
938 2754 1207 2803 dubitantia
1272 2755 1410 2804 foret.

387 2839 536 2884 Ortua
566 2846 638 2883 est
674 2833 806 2881 baud
842 2832 992 2881 dubie
1030 2835 1410 2895 conjunctivus,

388 2914 521 2979 quod
548 2914 718 2962 acribae
740 2928 850 2959 eum
879 2912 942 2959 ad
990 2926 1052 2959 ne
1090 2917 1410 2963 necessarium

386 3005 612 3057 putarent
632 3029 646 3051 ,
673 3007 823 3055 quum
862 2989 1059 3054 quidem
1095 2991 1157 3038 ab
1184 2993 1274 3040 hac
1301 3010 1412 3057 par·

390 3073 533 3120 ticula
552 3073 694 3119 altius
710 3082 953 3118 remotum
972 3080 1112 3118 esset.
1143 3071 1263 3119 Inde
1283 3072 1411 3121 sorte

389 3167 584 3215 quoque
609 3162 681 3199 eat
699 3184 715 3209 ‚
760 3149 896 3213 quod
925 3147 1119 3212 quidem
1157 3164 1185 3196 a
1212 3149 1343 3198 Gud.
1379 3166 1407 3197 a

389 3230 529 3295 plane
546 3230 697 3277 abeat.
713 3230 806 3278 Sed
828 3245 913 3293 pet
929 3227 1124 3293 quidem
1137 3240 1249 3293 post
1263 3229 1412 3292 paria

388 3309 531 3357 etiam
558 3320 694 3356 extra
719 3310 829 3356 soni
864 3308 1027 3356 locum
1058 3308 1288 3368 majorem
1310 3308 1409 3356 vim

388 3388 645 3452 quamdam
673 3387 865 3450 accepit
880 3421 895 3445 ,
932 3401 1075 3449 quam
1096 3401 1207 3449 quae
1228 3398 1300 3435 eat
1321 3386 1409 3434 ad-

383 3468 591 3527 jectivo.
616 3467 657 3513 ai
681 3465 964 3529 simpliciter
996 3464 1301 3512 substantivo
1317 3481 1410 3513 auo

388 3546 716 3610 praemittitur.
745 3545 806 3591 G.
836 3570 907 3579 —
938 3545 997 3590 ln
1026 3543 1159 3591 Goer.
1188 3542 1269 3591 ed.
1289 3545 1411 3591 inci·

387 3625 460 3688 pit
500 3640 610 3688 cap.
643 3620 867 3670 xxvn}
903 3638 928 3668 a
972 3620 1132 3669 verbis
1170 3624 1286 3670 «Ita
1324 3638 1413 3680 ue,-

389 3712 482 3751 etc.
502 3726 525 3744 ··
541 3736 556 3759 ‚
580 3701 803 3764 quamvis
833 3700 885 3747 in
910 3700 1019 3748 aliia
1045 3701 1274 3749 omnibus
1292 3717 1411 3764 quaa

387 3783 611 3828 novimus
635 3779 750 3827 edd.
774 3779 978 3843 incipiat
1010 3796 1036 3826 a
1076 3778 1238 3828 verbis
1271 3795 1408 3844 seqq.

388 3861 613 3922 «Urgent
649 3871 807 3908 tamen
827 3893 842 3918 ,
880 3870 975 3906 etc.
997 3881 1022 3900 a
1333 3846 1339 3859 ⁸

458 3939 699 3986 xxvm.
737 3954 780 3985 ι.
810 3939 1015 3987 Necesse
1041 3948 1111 3985 ese
1131 3937 1281 4003 paria
1313 3954 1411 3987 esse

380 4027 608 4080 peccata.
650 4017 782 4066 Gud.
823 4029 1026 4080 uterque
1067 4026 1115 4065 et
1161 4018 1271 4066 Bas.
1314 4034 1413 4064 esse

387 4094 552 4158 μανία.
590 4096 692 4159 Qui
730 4095 854 4144 ordo
874 4132 888 4157 ‚
912 4096 1006 4144 niai
1040 4108 1217 4146 rectam
1244 4096 1416 4144 verbo-

540 4185 627 4250 ῘῙ.
677 4200 772 4246 Cic.
786 4215 907 4265 pars
934 4200 1086 4248 tertia.

1499 1818 1605 1856 rum
1642 1809 1983 1860 collocationi·
2007 1808 2241 1863 rationem
2269 1815 2523 1883 diiigenter

1497 1888 1708 1947 cararia,
1745 1891 1886 1939 valdc
1912 1893 2161 1956 speciosus
2199 1896 2290 1944 erit
2307 1933 2323 1958 ,
2368 1915 2520 1962 quum

1497 1965 1801 2028 observaris,-
1835 1980 2083 2020 auctorem
2119 1988 2277 2022 amare
2315 1978 2478 2025 verbis
2502 2016 2520 2041 ‚

1498 2061 1693 2094 necesse
1704 2059 1779 2095 ese
1801 2065 1920 2110 esse,
1941 2065 2042 2098 nou
2057 2049 2312 2118 dirempti·
2339 2057 2523 2110 scribe·

1499 2124 1969 2187 re.cf.'1'usc.111,8
1986 2163 2001 2188 ‚
2026 2130 2109 2188 18,
2140 2155 2166 2173 κ
2194 2146 2303 2181 eum
2325 2148 2521 2184 necesse

1499 2215 1572 2251 cat
1592 2220 1695 2252 ease
1719 2217 2056 2271 constantem3
2083 2230 2105 2251 ι
2142 2212 2210 2260 Ν.
2233 2213 2296 2262 D.
2321 2216 2393 2273 n,
2426 2218 2522 2278 13,

1502 2278 1569 2330 ³5
1595 2297 1611 2331 :
1635 2303 1656 2325 ι
1673 2285 1916 2345 Quocirca
1943 2303 2135 2336 neceaae
2160 2300 2233 2338 eat
2259 2306 2362 2341 esse
2383 2294 2522 2344 inum

1512 2395 1525 2408 .
1547 2397 1558 2409 .
1583 2395 1595 2407 .
1634 2362 1870 2426 gradum,
1900 2375 1993 2414 etc.
2031 2380 2053 2409 a
2087 2367 2217 2417 Ibid.
2263 2364 2327 2419 3ο
2348 2400 2365 2432 5
2414 2376 2479 2433 76
2509 2390 2524 2423 :

1501 2463 1526 2482 ιι
1549 2440 1735 2503 aliquid
1754 2442 1816 2488 ait
1835 2454 2027 2491 ucceaae
2051 2456 2125 2493 est
2153 2462 2256 2495 ease
2287 2451 2461 2499 melina
2479 2475 2523 2501 a.

1500 2520 1607 2567 Nec
1633 2520 1805 2568 melior
1826 2530 2066 2570 structura
2085 2536 2157 2573 eat
2177 2526 2358 2588 Marsi,
2386 2530 2522 2581 Crat.

1499 2597 1700 2646 aliarum
1723 2634 1737 2657 ,
1775 2613 1877 2647 esse
1894 2603 2106 2664 peccata
2127 2603 2297 2668 par-ia.
2327 2610 2401 2655 De
2427 2626 2525 2673 qua

1500 2688 1752 2726 structura
1782 2677 2057 2728 diveraitate
2077 2682 2175 2729 alio
2197 2682 2311 2732 loco
2328 2685 2523 2738 abunde

1497 2772 1712 2821 agemus.
1734 2756 1906 2821 Neque
1923 2758 2004 2807 ille
2024 2761 2148 2809 ordo
2169 2761 2234 2810 ita
2254 2775 2414 2813 certus
2431 2778 2522 2827 est,

1499 2847 1554 2883 ut
1570 2837 1752 2897 justam
1777 2838 2116 2902 exceptionem
2149 2855 2249 2889 nou
2282 2844 2522 2895 admittat.

1498 2915 1575 2963 Cf.
1596 2914 1769 2964 Parad.
1792 2917 1883 2977 111,
1909 2931 1953 2976 ι,
1972 2937 1997 2958 ι
2019 2917 2148 2979 paria
2168 2934 2270 2966 ease
2285 2922 2428 2969 etiam
2448 2924 2521 2970 vi·

1498 2994 1564 3041 tia
1592 3009 1791 3041 neceaae
1825 3006 1899 3041 eat
1921 3019 1964 3042 ι.
1988 2994 2154 3043 Divin.
2175 2998 2256 3054 11,
2295 3000 2391 3056 34‚·
2422 3016 2483 3060 71
2504 3038 2519 3063 ‚

1498 3093 1522 3114 .-
1543 3071 1752 3135 peritum
1773 3076 1933 3119 autem
1950 3087 2051 3119 ease
2076 3087 2270 3121 necesse
2288 3087 2363 3124 eat
2378 3094 2487 3126 eum
2503 3116 2519 3139 ,

1497 3150 1611 3214 qui,
1630 3150 1874 3198 cilentium
1894 3149 2018 3213 quid
2031 3149 2094 3198 ait
2107 3180 2121 3209 ,
2135 3152 2373 3219 intelligat
2390 3174 2434 3206 »s
2455 3160 2518 3209 G,

1569 3243 1620 3277 a.
1645 3230 1695 3275 t..
1716 3227 1963 3276 nebulum.
1989 3228 2164 3276 Deillo
2181 3233 2520 3286 scelestissimo

1496 3307 1628 3367 viro,
1645 3317 1695 3353 et
1713 3304 1775 3353 de
1787 3305 2020 3367 Scaevola,
2039 3307 2138 3356 vid.
2156 3311 2369 3375 suptili».
2387 3317 2453 3374 11,
2472 3335 2518 3368 c.

1503 3386 1594 3448 16,
1611 3396 1660 3433 et
1679 3385 1740 3432 de
1756 3386 1872 3434 Nat.
1886 3388 2038 3435 Deor.
2061 3388 2085 3433 1
2100 3420 2117 3448 ,
2145 3388 2236 3447 233
2271 3392 2376 3451 111,
2415 3397 2500 3445 30.

1571 3465 1620 3513 3.
1652 3463 1810 3528 Quasi
1836 3480 1959 3512 vero
1983 3476 2075 3512 aut
2095 3468 2395 3519 concedatur
2424 3509 2436 3520 .
2460 3509 2473 3524 .
2497 3511 2510 3523 .

1498 3555 1546 3591 et
1582 3541 1731 3607 quasi
1767 3541 1891 3590 m'lu‘l
1925 3578 1937 3591 .
1960 3577 1972 3590 .
1995 3578 2008 3591 .
2053 3542 2254 3594 intersit.
2296 3550 2523 3605 Davisius

1500 3621 1623 3669 duce
1646 3620 1741 3669 Th.
1780 3621 2004 3670 Bentleio·
2041 3633 2133 3671 aut
2169 3625 2313 3687 quasi
2341 3634 2522 3698 corrigi

1493 3699 1658 3761 jubet,
1687 3712 1744 3749 ut
1769 3700 1846 3748 bia
1872 3711 1961 3749 aue
1991 3702 2084 3750 aibi
2113 3705 2422 3767 reapondeat.
2448 3715 2524 3761 Ex

1499 3779 1665 3842 reguia
1700 3794 1815 3827 nne
1839 3779 1909 3827 aic
1941 3779 2253 3831 scribendum
2278 3799 2398 3837 erat.
2425 3791 2524 3839 Sed

1500 3858 1738 3922 applicata
1768 3869 1880 3921 post
1902 3869 1978 3907 tot
1995 3856 2258 3911 intertexta
2285 3864 2382 3913 levi
2408 3885 2524 3916 ana-

1500 3939 1704 3987 colutho
1713 3939 1877 4003 =oratio
1896 3939 1960 3988 ad
1974 3940 2251 4004 praecedens
2269 3945 2417 4007 quasi
2434 3960 2523 4006 eat,

1501 4016 1711 4083 aimplici
1741 4018 1918 4083 copula
1944 4020 2149 4081 adjecta.
2181 4022 2315 4070 Talia
2344 4026 2525 4073 Latinis

1505 4098 1735 4145 omuibus
1773 4097 2154 4161 frequentantur.
2202 4101 2283 4148 Sic
2323 4103 2524 4165 ponitur

2214 4184 2300 4271 34
