<?xml version="1.0" encoding="UTF-8"?>
<!DOCTYPE html PUBLIC "-//W3C//DTD XHTML 1.0 Transitional//EN"
    "http://www.w3.org/TR/xhtml1/DTD/xhtml1-transitional.dtd">
<html xmlns="http://www.w3.org/1999/xhtml" xml:lang="en" lang="en">
 <head>
  <title>
</title>
<meta http-equiv="Content-Type" content="text/html;charset=utf-8" />
  <meta name='ocr-system' content='tesseract 3.04.00' />
  <meta name='ocr-capabilities' content='ocr_page ocr_carea ocr_par ocr_line ocrx_word'/>
</head>
<body>
  <div class='ocr_page' id='page_1' title='image "./mtciceronisquae00clergoog/mtciceronisquae00clergoog_0436.png"; bbox 0 0 3217 4784; ppageno 0'>
   <div class='ocr_carea' id='block_1_1' title="bbox 571 1587 635 1641">
    <p class='ocr_par' dir='ltr' id='par_1_1' title="bbox 571 1587 635 1641">
     <span class='ocr_line' id='line_1_1' title="bbox 571 1587 635 1641; baseline 0 -21"><span class='ocrx_word' id='word_1_1' title='bbox 571 1587 635 1641; x_wconf 70' lang='lat'><strong>72</strong></span> 
     </span>
    </p>
   </div>
   <div class='ocr_carea' id='block_1_2' title="bbox 672 331 815 419">
    <p class='ocr_par' dir='ltr' id='par_1_2' title="bbox 672 331 815 419">
     <span class='ocr_line' id='line_1_2' title="bbox 672 331 815 419; baseline 0.007 -17"><span class='ocrx_word' id='word_1_2' title='bbox 672 331 815 419; x_wconf 76' lang='lat'><strong>416</strong></span> 
     </span>
    </p>
   </div>
   <div class='ocr_carea' id='block_1_3' title="bbox 1356 342 2129 416">
    <p class='ocr_par' dir='ltr' id='par_1_3' title="bbox 1356 342 2129 416">
     <span class='ocr_line' id='line_1_3' title="bbox 1356 342 2129 416; baseline 0.006 -6"><span class='ocrx_word' id='word_1_3' title='bbox 1356 342 1454 410; x_wconf 88' lang='grc' dir='ltr'><strong>Μ.</strong></span> <span class='ocrx_word' id='word_1_4' title='bbox 1502 344 1578 410; x_wconf 94' lang='grc' dir='ltr'><strong>Τ.</strong></span> <span class='ocrx_word' id='word_1_5' title='bbox 1638 344 2129 416; x_wconf 85' lang='lat' dir='ltr'>CICERONIS</span> 
     </span>
    </p>
   </div>
   <div class='ocr_carea' id='block_1_4' title="bbox 572 463 2815 1663">
    <p class='ocr_par' dir='ltr' id='par_1_4' title="bbox 572 463 2812 1549">
     <span class='ocr_line' id='line_1_4' title="bbox 572 463 2811 574; baseline 0.009 -44"><span class='ocrx_word' id='word_1_6' title='bbox 572 496 631 547; x_wconf 85' lang='lat'><strong>7¹</strong></span> <span class='ocrx_word' id='word_1_7' title='bbox 675 472 959 547; x_wconf 85' lang='lat' dir='ltr'><strong>terunt,</strong></span> <span class='ocrx_word' id='word_1_8' title='bbox 1000 463 1132 532; x_wconf 87' lang='lat' dir='ltr'><strong>nisi</strong></span> <span class='ocrx_word' id='word_1_9' title='bbox 1166 464 1335 558; x_wconf 84' lang='lat' dir='ltr'><strong>ipsae</strong></span> <span class='ocrx_word' id='word_1_10' title='bbox 1364 487 1498 560; x_wconf 88' lang='lat' dir='ltr'><strong>per</strong></span> <span class='ocrx_word' id='word_1_11' title='bbox 1528 489 1606 535; x_wconf 90' lang='lat' dir='ltr'><strong>se</strong></span> <span class='ocrx_word' id='word_1_12' title='bbox 1632 481 2085 563; x_wconf 82' lang='lat' dir='ltr'><strong>expetantur.</strong></span> <span class='ocrx_word' id='word_1_13' title='bbox 2121 473 2253 540; x_wconf 88' lang='lat' dir='ltr'><strong>Jus</strong></span> <span class='ocrx_word' id='word_1_14' title='bbox 2293 487 2569 562; x_wconf 78' lang='lat' dir='ltr'><strong>autem,</strong></span> <span class='ocrx_word' id='word_1_15' title='bbox 2606 481 2811 574; x_wconf 90' lang='lat' dir='ltr'><strong>quod</strong></span> 
     </span>
     <span class='ocr_line' id='line_1_5' title="bbox 671 568 2810 672; baseline 0.009 -34"><span class='ocrx_word' id='word_1_16' title='bbox 671 571 770 639; x_wconf 85' lang='lat' dir='ltr'><strong>ita</strong></span> <span class='ocrx_word' id='word_1_17' title='bbox 796 568 939 641; x_wconf 90' lang='lat' dir='ltr'><strong>dici</strong></span> <span class='ocrx_word' id='word_1_18' title='bbox 969 571 1462 668; x_wconf 72' lang='lat' dir='ltr'><strong>appellarique</strong></span> <span class='ocrx_word' id='word_1_19' title='bbox 1485 578 1738 672; x_wconf 83' lang='lat' dir='ltr'><strong>possit,</strong></span> <span class='ocrx_word' id='word_1_20' title='bbox 1767 574 1839 645; x_wconf 88' lang='lat' dir='ltr'><strong>id</strong></span> <span class='ocrx_word' id='word_1_21' title='bbox 1869 601 2022 648; x_wconf 87' lang='lat' dir='ltr'><strong>esse</strong></span> <span class='ocrx_word' id='word_1_22' title='bbox 2043 593 2301 650; x_wconf 86' lang='lat' dir='ltr'><strong>natura</strong></span> <span class='ocrx_word' id='word_1_23' title='bbox 2325 579 2424 669; x_wconf 78' lang='lat'><strong>¹⁴3</strong></span> <span class='ocrx_word' id='word_1_24' title='bbox 2456 582 2810 656; x_wconf 85' lang='lat' dir='ltr'><strong>alienum-</strong></span> 
     </span>
     <span class='ocr_line' id='line_1_6' title="bbox 672 684 2809 785; baseline 0.008 -35"><span class='ocrx_word' id='word_1_25' title='bbox 672 705 817 776; x_wconf 87' lang='lat' dir='ltr'><strong>que</strong></span> <span class='ocrx_word' id='word_1_26' title='bbox 867 705 1020 751; x_wconf 83' lang='lat' dir='ltr'><strong>esse</strong></span> <span class='ocrx_word' id='word_1_27' title='bbox 1056 705 1097 752; x_wconf 87' lang='lat' dir='ltr'>a</span> <span class='ocrx_word' id='word_1_28' title='bbox 1138 685 1464 780; x_wconf 81' lang='lat' dir='ltr'><strong>sapiente</strong></span> <span class='ocrx_word' id='word_1_29' title='bbox 1519 684 1932 757; x_wconf 86' lang='lat' dir='ltr'><strong>non-modo</strong></span> <span class='ocrx_word' id='word_1_30' title='bbox 1984 687 2321 782; x_wconf 84' lang='lat' dir='ltr'><strong>injuriam</strong></span> <span class='ocrx_word' id='word_1_31' title='bbox 2372 693 2492 761; x_wconf 89' lang='lat' dir='ltr'><strong>cui</strong></span> <span class='ocrx_word' id='word_1_32' title='bbox 2539 691 2809 785; x_wconf 83' lang='lat' dir='ltr'><strong>facere,</strong></span> 
     </span>
     <span class='ocr_line' id='line_1_7' title="bbox 672 792 2810 889; baseline 0.007 -30"><span class='ocrx_word' id='word_1_33' title='bbox 672 814 923 860; x_wconf 90' lang='lat' dir='ltr'><strong>verum</strong></span> <span class='ocrx_word' id='word_1_34' title='bbox 950 792 1163 861; x_wconf 85' lang='lat' dir='ltr'><strong>etiam</strong></span> <span class='ocrx_word' id='word_1_35' title='bbox 1190 806 1475 863; x_wconf 84' lang='lat' dir='ltr'><strong>noc‘ere.</strong></span> <span class='ocrx_word' id='word_1_36' title='bbox 1501 798 1653 866; x_wconf 87' lang='lat' dir='ltr'><strong>Nec</strong></span> <span class='ocrx_word' id='word_1_37' title='bbox 1684 819 1858 866; x_wconf 85' lang='lat' dir='ltr'><strong>vero</strong></span> <span class='ocrx_word' id='word_1_38' title='bbox 1884 810 2166 868; x_wconf 87' lang='lat' dir='ltr'><strong>rectum</strong></span> <span class='ocrx_word' id='word_1_39' title='bbox 2191 813 2301 869; x_wconf 88' lang='lat' dir='ltr'><strong>est</strong></span> <span class='ocrx_word' id='word_1_40' title='bbox 2334 823 2498 870; x_wconf 88' lang='lat' dir='ltr'><strong>cum</strong></span> <span class='ocrx_word' id='word_1_41' title='bbox 2527 804 2810 889; x_wconf 70' lang='lat' dir='ltr'><strong>amicis»,</strong></span> 
     </span>
     <span class='ocr_line' id='line_1_8' title="bbox 667 897 2808 1008; baseline 0.008 -41"><span class='ocrx_word' id='word_1_42' title='bbox 667 912 791 968; x_wconf 86' lang='lat' dir='ltr'><strong>aut</strong></span> <span class='ocrx_word' id='word_1_43' title='bbox 850 897 1044 971; x_wconf 87' lang='lat' dir='ltr'><strong>bene</strong></span> <span class='ocrx_word' id='word_1_44' title='bbox 1098 901 1375 973; x_wconf 85' lang='lat' dir='ltr'><strong>meritis</strong></span> <span class='ocrx_word' id='word_1_45' title='bbox 1430 908 1890 993; x_wconf 85' lang='lat' dir='ltr'><strong>consociare,</strong></span> <span class='ocrx_word' id='word_1_46' title='bbox 1950 920 2077 977; x_wconf 86' lang='lat' dir='ltr'><strong>aut</strong></span> <span class='ocrx_word' id='word_1_47' title='bbox 2113 909 2557 1007; x_wconf 84' lang='lat' dir='ltr'><strong>conjungere</strong></span> <span class='ocrx_word' id='word_1_48' title='bbox 2617 913 2808 1008; x_wconf 85' lang='lat' dir='ltr'><strong>inju-</strong></span> 
     </span>
     <span class='ocr_line' id='line_1_9' title="bbox 669 1006 2808 1110; baseline 0.007 -33"><span class='ocrx_word' id='word_1_49' title='bbox 669 1009 846 1078; x_wconf 80' lang='lat' dir='ltr'><strong>riam</strong></span> <span class='ocrx_word' id='word_1_50' title='bbox 865 1006 961 1079; x_wconf 82' lang='lat'><strong>¹⁵:</strong></span> <span class='ocrx_word' id='word_1_51' title='bbox 979 1008 1618 1110; x_wconf 68' lang='lat' dir='ltr'><strong>gravissimequeffi</strong></span> <span class='ocrx_word' id='word_1_52' title='bbox 1647 1028 1720 1085; x_wconf 91' lang='lat' dir='ltr'><strong>et</strong></span> <span class='ocrx_word' id='word_1_53' title='bbox 1745 1015 2109 1087; x_wconf 85' lang='lat' dir='ltr'><strong>verissime</strong></span> <span class='ocrx_word' id='word_1_54' title='bbox 2146 1015 2581 1110; x_wconf 84' lang='lat' dir='ltr'><strong>defenditur,</strong></span> <span class='ocrx_word' id='word_1_55' title='bbox 2595 1048 2808 1092; x_wconf 87' lang='lat' dir='ltr'><strong>uum·</strong></span> 
     </span>
     <span class='ocr_line' id='line_1_10' title="bbox 672 1122 2812 1229; baseline 0.007 -40"><span class='ocrx_word' id='word_1_56' title='bbox 672 1125 889 1214; x_wconf 54' lang='lat' dir='ltr'><strong>quum</strong></span> <span class='ocrx_word' id='word_1_57' title='bbox 928 1122 1339 1219; x_wconf 77' lang='lat' dir='ltr'><strong>aequitatem</strong></span> <span class='ocrx_word' id='word_1_58' title='bbox 1369 1122 1462 1194; x_wconf 86' lang='lat' dir='ltr'><strong>ab</strong></span> <span class='ocrx_word' id='word_1_59' title='bbox 1500 1125 1809 1195; x_wconf 84' lang='lat' dir='ltr'><strong>utilitate</strong></span> <span class='ocrx_word' id='word_1_60' title='bbox 1844 1148 2057 1222; x_wconf 87' lang='lat' dir='ltr'><strong>posse</strong></span> <span class='ocrx_word' id='word_1_61' title='bbox 2088 1128 2371 1227; x_wconf 84' lang='lat' dir='ltr'><strong>sejungi</strong></span> <span class='ocrx_word' id='word_1_62' title='bbox 2401 1157 2418 1200; x_wconf 71' lang='grc' dir='ltr'><strong><em>ε</em></strong></span> <span class='ocrx_word' id='word_1_63' title='bbox 2461 1145 2567 1219; x_wconf 88' lang='lat' dir='ltr'><strong>et,</strong></span> <span class='ocrx_word' id='word_1_64' title='bbox 2604 1131 2812 1229; x_wconf 91' lang='lat' dir='ltr'><strong>quid·</strong></span> 
     </span>
     <span class='ocr_line' id='line_1_11' title="bbox 674 1227 2811 1331; baseline 0.008 -34"><span class='ocrx_word' id='word_1_65' title='bbox 674 1227 854 1323; x_wconf 87' lang='lat' dir='ltr'><strong>quid</strong></span> <span class='ocrx_word' id='word_1_66' title='bbox 890 1254 1178 1328; x_wconf 87' lang='lat' dir='ltr'><strong>aequum</strong></span> <span class='ocrx_word' id='word_1_67' title='bbox 1205 1233 1638 1331; x_wconf 86' lang='lat' dir='ltr'><strong>justumque</strong></span> <span class='ocrx_word' id='word_1_68' title='bbox 1671 1245 1968 1323; x_wconf 84' lang='lat' dir='ltr'><strong>esset¹7‚</strong></span> <span class='ocrx_word' id='word_1_69' title='bbox 2014 1234 2090 1307; x_wconf 89' lang='lat' dir='ltr'><strong>id</strong></span> <span class='ocrx_word' id='word_1_70' title='bbox 2121 1238 2335 1309; x_wconf 83' lang='lat' dir='ltr'><strong>etiam</strong></span> <span class='ocrx_word' id='word_1_71' title='bbox 2377 1239 2811 1329; x_wconf 80' lang='lat' dir='ltr'><strong>honestum3</strong></span> 
     </span>
     <span class='ocr_line' id='line_1_12' title="bbox 671 1338 2809 1446; baseline 0.009 -40"><span class='ocrx_word' id='word_1_72' title='bbox 671 1338 1132 1439; x_wconf 77' lang='lat' dir='ltr'><strong>vicissimque</strong></span> <span class='ocrx_word' id='word_1_73' title='bbox 1154 1397 1174 1430; x_wconf 89' lang='lat'>‚</span> <span class='ocrx_word' id='word_1_74' title='bbox 1217 1341 1581 1440; x_wconf 89' lang='lat' dir='ltr'><strong>quidquid</strong></span> <span class='ocrx_word' id='word_1_75' title='bbox 1651 1359 1845 1415; x_wconf 88' lang='lat' dir='ltr'><strong>esset</strong></span> <span class='ocrx_word' id='word_1_76' title='bbox 1908 1344 2339 1434; x_wconf 85' lang='lat' dir='ltr'><strong>honestum,</strong></span> <span class='ocrx_word' id='word_1_77' title='bbox 2404 1349 2478 1421; x_wconf 90' lang='lat' dir='ltr'><strong>id</strong></span> <span class='ocrx_word' id='word_1_78' title='bbox 2531 1351 2809 1446; x_wconf 84' lang='lat' dir='ltr'><strong>justum</strong></span> 
     </span>
     <span class='ocr_line' id='line_1_13' title="bbox 675 1445 1797 1549; baseline 0.004 -31"><span class='ocrx_word' id='word_1_79' title='bbox 675 1448 891 1519; x_wconf 85' lang='lat' dir='ltr'><strong>etiam</strong></span> <span class='ocrx_word' id='word_1_80' title='bbox 928 1466 1148 1548; x_wconf 85' lang='lat' dir='ltr'><strong>atque</strong></span> <span class='ocrx_word' id='word_1_81' title='bbox 1185 1477 1475 1549; x_wconf 62' lang='lat' dir='ltr'><strong>aequum</strong></span> <span class='ocrx_word' id='word_1_82' title='bbox 1514 1451 1672 1525; x_wconf 87' lang='lat' dir='ltr'><strong>fore</strong></span> <span class='ocrx_word' id='word_1_83' title='bbox 1709 1445 1797 1523; x_wconf 78' lang='lat'><strong>¹⁸.</strong></span> 
     </span>
    </p>

    <p class='ocr_par' dir='ltr' id='par_1_5' title="bbox 782 1561 2815 1663">
     <span class='ocr_line' id='line_1_14' title="bbox 782 1561 2815 1663; baseline 0.007 -33"><span class='ocrx_word' id='word_1_84' title='bbox 782 1561 886 1633; x_wconf 90' lang='lat' dir='ltr'><strong>Ad</strong></span> <span class='ocrx_word' id='word_1_85' title='bbox 916 1572 1264 1660; x_wconf 84' lang='lat' dir='ltr'><strong>easque¹9</strong></span> <span class='ocrx_word' id='word_1_86' title='bbox 1295 1566 1622 1651; x_wconf 87' lang='lat' dir='ltr'><strong>virtutes,</strong></span> <span class='ocrx_word' id='word_1_87' title='bbox 1650 1562 1742 1635; x_wconf 88' lang='lat' dir='ltr'><strong>de</strong></span> <span class='ocrx_word' id='word_1_88' title='bbox 1768 1563 2038 1661; x_wconf 86' lang='lat' dir='ltr'><strong>quibus</strong></span> <span class='ocrx_word' id='word_1_89' title='bbox 2061 1565 2500 1663; x_wconf 83' lang='lat' dir='ltr'><strong>disputatum</strong></span> <span class='ocrx_word' id='word_1_90' title='bbox 2528 1572 2815 1659; x_wconf 81' lang='lat' dir='ltr'><strong>est‚dia·</strong></span> 
     </span>
    </p>
   </div>
   <div class='ocr_carea' id='block_1_5' title="bbox 668 1795 1716 4144">
    <p class='ocr_par' dir='ltr' id='par_1_6' title="bbox 668 1795 1712 3108">
     <span class='ocr_line' id='line_1_15' title="bbox 754 1795 1706 1861; baseline -0.006 -11"><span class='ocrx_word' id='word_1_91' title='bbox 754 1807 833 1858; x_wconf 66' lang='lat' dir='ltr'><strong>sk.</strong></span> <span class='ocrx_word' id='word_1_92' title='bbox 858 1802 949 1849; x_wconf 76' lang='lat' dir='ltr'><strong>Im</strong></span> <span class='ocrx_word' id='word_1_93' title='bbox 976 1808 1140 1846; x_wconf 69' lang='lat' dir='ltr'><strong>autern</strong></span> <span class='ocrx_word' id='word_1_94' title='bbox 1160 1830 1176 1852; x_wconf 81' lang='grc'><em>,</em></span> <span class='ocrx_word' id='word_1_95' title='bbox 1237 1795 1375 1860; x_wconf 72' lang='lat' dir='ltr'><strong>qnod</strong></span> <span class='ocrx_word' id='word_1_96' title='bbox 1395 1795 1464 1845; x_wconf 81' lang='lat' dir='ltr'><strong>t‘ea</strong></span> <span class='ocrx_word' id='word_1_97' title='bbox 1486 1795 1591 1845; x_wconf 76' lang='lat' dir='ltr'><strong>dici</strong></span> <span class='ocrx_word' id='word_1_98' title='bbox 1615 1812 1706 1861; x_wconf 79' lang='lat' dir='ltr'><strong>ap·</strong></span> 
     </span>
     <span class='ocr_line' id='line_1_16' title="bbox 668 1874 1707 1947; baseline -0.008 -17"><span class='ocrx_word' id='word_1_99' title='bbox 668 1878 947 1947; x_wconf 72' lang='lat' dir='ltr'><strong>pellat-ique</strong></span> <span class='ocrx_word' id='word_1_100' title='bbox 990 1874 1149 1942; x_wconf 78' lang='lat' dir='ltr'><strong>possit</strong></span> <span class='ocrx_word' id='word_1_101' title='bbox 1173 1906 1190 1935; x_wconf 86' lang='lat'>‚</span> <span class='ocrx_word' id='word_1_102' title='bbox 1235 1875 1293 1924; x_wconf 76' lang='lat' dir='ltr'><strong>id</strong></span> <span class='ocrx_word' id='word_1_103' title='bbox 1350 1891 1451 1923; x_wconf 68' lang='lat' dir='ltr'><strong>esce</strong></span> <span class='ocrx_word' id='word_1_104' title='bbox 1511 1887 1707 1923; x_wconf 73' lang='lat' dir='ltr'><strong>namra.</strong></span> 
     </span>
     <span class='ocr_line' id='line_1_17' title="bbox 682 1954 1710 2013; baseline -0.008 -5"><span class='ocrx_word' id='word_1_105' title='bbox 682 1960 819 2008; x_wconf 79' lang='lat' dir='ltr'><strong>Goer.</strong></span> <span class='ocrx_word' id='word_1_106' title='bbox 840 1956 991 2005; x_wconf 84' lang='lat' dir='ltr'><strong>scrib.</strong></span> <span class='ocrx_word' id='word_1_107' title='bbox 1017 1963 1266 2003; x_wconf 76' lang='lat' dir='ltr'><strong>naturam.</strong></span> <span class='ocrx_word' id='word_1_108' title='bbox 1296 1954 1564 2002; x_wconf 80' lang='lat' dir='ltr'><strong>Construas</strong></span> <span class='ocrx_word' id='word_1_109' title='bbox 1580 1987 1597 2013; x_wconf 90' lang='lat'>,</span> <span class='ocrx_word' id='word_1_110' title='bbox 1633 1954 1710 2000; x_wconf 87' lang='lat' dir='ltr'><strong>in·</strong></span> 
     </span>
     <span class='ocr_line' id='line_1_18' title="bbox 681 2031 1708 2103; baseline -0.006 -17"><span class='ocrx_word' id='word_1_111' title='bbox 681 2038 823 2103; x_wconf 81' lang='lat' dir='ltr'><strong>quit,</strong></span> <span class='ocrx_word' id='word_1_112' title='bbox 855 2037 977 2096; x_wconf 71' lang='lat' dir='ltr'><strong>«ius</strong></span> <span class='ocrx_word' id='word_1_113' title='bbox 998 2033 1082 2097; x_wconf 85' lang='lat' dir='ltr'><strong>id,</strong></span> <span class='ocrx_word' id='word_1_114' title='bbox 1118 2032 1485 2097; x_wconf 82' lang='lat' dir='ltr'><strong>quod(reete)</strong></span> <span class='ocrx_word' id='word_1_115' title='bbox 1519 2033 1586 2080; x_wconf 90' lang='lat' dir='ltr'><strong>ita</strong></span> <span class='ocrx_word' id='word_1_116' title='bbox 1607 2031 1708 2080; x_wconf 86' lang='lat' dir='ltr'><strong>diei</strong></span> 
     </span>
     <span class='ocr_line' id='line_1_19' title="bbox 682 2109 1706 2180; baseline -0.007 -16"><span class='ocrx_word' id='word_1_117' title='bbox 682 2132 798 2180; x_wconf 86' lang='lat' dir='ltr'><strong>app.</strong></span> <span class='ocrx_word' id='word_1_118' title='bbox 823 2114 978 2178; x_wconf 86' lang='lat' dir='ltr'><strong>possit</strong></span> <span class='ocrx_word' id='word_1_119' title='bbox 996 2147 1011 2171; x_wconf 91' lang='lat'>‚</span> <span class='ocrx_word' id='word_1_120' title='bbox 1052 2127 1156 2158; x_wconf 84' lang='lat' dir='ltr'><strong>esse</strong></span> <span class='ocrx_word' id='word_1_121' title='bbox 1199 2110 1361 2173; x_wconf 84' lang='lat' dir='ltr'><strong>(nibil</strong></span> <span class='ocrx_word' id='word_1_122' title='bbox 1382 2111 1477 2158; x_wconf 87' lang='lat' dir='ltr'><strong>nisi</strong></span> <span class='ocrx_word' id='word_1_123' title='bbox 1516 2109 1706 2176; x_wconf 87' lang='lat' dir='ltr'><strong>ipsam)</strong></span> 
     </span>
     <span class='ocr_line' id='line_1_20' title="bbox 684 2189 1709 2255; baseline -0.002 -14"><span class='ocrx_word' id='word_1_124' title='bbox 684 2204 905 2241; x_wconf 86' lang='lat' dir='ltr'><strong>naturam</strong></span> <span class='ocrx_word' id='word_1_125' title='bbox 924 2212 969 2239; x_wconf 76' lang='grc' dir='ltr'><strong>ιι.</strong></span> <span class='ocrx_word' id='word_1_126' title='bbox 1001 2189 1152 2253; x_wconf 80' lang='lat' dir='ltr'><strong>Quod</strong></span> <span class='ocrx_word' id='word_1_127' title='bbox 1170 2201 1333 2238; x_wconf 86' lang='lat' dir='ltr'><strong>autem</strong></span> <span class='ocrx_word' id='word_1_128' title='bbox 1365 2190 1541 2255; x_wconf 76' lang='lat' dir='ltr'><strong>quoad</strong></span> <span class='ocrx_word' id='word_1_129' title='bbox 1556 2190 1709 2251; x_wconf 83' lang='lat' dir='ltr'><strong>valet,</strong></span> 
     </span>
     <span class='ocr_line' id='line_1_21' title="bbox 681 2268 1708 2333; baseline -0.002 -14"><span class='ocrx_word' id='word_1_130' title='bbox 681 2282 739 2319; x_wconf 90' lang='lat' dir='ltr'><strong>ut</strong></span> <span class='ocrx_word' id='word_1_131' title='bbox 763 2285 890 2333; x_wconf 68' lang='lat' dir='ltr'><strong>sepe</strong></span> <span class='ocrx_word' id='word_1_132' title='bbox 910 2281 927 2328; x_wconf 69' lang='grc' dir='ltr'>ς</span> <span class='ocrx_word' id='word_1_133' title='bbox 964 2278 1113 2333; x_wconf 84' lang='lat' dir='ltr'><strong>atque</strong></span> <span class='ocrx_word' id='word_1_134' title='bbox 1140 2278 1245 2316; x_wconf 88' lang='lat' dir='ltr'><strong>tum</strong></span> <span class='ocrx_word' id='word_1_135' title='bbox 1287 2269 1564 2332; x_wconf 76' lang='lat' dir='ltr'><strong>frequenter</strong></span> <span class='ocrx_word' id='word_1_136' title='bbox 1587 2268 1708 2317; x_wconf 87' lang='lat' dir='ltr'><strong>sub-</strong></span> 
     </span>
     <span class='ocr_line' id='line_1_22' title="bbox 672 2344 1711 2411; baseline -0.002 -14"><span class='ocrx_word' id='word_1_137' title='bbox 672 2348 952 2408; x_wconf 79' lang='lat' dir='ltr'><strong>juuetivum</strong></span> <span class='ocrx_word' id='word_1_138' title='bbox 1002 2345 1225 2394; x_wconf 83' lang='lat' dir='ltr'><strong>additum</strong></span> <span class='ocrx_word' id='word_1_139' title='bbox 1264 2344 1428 2395; x_wconf 84' lang='lat' dir='ltr'><strong>babet.</strong></span> <span class='ocrx_word' id='word_1_140' title='bbox 1469 2346 1711 2411; x_wconf 76' lang='lat' dir='ltr'><strong>vulgatur</strong></span> 
     </span>
     <span class='ocr_line' id='line_1_23' title="bbox 680 2425 1711 2489; baseline -0.003 -12"><span class='ocrx_word' id='word_1_141' title='bbox 680 2444 743 2477; x_wconf 79' lang='lat' dir='ltr'><strong>ex</strong></span> <span class='ocrx_word' id='word_1_142' title='bbox 782 2426 939 2475; x_wconf 88' lang='lat' dir='ltr'><strong>Tertii</strong></span> <span class='ocrx_word' id='word_1_143' title='bbox 976 2425 1106 2475; x_wconf 84' lang='lat' dir='ltr'><strong>libro</strong></span> <span class='ocrx_word' id='word_1_144' title='bbox 1149 2438 1332 2474; x_wconf 76' lang='lat' dir='ltr'><strong>natum</strong></span> <span class='ocrx_word' id='word_1_145' title='bbox 1353 2459 1372 2486; x_wconf 89' lang='lat'>,</span> <span class='ocrx_word' id='word_1_146' title='bbox 1413 2425 1711 2489; x_wconf 83' lang='lat' dir='ltr'><strong>laudantque</strong></span> 
     </span>
     <span class='ocr_line' id='line_1_24' title="bbox 680 2497 1709 2570; baseline -0.002 -16"><span class='ocrx_word' id='word_1_147' title='bbox 680 2500 808 2555; x_wconf 87' lang='lat' dir='ltr'><strong>illud</strong></span> <span class='ocrx_word' id='word_1_148' title='bbox 822 2507 980 2553; x_wconf 87' lang='lat' dir='ltr'><strong>Laert.</strong></span> <span class='ocrx_word' id='word_1_149' title='bbox 997 2506 1095 2552; x_wconf 82' lang='lat' dir='ltr'><strong>vn</strong></span> <span class='ocrx_word' id='word_1_150' title='bbox 1116 2541 1133 2567; x_wconf 90' lang='lat'>,</span> <span class='ocrx_word' id='word_1_151' title='bbox 1152 2508 1246 2552; x_wconf 76' lang='lat'><strong>128</strong></span> <span class='ocrx_word' id='word_1_152' title='bbox 1264 2519 1278 2553; x_wconf 75' lang='grc' dir='ltr'><strong><em>ε</em></strong></span> <span class='ocrx_word' id='word_1_153' title='bbox 1294 2502 1429 2570; x_wconf 69' lang='grc' dir='ltr'><strong>φύσει</strong></span> <span class='ocrx_word' id='word_1_154' title='bbox 1445 2502 1501 2553; x_wconf 77' lang='grc' dir='ltr'><strong>τὸ</strong></span> <span class='ocrx_word' id='word_1_155' title='bbox 1520 2497 1709 2552; x_wconf 68' lang='grc' dir='ltr'><strong>δίκαιον</strong></span> 
     </span>
     <span class='ocr_line' id='line_1_25' title="bbox 684 2577 1710 2650; baseline -0.003 -17"><span class='ocrx_word' id='word_1_156' title='bbox 684 2577 802 2635; x_wconf 69' lang='lat' dir='ltr'><strong>eim</strong></span> <span class='ocrx_word' id='word_1_157' title='bbox 817 2620 831 2643; x_wconf 94' lang='lat'><strong>‚</strong></span> <span class='ocrx_word' id='word_1_158' title='bbox 854 2580 938 2633; x_wconf 71' lang='grc' dir='ltr'><strong>καὶ</strong></span> <span class='ocrx_word' id='word_1_159' title='bbox 961 2582 1028 2650; x_wconf 74' lang='grc' dir='ltr'><strong>μὴ</strong></span> <span class='ocrx_word' id='word_1_160' title='bbox 1052 2580 1190 2632; x_wconf 64' lang='lat' dir='ltr'><strong>occat.</strong></span> <span class='ocrx_word' id='word_1_161' title='bbox 1213 2585 1280 2630; x_wconf 77' lang='lat' dir='ltr'><strong>At</strong></span> <span class='ocrx_word' id='word_1_162' title='bbox 1302 2583 1408 2631; x_wconf 73' lang='lat' dir='ltr'><strong>baee</strong></span> <span class='ocrx_word' id='word_1_163' title='bbox 1435 2582 1710 2630; x_wconf 83' lang='lat' dir='ltr'><strong>distinetio-</strong></span> 
     </span>
     <span class='ocr_line' id='line_1_26' title="bbox 683 2660 1711 2725; baseline -0.005 -13"><span class='ocrx_word' id='word_1_164' title='bbox 683 2665 760 2712; x_wconf 68' lang='grc' dir='ltr'><strong>ιώ</strong></span> <span class='ocrx_word' id='word_1_165' title='bbox 778 2678 919 2710; x_wconf 83' lang='lat' dir='ltr'><strong>eausa</strong></span> <span class='ocrx_word' id='word_1_166' title='bbox 937 2660 1317 2709; x_wconf 75' lang='lat' dir='ltr'><strong>dicuntur.Vide</strong></span> <span class='ocrx_word' id='word_1_167' title='bbox 1333 2660 1458 2710; x_wconf 93' lang='lat' dir='ltr'><strong>libb.</strong></span> <span class='ocrx_word' id='word_1_168' title='bbox 1479 2660 1542 2709; x_wconf 89' lang='lat' dir='ltr'><strong>de</strong></span> <span class='ocrx_word' id='word_1_169' title='bbox 1563 2662 1711 2725; x_wconf 76' lang='lat' dir='ltr'><strong>Legg.</strong></span> 
     </span>
     <span class='ocr_line' id='line_1_27' title="bbox 682 2739 1709 2803; baseline -0.004 -13"><span class='ocrx_word' id='word_1_170' title='bbox 682 2745 734 2803; x_wconf 89' lang='lat'><strong>1,</strong></span> <span class='ocrx_word' id='word_1_171' title='bbox 757 2755 849 2800; x_wconf 72' lang='grc' dir='ltr'><strong>η,</strong></span> <span class='ocrx_word' id='word_1_172' title='bbox 870 2742 935 2788; x_wconf 82' lang='grc'><strong>33</strong></span> <span class='ocrx_word' id='word_1_173' title='bbox 953 2772 969 2798; x_wconf 84' lang='grc'><em>,</em></span> <span class='ocrx_word' id='word_1_174' title='bbox 989 2740 1111 2800; x_wconf 76' lang='lat' dir='ltr'><strong>«jus</strong></span> <span class='ocrx_word' id='word_1_175' title='bbox 1132 2739 1269 2803; x_wconf 86' lang='lat' dir='ltr'><strong>quod</strong></span> <span class='ocrx_word' id='word_1_176' title='bbox 1287 2739 1472 2800; x_wconf 80' lang='lat' dir='ltr'><strong>dicam,</strong></span> <span class='ocrx_word' id='word_1_177' title='bbox 1491 2749 1709 2787; x_wconf 88' lang='lat' dir='ltr'><strong>naturam</strong></span> 
     </span>
     <span class='ocr_line' id='line_1_28' title="bbox 682 2808 1712 2883; baseline -0.004 -14"><span class='ocrx_word' id='word_1_178' title='bbox 682 2837 785 2869; x_wconf 88' lang='lat' dir='ltr'><strong>esse</strong></span> <span class='ocrx_word' id='word_1_179' title='bbox 803 2842 846 2866; x_wconf 76' lang='grc' dir='ltr'><strong>ιι.</strong></span> <span class='ocrx_word' id='word_1_180' title='bbox 901 2819 1212 2883; x_wconf 69' lang='lat' dir='ltr'><strong>Chrysippus</strong></span> <span class='ocrx_word' id='word_1_181' title='bbox 1264 2808 1421 2865; x_wconf 71' lang='lat' dir='ltr'><strong>Deum</strong></span> <span class='ocrx_word' id='word_1_182' title='bbox 1469 2834 1712 2866; x_wconf 86' lang='lat' dir='ltr'><strong>summum</strong></span> 
     </span>
     <span class='ocr_line' id='line_1_29' title="bbox 682 2889 1709 2960; baseline -0.007 -10"><span class='ocrx_word' id='word_1_183' title='bbox 682 2897 861 2950; x_wconf 71' lang='grc' dir='ltr'>κανόνα</span> <span class='ocrx_word' id='word_1_184' title='bbox 879 2891 1083 2947; x_wconf 72' lang='grc' dir='ltr'><strong>δικαίων</strong></span> <span class='ocrx_word' id='word_1_185' title='bbox 1098 2892 1183 2944; x_wconf 73' lang='grc' dir='ltr'><strong>καὶ</strong></span> <span class='ocrx_word' id='word_1_186' title='bbox 1204 2889 1391 2945; x_wconf 72' lang='grc' dir='ltr'>ἀδίκων</span> <span class='ocrx_word' id='word_1_187' title='bbox 1405 2893 1709 2960; x_wconf 70' lang='lat' dir='ltr'><strong>appellabat3</strong></span> 
     </span>
     <span class='ocr_line' id='line_1_30' title="bbox 682 2973 1709 3043; baseline -0.004 -17"><span class='ocrx_word' id='word_1_188' title='bbox 682 2979 746 3027; x_wconf 82' lang='lat' dir='ltr'><strong>ef.</strong></span> <span class='ocrx_word' id='word_1_189' title='bbox 787 2978 978 3043; x_wconf 75' lang='lat' dir='ltr'><strong>Digest.</strong></span> <span class='ocrx_word' id='word_1_190' title='bbox 1021 2979 1074 3033; x_wconf 91' lang='lat'><strong>1,</strong></span> <span class='ocrx_word' id='word_1_191' title='bbox 1112 2976 1189 3023; x_wconf 88' lang='lat' dir='ltr'><strong>tit.</strong></span> <span class='ocrx_word' id='word_1_192' title='bbox 1219 2975 1247 3023; x_wconf 79' lang='lat'><strong>3</strong></span> <span class='ocrx_word' id='word_1_193' title='bbox 1270 3008 1288 3036; x_wconf 85' lang='lat'><strong>,</strong></span> <span class='ocrx_word' id='word_1_194' title='bbox 1328 2973 1363 3022; x_wconf 92' lang='lat' dir='ltr'><strong>l.</strong></span> <span class='ocrx_word' id='word_1_195' title='bbox 1395 2989 1445 3023; x_wconf 63' lang='grc' dir='ltr'><strong>α.</strong></span> <span class='ocrx_word' id='word_1_196' title='bbox 1475 2973 1709 3022; x_wconf 82' lang='lat' dir='ltr'><strong>Naturam</strong></span> 
     </span>
     <span class='ocr_line' id='line_1_31' title="bbox 681 3052 1710 3108; baseline -0.003 -2"><span class='ocrx_word' id='word_1_197' title='bbox 681 3071 843 3108; x_wconf 89' lang='lat' dir='ltr'><strong>autem</strong></span> <span class='ocrx_word' id='word_1_198' title='bbox 861 3068 911 3107; x_wconf 89' lang='lat' dir='ltr'><strong>et</strong></span> <span class='ocrx_word' id='word_1_199' title='bbox 930 3057 1076 3105; x_wconf 88' lang='lat' dir='ltr'><strong>deum</strong></span> <span class='ocrx_word' id='word_1_200' title='bbox 1099 3056 1253 3104; x_wconf 87' lang='lat' dir='ltr'><strong>Stoiei</strong></span> <span class='ocrx_word' id='word_1_201' title='bbox 1268 3053 1398 3102; x_wconf 86' lang='lat' dir='ltr'><strong>idem</strong></span> <span class='ocrx_word' id='word_1_202' title='bbox 1415 3052 1710 3104; x_wconf 71' lang='lat' dir='ltr'><strong>statuebant.</strong></span> 
     </span>
    </p>

    <p class='ocr_par' dir='ltr' id='par_1_7' title="bbox 670 3131 1716 3671">
     <span class='ocr_line' id='line_1_32' title="bbox 759 3131 1716 3199; baseline -0.007 -12"><span class='ocrx_word' id='word_1_203' title='bbox 759 3138 839 3187; x_wconf 86' lang='lat'><strong>15.</strong></span> <span class='ocrx_word' id='word_1_204' title='bbox 867 3135 1158 3186; x_wconf 74' lang='lat' dir='ltr'><strong>eomooim</strong></span> <span class='ocrx_word' id='word_1_205' title='bbox 1171 3167 1189 3195; x_wconf 86' lang='lat'><strong>,</strong></span> <span class='ocrx_word' id='word_1_206' title='bbox 1211 3144 1302 3183; x_wconf 76' lang='lat' dir='ltr'><strong>aut</strong></span> <span class='ocrx_word' id='word_1_207' title='bbox 1325 3132 1625 3199; x_wconf 71' lang='lat' dir='ltr'><strong>eonjungere</strong></span> <span class='ocrx_word' id='word_1_208' title='bbox 1640 3131 1716 3181; x_wconf 79' lang='lat' dir='ltr'><strong>in-</strong></span> 
     </span>
     <span class='ocr_line' id='line_1_33' title="bbox 670 3213 1713 3282; baseline -0.003 -19"><span class='ocrx_word' id='word_1_209' title='bbox 670 3215 879 3282; x_wconf 79' lang='lat' dir='ltr'><strong>jure&#39;am.</strong></span> <span class='ocrx_word' id='word_1_210' title='bbox 915 3219 1018 3265; x_wconf 86' lang='lat' dir='ltr'><strong>Int.</strong></span> <span class='ocrx_word' id='word_1_211' title='bbox 1046 3215 1099 3262; x_wconf 91' lang='lat' dir='ltr'><strong>iu</strong></span> <span class='ocrx_word' id='word_1_212' title='bbox 1133 3213 1397 3277; x_wconf 77' lang='lat' dir='ltr'><strong>peruieiem</strong></span> <span class='ocrx_word' id='word_1_213' title='bbox 1425 3214 1713 3277; x_wconf 80' lang='lat' dir='ltr'><strong>cujusquam</strong></span> 
     </span>
     <span class='ocr_line' id='line_1_34' title="bbox 684 3292 1714 3357; baseline -0.004 -13"><span class='ocrx_word' id='word_1_214' title='bbox 684 3297 937 3357; x_wconf 82' lang='lat' dir='ltr'><strong>conjurare</strong></span> <span class='ocrx_word' id='word_1_215' title='bbox 967 3308 981 3344; x_wconf 71' lang='grc' dir='ltr'><strong>ε</strong></span> <span class='ocrx_word' id='word_1_216' title='bbox 1006 3293 1189 3342; x_wconf 87' lang='lat' dir='ltr'><strong>nullius</strong></span> <span class='ocrx_word' id='word_1_217' title='bbox 1205 3294 1447 3340; x_wconf 85' lang='lat' dir='ltr'><strong>societatis</strong></span> <span class='ocrx_word' id='word_1_218' title='bbox 1470 3292 1584 3341; x_wconf 79' lang='lat' dir='ltr'><strong>finis</strong></span> <span class='ocrx_word' id='word_1_219' title='bbox 1611 3308 1714 3341; x_wconf 85' lang='lat' dir='ltr'><strong>esse</strong></span> 
     </span>
     <span class='ocr_line' id='line_1_35' title="bbox 681 3371 1716 3435; baseline -0.002 -13"><span class='ocrx_word' id='word_1_220' title='bbox 681 3374 856 3435; x_wconf 82' lang='lat' dir='ltr'><strong>debet,</strong></span> <span class='ocrx_word' id='word_1_221' title='bbox 908 3384 964 3422; x_wconf 87' lang='lat' dir='ltr'><strong>ut</strong></span> <span class='ocrx_word' id='word_1_222' title='bbox 1010 3380 1203 3420; x_wconf 80' lang='lat' dir='ltr'><strong>noceat.</strong></span> <span class='ocrx_word' id='word_1_223' title='bbox 1253 3373 1469 3435; x_wconf 81' lang='lat' dir='ltr'><strong>Longius</strong></span> <span class='ocrx_word' id='word_1_224' title='bbox 1518 3371 1716 3421; x_wconf 81' lang='lat' dir='ltr'><strong>disserit</strong></span> 
     </span>
     <span class='ocr_line' id='line_1_36' title="bbox 684 3448 1714 3513; baseline -0.004 -11"><span class='ocrx_word' id='word_1_225' title='bbox 684 3454 884 3512; x_wconf 73' lang='lat' dir='ltr'><strong>Noster,</strong></span> <span class='ocrx_word' id='word_1_226' title='bbox 903 3450 1049 3501; x_wconf 77' lang='lat' dir='ltr'><strong>offic.</strong></span> <span class='ocrx_word' id='word_1_227' title='bbox 1070 3454 1092 3498; x_wconf 91' lang='lat'>1</span> <span class='ocrx_word' id='word_1_228' title='bbox 1106 3483 1122 3507; x_wconf 84' lang='lat'>,</span> <span class='ocrx_word' id='word_1_229' title='bbox 1146 3448 1235 3499; x_wconf 79' lang='lat' dir='ltr'><strong>fin.</strong></span> <span class='ocrx_word' id='word_1_230' title='bbox 1256 3450 1378 3513; x_wconf 86' lang='lat' dir='ltr'><strong>quid</strong></span> <span class='ocrx_word' id='word_1_231' title='bbox 1397 3452 1566 3499; x_wconf 83' lang='lat' dir='ltr'><strong>amieis</strong></span> <span class='ocrx_word' id='word_1_232' title='bbox 1590 3467 1714 3501; x_wconf 81' lang='lat' dir='ltr'><strong>eon-</strong></span> 
     </span>
     <span class='ocr_line' id='line_1_37' title="bbox 684 3527 1714 3592; baseline -0.003 -12"><span class='ocrx_word' id='word_1_233' title='bbox 684 3530 987 3587; x_wconf 81' lang='lat' dir='ltr'><strong>cedendum,</strong></span> <span class='ocrx_word' id='word_1_234' title='bbox 1027 3527 1148 3592; x_wconf 85' lang='lat' dir='ltr'><strong>quid</strong></span> <span class='ocrx_word' id='word_1_235' title='bbox 1196 3527 1473 3592; x_wconf 73' lang='lat' dir='ltr'><strong>negandum</strong></span> <span class='ocrx_word' id='word_1_236' title='bbox 1519 3531 1616 3591; x_wconf 85' lang='lat' dir='ltr'><strong>sit,</strong></span> <span class='ocrx_word' id='word_1_237' title='bbox 1659 3531 1714 3577; x_wconf 89' lang='lat' dir='ltr'><strong>iu</strong></span> 
     </span>
     <span class='ocr_line' id='line_1_38' title="bbox 684 3606 1606 3671; baseline 0 -14"><span class='ocrx_word' id='word_1_238' title='bbox 684 3609 783 3657; x_wconf 82' lang='lat' dir='ltr'><strong>boe</strong></span> <span class='ocrx_word' id='word_1_239' title='bbox 819 3609 1013 3657; x_wconf 83' lang='lat' dir='ltr'><strong>bonesti</strong></span> <span class='ocrx_word' id='word_1_240' title='bbox 1040 3606 1205 3671; x_wconf 76' lang='lat' dir='ltr'><strong>regula</strong></span> <span class='ocrx_word' id='word_1_241' title='bbox 1232 3609 1501 3657; x_wconf 78' lang='lat' dir='ltr'><strong>constituta</strong></span> <span class='ocrx_word' id='word_1_242' title='bbox 1524 3609 1606 3657; x_wconf 82' lang='lat' dir='ltr'><strong>sit.</strong></span> 
     </span>
    </p>

    <p class='ocr_par' dir='ltr' id='par_1_8' title="bbox 681 3689 1715 4144">
     <span class='ocr_line' id='line_1_39' title="bbox 761 3689 1715 3752; baseline -0.001 -17"><span class='ocrx_word' id='word_1_243' title='bbox 761 3689 841 3737; x_wconf 78' lang='grc' dir='ltr'><strong>ιδ.</strong></span> <span class='ocrx_word' id='word_1_244' title='bbox 868 3689 973 3736; x_wconf 82' lang='lat' dir='ltr'><strong>Nee</strong></span> <span class='ocrx_word' id='word_1_245' title='bbox 999 3702 1123 3734; x_wconf 76' lang='lat' dir='ltr'><strong>vero</strong></span> <span class='ocrx_word' id='word_1_246' title='bbox 1151 3698 1338 3735; x_wconf 79' lang='lat' dir='ltr'><strong>rectum</strong></span> <span class='ocrx_word' id='word_1_247' title='bbox 1366 3698 1439 3735; x_wconf 80' lang='lat' dir='ltr'><strong>est</strong></span> <span class='ocrx_word' id='word_1_248' title='bbox 1475 3722 1490 3736; x_wconf 87' lang='lat'><strong>.</strong></span> <span class='ocrx_word' id='word_1_249' title='bbox 1511 3723 1524 3736; x_wconf 92' lang='lat'><strong>.</strong></span> <span class='ocrx_word' id='word_1_250' title='bbox 1546 3722 1560 3736; x_wconf 89' lang='lat'><strong>.</strong></span> <span class='ocrx_word' id='word_1_251' title='bbox 1596 3703 1715 3752; x_wconf 77' lang='lat' dir='ltr'><strong>gra·</strong></span> 
     </span>
     <span class='ocr_line' id='line_1_40' title="bbox 684 3765 1714 3832; baseline -0.002 -16"><span class='ocrx_word' id='word_1_252' title='bbox 684 3766 984 3832; x_wconf 75' lang='lat' dir='ltr'><strong>vissimeque.</strong></span> <span class='ocrx_word' id='word_1_253' title='bbox 1008 3768 1127 3815; x_wconf 74' lang='lat' dir='ltr'><strong>Haec</strong></span> <span class='ocrx_word' id='word_1_254' title='bbox 1154 3765 1316 3815; x_wconf 81' lang='lat' dir='ltr'><strong>valent</strong></span> <span class='ocrx_word' id='word_1_255' title='bbox 1333 3799 1350 3826; x_wconf 88' lang='lat'><em>,</em></span> <span class='ocrx_word' id='word_1_256' title='bbox 1382 3787 1404 3809; x_wconf 82' lang='grc' dir='ltr'><strong>ιι</strong></span> <span class='ocrx_word' id='word_1_257' title='bbox 1427 3782 1587 3831; x_wconf 85' lang='lat' dir='ltr'><strong>neque</strong></span> <span class='ocrx_word' id='word_1_258' title='bbox 1598 3782 1714 3814; x_wconf 85' lang='lat' dir='ltr'><strong>sane</strong></span> 
     </span>
     <span class='ocr_line' id='line_1_41' title="bbox 686 3844 1712 3895; baseline -0.002 0"><span class='ocrx_word' id='word_1_259' title='bbox 686 3845 1119 3895; x_wconf 85' lang='lat' dir='ltr'><strong>tumboereetum</strong></span> <span class='ocrx_word' id='word_1_260' title='bbox 1158 3855 1232 3893; x_wconf 83' lang='lat' dir='ltr'><strong>est</strong></span> <span class='ocrx_word' id='word_1_261' title='bbox 1393 3844 1712 3893; x_wconf 86' lang='lat' dir='ltr'><strong>sedomuino</strong></span> 
     </span>
     <span class='ocr_line' id='line_1_42' title="bbox 684 3923 1711 3990; baseline -0.003 -17"><span class='ocrx_word' id='word_1_262' title='bbox 684 3925 888 3990; x_wconf 76' lang='lat' dir='ltr'><strong>gmviss.</strong></span> <span class='ocrx_word' id='word_1_263' title='bbox 916 3946 942 3966; x_wconf 78' lang='grc' dir='ltr'><strong>ι·</strong></span> <span class='ocrx_word' id='word_1_264' title='bbox 965 3923 1155 3973; x_wconf 81' lang='lat' dir='ltr'><strong>Deinde</strong></span> <span class='ocrx_word' id='word_1_265' title='bbox 1185 3923 1316 3972; x_wconf 85' lang='lat' dir='ltr'><strong>inter</strong></span> <span class='ocrx_word' id='word_1_266' title='bbox 1348 3924 1455 3972; x_wconf 69' lang='lat' dir='ltr'><strong>hee</strong></span> <span class='ocrx_word' id='word_1_267' title='bbox 1482 3939 1575 3988; x_wconf 81' lang='lat' dir='ltr'><strong>pro</strong></span> <span class='ocrx_word' id='word_1_268' title='bbox 1596 3938 1711 3971; x_wconf 78' lang='lat' dir='ltr'><strong>con·</strong></span> 
     </span>
     <span class='ocr_line' id='line_1_43' title="bbox 684 3996 1713 4068; baseline -0.005 -15"><span class='ocrx_word' id='word_1_269' title='bbox 684 4005 872 4054; x_wconf 62' lang='lat' dir='ltr'><strong>socia-e</strong></span> <span class='ocrx_word' id='word_1_270' title='bbox 897 4004 1023 4068; x_wconf 85' lang='lat' dir='ltr'><strong>Spir.</strong></span> <span class='ocrx_word' id='word_1_271' title='bbox 1053 4002 1152 4051; x_wconf 85' lang='lat' dir='ltr'><strong>Erl.</strong></span> <span class='ocrx_word' id='word_1_272' title='bbox 1177 4002 1235 4050; x_wconf 78' lang='lat' dir='ltr'><strong>E.</strong></span> <span class='ocrx_word' id='word_1_273' title='bbox 1265 4012 1312 4050; x_wconf 85' lang='lat' dir='ltr'><strong>et</strong></span> <span class='ocrx_word' id='word_1_274' title='bbox 1339 3996 1381 4059; x_wconf 80' lang='grc' dir='ltr'><strong>ξ.</strong></span> <span class='ocrx_word' id='word_1_275' title='bbox 1404 4001 1613 4065; x_wconf 79' lang='lat' dir='ltr'><strong>simplex</strong></span> <span class='ocrx_word' id='word_1_276' title='bbox 1630 4017 1713 4048; x_wconf 80' lang='lat' dir='ltr'><strong>so-</strong></span> 
     </span>
     <span class='ocr_line' id='line_1_44' title="bbox 681 4079 1712 4144; baseline -0.003 -14"><span class='ocrx_word' id='word_1_277' title='bbox 681 4084 832 4132; x_wconf 76' lang='lat' dir='ltr'><strong>ciare.</strong></span> <span class='ocrx_word' id='word_1_278' title='bbox 878 4084 1021 4131; x_wconf 79' lang='lat' dir='ltr'><strong>More</strong></span> <span class='ocrx_word' id='word_1_279' title='bbox 1058 4080 1325 4129; x_wconf 78' lang='lat' dir='ltr'><strong>scribarum</strong></span> <span class='ocrx_word' id='word_1_280' title='bbox 1371 4096 1545 4144; x_wconf 80' lang='lat' dir='ltr'><strong>nempe</strong></span> <span class='ocrx_word' id='word_1_281' title='bbox 1564 4114 1579 4139; x_wconf 87' lang='lat'>,</span> <span class='ocrx_word' id='word_1_282' title='bbox 1626 4079 1712 4143; x_wconf 89' lang='lat' dir='ltr'><strong>qui</strong></span> 
     </span>
    </p>
   </div>
   <div class='ocr_carea' id='block_1_6' title="bbox 1791 1789 2825 2491">
    <p class='ocr_par' dir='ltr' id='par_1_9' title="bbox 1791 1789 2822 2414">
     <span class='ocr_line' id='line_1_45' title="bbox 1791 1789 2820 1858; baseline 0.008 -20"><span class='ocrx_word' id='word_1_283' title='bbox 1791 1789 1984 1839; x_wconf 83' lang='lat' dir='ltr'><strong>easdem</strong></span> <span class='ocrx_word' id='word_1_284' title='bbox 2004 1805 2237 1857; x_wconf 72' lang='lat' dir='ltr'><strong>proeposs.</strong></span> <span class='ocrx_word' id='word_1_285' title='bbox 2262 1793 2315 1842; x_wconf 87' lang='lat' dir='ltr'><strong>iu</strong></span> <span class='ocrx_word' id='word_1_286' title='bbox 2336 1794 2496 1843; x_wconf 78' lang='lat' dir='ltr'><strong>verbis</strong></span> <span class='ocrx_word' id='word_1_287' title='bbox 2513 1807 2597 1844; x_wconf 87' lang='lat' dir='ltr'><strong>aut</strong></span> <span class='ocrx_word' id='word_1_288' title='bbox 2620 1796 2820 1858; x_wconf 76' lang='lat' dir='ltr'><strong>adjecti-</strong></span> 
     </span>
     <span class='ocr_line' id='line_1_46' title="bbox 1795 1868 2817 1926; baseline 0.01 -10"><span class='ocrx_word' id='word_1_289' title='bbox 1795 1868 1870 1916; x_wconf 86' lang='lat' dir='ltr'><strong>via</strong></span> <span class='ocrx_word' id='word_1_290' title='bbox 1911 1882 2214 1920; x_wconf 78' lang='lat' dir='ltr'><strong>recurrentes</strong></span> <span class='ocrx_word' id='word_1_291' title='bbox 2250 1872 2452 1922; x_wconf 82' lang='lat' dir='ltr'><strong>moleste</strong></span> <span class='ocrx_word' id='word_1_292' title='bbox 2485 1875 2662 1925; x_wconf 80' lang='lat' dir='ltr'><strong>serunt.</strong></span> <span class='ocrx_word' id='word_1_293' title='bbox 2691 1876 2817 1926; x_wconf 82' lang='lat' dir='ltr'><strong>Vide</strong></span> 
     </span>
     <span class='ocr_line' id='line_1_47' title="bbox 1796 1950 2819 2020; baseline 0.01 -25"><span class='ocrx_word' id='word_1_294' title='bbox 1796 1961 1866 1995; x_wconf 71' lang='lat' dir='ltr'><strong>ao</strong></span> <span class='ocrx_word' id='word_1_295' title='bbox 1880 1982 1897 2009; x_wconf 89' lang='lat'><em>,</em></span> <span class='ocrx_word' id='word_1_296' title='bbox 1936 1950 2005 1999; x_wconf 81' lang='grc'><strong>66</strong></span> <span class='ocrx_word' id='word_1_297' title='bbox 2025 1984 2044 2012; x_wconf 83' lang='grc'>,</span> <span class='ocrx_word' id='word_1_298' title='bbox 2089 1974 2116 1993; x_wconf 72' lang='grc' dir='ltr'><strong><em>α</em></strong></span> <span class='ocrx_word' id='word_1_299' title='bbox 2159 1954 2410 2014; x_wconf 75' lang='lat' dir='ltr'><strong>conjuncti</strong></span> <span class='ocrx_word' id='word_1_300' title='bbox 2454 1956 2819 2020; x_wconf 76' lang='lat' dir='ltr'><strong>consociatique</strong></span> 
     </span>
     <span class='ocr_line' id='line_1_48' title="bbox 1796 2031 2818 2101; baseline 0.008 -25"><span class='ocrx_word' id='word_1_301' title='bbox 1796 2044 2029 2090; x_wconf 75' lang='lat' dir='ltr'><strong>sumus»,</strong></span> <span class='ocrx_word' id='word_1_302' title='bbox 2061 2031 2148 2080; x_wconf 90' lang='lat' dir='ltr'><strong>ubi</strong></span> <span class='ocrx_word' id='word_1_303' title='bbox 2159 2032 2308 2081; x_wconf 87' lang='lat' dir='ltr'><strong>iidem</strong></span> <span class='ocrx_word' id='word_1_304' title='bbox 2330 2033 2383 2082; x_wconf 86' lang='lat' dir='ltr'><strong>hi</strong></span> <span class='ocrx_word' id='word_1_305' title='bbox 2405 2035 2818 2101; x_wconf 64' lang='lat' dir='ltr'><strong>oxonn.soee·aei.</strong></span> 
     </span>
     <span class='ocr_line' id='line_1_49' title="bbox 1797 2107 2821 2171; baseline 0.009 -16"><span class='ocrx_word' id='word_1_306' title='bbox 1797 2107 1915 2157; x_wconf 85' lang='lat' dir='ltr'><strong>Nat.</strong></span> <span class='ocrx_word' id='word_1_307' title='bbox 1961 2111 2111 2158; x_wconf 89' lang='lat' dir='ltr'><strong>Deor.</strong></span> <span class='ocrx_word' id='word_1_308' title='bbox 2138 2112 2215 2170; x_wconf 90' lang='lat'><strong>11,</strong></span> <span class='ocrx_word' id='word_1_309' title='bbox 2258 2113 2355 2171; x_wconf 83' lang='grc'><strong>63,</strong></span> <span class='ocrx_word' id='word_1_310' title='bbox 2401 2113 2496 2161; x_wconf 79' lang='lat'><strong>158</strong></span> <span class='ocrx_word' id='word_1_311' title='bbox 2527 2130 2540 2161; x_wconf 70' lang='grc' dir='ltr'><strong>ε</strong></span> <span class='ocrx_word' id='word_1_312' title='bbox 2574 2135 2597 2157; x_wconf 75' lang='grc' dir='ltr'>ι</span> <span class='ocrx_word' id='word_1_313' title='bbox 2631 2115 2726 2162; x_wconf 83' lang='lat' dir='ltr'><strong>nisi</strong></span> <span class='ocrx_word' id='word_1_314' title='bbox 2763 2125 2821 2164; x_wconf 88' lang='lat' dir='ltr'><strong>ut</strong></span> 
     </span>
     <span class='ocr_line' id='line_1_50' title="bbox 1796 2187 2822 2256; baseline 0.01 -23"><span class='ocrx_word' id='word_1_315' title='bbox 1796 2201 1964 2235; x_wconf 86' lang='lat' dir='ltr'><strong>earum</strong></span> <span class='ocrx_word' id='word_1_316' title='bbox 1981 2187 2179 2250; x_wconf 82' lang='lat' dir='ltr'><strong>(ovium</strong></span> <span class='ocrx_word' id='word_1_317' title='bbox 2193 2190 2215 2256; x_wconf 93' lang='lat'><strong>)</strong></span> <span class='ocrx_word' id='word_1_318' title='bbox 2229 2189 2357 2238; x_wconf 80' lang='lat' dir='ltr'><strong>villis</strong></span> <span class='ocrx_word' id='word_1_319' title='bbox 2373 2192 2613 2241; x_wconf 78' lang='lat' dir='ltr'><strong>confectis</strong></span> <span class='ocrx_word' id='word_1_320' title='bbox 2631 2203 2682 2241; x_wconf 85' lang='lat' dir='ltr'><strong>et</strong></span> <span class='ocrx_word' id='word_1_321' title='bbox 2700 2209 2822 2242; x_wconf 83' lang='lat' dir='ltr'><strong>eon-</strong></span> 
     </span>
     <span class='ocr_line' id='line_1_51' title="bbox 1797 2266 2819 2321; baseline 0.008 -8"><span class='ocrx_word' id='word_1_322' title='bbox 1797 2266 1946 2314; x_wconf 78' lang='lat' dir='ltr'><strong>textia</strong></span> <span class='ocrx_word' id='word_1_323' title='bbox 1972 2266 2196 2316; x_wconf 82' lang='lat' dir='ltr'><strong>homines</strong></span> <span class='ocrx_word' id='word_1_324' title='bbox 2221 2269 2549 2318; x_wconf 75' lang='lat' dir='ltr'><strong>vestiantur».</strong></span> <span class='ocrx_word' id='word_1_325' title='bbox 2577 2271 2680 2320; x_wconf 87' lang='lat' dir='ltr'><strong>Ubi</strong></span> <span class='ocrx_word' id='word_1_326' title='bbox 2703 2273 2819 2321; x_wconf 84' lang='lat' dir='ltr'><strong>item</strong></span> 
     </span>
     <span class='ocr_line' id='line_1_52' title="bbox 1797 2342 2821 2414; baseline 0.01 -24"><span class='ocrx_word' id='word_1_327' title='bbox 1797 2342 1963 2408; x_wconf 87' lang='lat' dir='ltr'><strong>plures</strong></span> <span class='ocrx_word' id='word_1_328' title='bbox 1980 2347 2148 2410; x_wconf 81' lang='lat' dir='ltr'><strong>scripti</strong></span> <span class='ocrx_word' id='word_1_329' title='bbox 2163 2346 2327 2396; x_wconf 75' lang='lat' dir='ltr'><strong>textis.</strong></span> <span class='ocrx_word' id='word_1_330' title='bbox 2341 2349 2416 2397; x_wconf 77' lang='lat' dir='ltr'><strong>cf.</strong></span> <span class='ocrx_word' id='word_1_331' title='bbox 2435 2365 2544 2414; x_wconf 86' lang='lat' dir='ltr'><strong>sup.</strong></span> <span class='ocrx_word' id='word_1_332' title='bbox 2566 2366 2646 2409; x_wconf 83' lang='lat' dir='ltr'><strong>to,</strong></span> <span class='ocrx_word' id='word_1_333' title='bbox 2658 2351 2821 2401; x_wconf 77' lang='lat' dir='ltr'><strong>33.G.</strong></span> 
     </span>
    </p>

    <p class='ocr_par' dir='ltr' id='par_1_10' title="bbox 1875 2425 2825 2491">
     <span class='ocr_line' id='line_1_53' title="bbox 1875 2425 2825 2491; baseline 0.009 -21"><span class='ocrx_word' id='word_1_334' title='bbox 1875 2437 1897 2469; x_wconf 84' lang='lat'>1</span> <span class='ocrx_word' id='word_1_335' title='bbox 1909 2439 1959 2485; x_wconf 80' lang='lat'><strong>7.</strong></span> <span class='ocrx_word' id='word_1_336' title='bbox 1979 2425 2487 2491; x_wconf 70' lang='lat' dir='ltr'><strong>AEquumjuswmqoee</strong></span> <span class='ocrx_word' id='word_1_337' title='bbox 2501 2441 2644 2477; x_wconf 75' lang='lat' dir='ltr'><strong>esset.</strong></span> <span class='ocrx_word' id='word_1_338' title='bbox 2669 2430 2825 2479; x_wconf 81' lang='lat' dir='ltr'><strong>Notat</strong></span> 
     </span>
    </p>
   </div>
   <div class='ocr_carea' id='block_1_7' title="bbox 1763 2500 2822 2571">
    <p class='ocr_par' dir='ltr' id='par_1_11' title="bbox 1763 2500 2822 2571">
     <span class='ocr_line' id='line_1_54' title="bbox 1763 2500 2822 2571; baseline 0.008 -24"><span class='ocrx_word' id='word_1_339' title='bbox 1763 2554 1772 2565; x_wconf 39' lang='lat'><strong>¹</strong></span> <span class='ocrx_word' id='word_1_340' title='bbox 1799 2500 1957 2550; x_wconf 84' lang='lat' dir='ltr'><strong>Brem.</strong></span> <span class='ocrx_word' id='word_1_341' title='bbox 1979 2503 2208 2565; x_wconf 74' lang='lat' dir='ltr'><strong>syntaxin</strong></span> <span class='ocrx_word' id='word_1_342' title='bbox 2223 2503 2287 2551; x_wconf 78' lang='lat' dir='ltr'><strong>sit</strong></span> <span class='ocrx_word' id='word_1_343' title='bbox 2301 2504 2579 2568; x_wconf 83' lang='lat' dir='ltr'><strong>postulare:</strong></span> <span class='ocrx_word' id='word_1_344' title='bbox 2604 2507 2738 2571; x_wconf 85' lang='lat' dir='ltr'><strong>quod</strong></span> <span class='ocrx_word' id='word_1_345' title='bbox 2755 2506 2822 2555; x_wconf 87' lang='lat' dir='ltr'><strong>de</strong></span> 
     </span>
    </p>
   </div>
   <div class='ocr_carea' id='block_1_8' title="bbox 1798 2578 2826 3356">
    <p class='ocr_par' dir='ltr' id='par_1_12' title="bbox 1798 2578 2826 3356">
     <span class='ocr_line' id='line_1_55' title="bbox 1799 2578 2820 2633; baseline 0.007 -8"><span class='ocrx_word' id='word_1_346' title='bbox 1799 2594 1854 2625; x_wconf 88' lang='lat' dir='ltr'><strong>ea</strong></span> <span class='ocrx_word' id='word_1_347' title='bbox 1883 2578 2133 2627; x_wconf 78' lang='lat' dir='ltr'><strong>Ciceronis</strong></span> <span class='ocrx_word' id='word_1_348' title='bbox 2170 2581 2235 2629; x_wconf 88' lang='lat' dir='ltr'><strong>ad</strong></span> <span class='ocrx_word' id='word_1_349' title='bbox 2273 2582 2405 2630; x_wconf 86' lang='lat' dir='ltr'><strong>hune</strong></span> <span class='ocrx_word' id='word_1_350' title='bbox 2441 2581 2603 2632; x_wconf 78' lang='lat' dir='ltr'><strong>locum</strong></span> <span class='ocrx_word' id='word_1_351' title='bbox 2639 2600 2820 2633; x_wconf 80' lang='lat' dir='ltr'><strong>conee-</strong></span> 
     </span>
     <span class='ocr_line' id='line_1_56' title="bbox 1801 2655 2820 2726; baseline 0.009 -24"><span class='ocrx_word' id='word_1_352' title='bbox 1801 2655 1917 2704; x_wconf 87' lang='lat' dir='ltr'><strong>dere</strong></span> <span class='ocrx_word' id='word_1_353' title='bbox 1939 2671 2042 2703; x_wconf 84' lang='lat' dir='ltr'><strong>non</strong></span> <span class='ocrx_word' id='word_1_354' title='bbox 2064 2657 2204 2717; x_wconf 78' lang='lat' dir='ltr'><strong>lieet3</strong></span> <span class='ocrx_word' id='word_1_355' title='bbox 2221 2660 2405 2725; x_wconf 82' lang='lat' dir='ltr'><strong>quippe</strong></span> <span class='ocrx_word' id='word_1_356' title='bbox 2422 2661 2508 2726; x_wconf 85' lang='lat' dir='ltr'><strong>qui</strong></span> <span class='ocrx_word' id='word_1_357' title='bbox 2533 2662 2602 2709; x_wconf 85' lang='lat' dir='ltr'><strong>sie</strong></span> <span class='ocrx_word' id='word_1_358' title='bbox 2628 2662 2678 2709; x_wconf 88' lang='lat' dir='ltr'><strong>in</strong></span> <span class='ocrx_word' id='word_1_359' title='bbox 2695 2662 2820 2711; x_wconf 85' lang='lat' dir='ltr'><strong>alte·</strong></span> 
     </span>
     <span class='ocr_line' id='line_1_57' title="bbox 1798 2735 2824 2791; baseline 0.008 -8"><span class='ocrx_word' id='word_1_360' title='bbox 1798 2737 1900 2783; x_wconf 83' lang='lat' dir='ltr'><strong>rius</strong></span> <span class='ocrx_word' id='word_1_361' title='bbox 1943 2735 2105 2784; x_wconf 82' lang='lat' dir='ltr'><strong>verbis</strong></span> <span class='ocrx_word' id='word_1_362' title='bbox 2157 2735 2414 2788; x_wconf 84' lang='lat' dir='ltr'><strong>laudandis</strong></span> <span class='ocrx_word' id='word_1_363' title='bbox 2466 2756 2530 2788; x_wconf 81' lang='lat' dir='ltr'><strong>ex</strong></span> <span class='ocrx_word' id='word_1_364' title='bbox 2573 2742 2824 2791; x_wconf 72' lang='lat' dir='ltr'><strong>mummi</strong></span> 
     </span>
     <span class='ocr_line' id='line_1_58' title="bbox 1799 2814 2822 2884; baseline 0.01 -24"><span class='ocrx_word' id='word_1_365' title='bbox 1799 2830 1938 2879; x_wconf 78' lang='lat' dir='ltr'><strong>paene</strong></span> <span class='ocrx_word' id='word_1_366' title='bbox 1973 2814 2137 2879; x_wconf 74' lang='lat' dir='ltr'><strong>regula</strong></span> <span class='ocrx_word' id='word_1_367' title='bbox 2173 2817 2508 2883; x_wconf 81' lang='lat' dir='ltr'><strong>imperfectum</strong></span> <span class='ocrx_word' id='word_1_368' title='bbox 2543 2831 2712 2884; x_wconf 84' lang='lat' dir='ltr'><strong>ponat.</strong></span> <span class='ocrx_word' id='word_1_369' title='bbox 2746 2823 2822 2870; x_wconf 86' lang='lat' dir='ltr'><strong>Ita</strong></span> 
     </span>
     <span class='ocr_line' id='line_1_59' title="bbox 1798 2893 2822 2961; baseline 0.011 -22"><span class='ocrx_word' id='word_1_370' title='bbox 1798 2893 1944 2958; x_wconf 88' lang='lat' dir='ltr'><strong>plane</strong></span> <span class='ocrx_word' id='word_1_371' title='bbox 1965 2895 2015 2941; x_wconf 92' lang='lat'><strong>11</strong></span> <span class='ocrx_word' id='word_1_372' title='bbox 2034 2929 2050 2953; x_wconf 86' lang='lat'>,</span> <span class='ocrx_word' id='word_1_373' title='bbox 2084 2911 2174 2954; x_wconf 80' lang='grc' dir='ltr'><strong>ιι,</strong></span> <span class='ocrx_word' id='word_1_374' title='bbox 2196 2897 2284 2958; x_wconf 69' lang='lat'><strong>34,</strong></span> <span class='ocrx_word' id='word_1_375' title='bbox 2324 2899 2607 2961; x_wconf 85' lang='lat' dir='ltr'><strong>quemlille</strong></span> <span class='ocrx_word' id='word_1_376' title='bbox 2637 2899 2822 2950; x_wconf 85' lang='lat' dir='ltr'><strong>laudat.</strong></span> 
     </span>
     <span class='ocr_line' id='line_1_60' title="bbox 1799 2972 2824 3043; baseline 0.006 -23"><span class='ocrx_word' id='word_1_377' title='bbox 1799 2973 1877 3021; x_wconf 81' lang='lat' dir='ltr'><strong>Ex</strong></span> <span class='ocrx_word' id='word_1_378' title='bbox 1919 2972 2186 3023; x_wconf 75' lang='lat' dir='ltr'><strong>inumeris</strong></span> <span class='ocrx_word' id='word_1_379' title='bbox 2232 2976 2301 3026; x_wconf 78' lang='lat' dir='ltr'><strong>es.</strong></span> <span class='ocrx_word' id='word_1_380' title='bbox 2347 2977 2535 3042; x_wconf 82' lang='lat' dir='ltr'><strong>Wopk.</strong></span> <span class='ocrx_word' id='word_1_381' title='bbox 2573 2995 2623 3043; x_wconf 88' lang='lat' dir='ltr'><strong>p.</strong></span> <span class='ocrx_word' id='word_1_382' title='bbox 2668 2980 2733 3035; x_wconf 68' lang='lat'><strong>34</strong></span> <span class='ocrx_word' id='word_1_383' title='bbox 2773 2990 2824 3028; x_wconf 90' lang='lat' dir='ltr'><strong>et</strong></span> 
     </span>
     <span class='ocr_line' id='line_1_61' title="bbox 1807 3052 2823 3116; baseline 0.007 -17"><span class='ocrx_word' id='word_1_384' title='bbox 1807 3052 1937 3111; x_wconf 74' lang='lat'><strong>126,</strong></span> <span class='ocrx_word' id='word_1_385' title='bbox 1976 3052 2057 3101; x_wconf 72' lang='lat' dir='ltr'><strong>cu,</strong></span> <span class='ocrx_word' id='word_1_386' title='bbox 2094 3053 2286 3104; x_wconf 78' lang='lat' dir='ltr'><strong>Aeadd.</strong></span> <span class='ocrx_word' id='word_1_387' title='bbox 2315 3057 2375 3115; x_wconf 87' lang='lat'><strong>1,</strong></span> <span class='ocrx_word' id='word_1_388' title='bbox 2409 3056 2468 3113; x_wconf 83' lang='lat'><strong>6,</strong></span> <span class='ocrx_word' id='word_1_389' title='bbox 2510 3072 2601 3116; x_wconf 71' lang='lat' dir='ltr'><strong>sa,</strong></span> <span class='ocrx_word' id='word_1_390' title='bbox 2632 3067 2680 3104; x_wconf 90' lang='lat' dir='ltr'><strong>et</strong></span> <span class='ocrx_word' id='word_1_391' title='bbox 2724 3057 2823 3106; x_wconf 86' lang='lat' dir='ltr'><strong>boe</strong></span> 
     </span>
     <span class='ocr_line' id='line_1_62' title="bbox 1800 3129 2826 3199; baseline 0.008 -21"><span class='ocrx_word' id='word_1_392' title='bbox 1800 3129 1857 3178; x_wconf 85' lang='lat' dir='ltr'><strong>in</strong></span> <span class='ocrx_word' id='word_1_393' title='bbox 1902 3132 2153 3181; x_wconf 81' lang='lat' dir='ltr'><strong>volumine</strong></span> <span class='ocrx_word' id='word_1_394' title='bbox 2194 3134 2307 3197; x_wconf 87' lang='lat' dir='ltr'><strong>ipso</strong></span> <span class='ocrx_word' id='word_1_395' title='bbox 2346 3136 2537 3199; x_wconf 65' lang='lat' dir='ltr'><strong>sepius.</strong></span> <span class='ocrx_word' id='word_1_396' title='bbox 2590 3139 2662 3185; x_wconf 74' lang='lat' dir='ltr'><strong>At</strong></span> <span class='ocrx_word' id='word_1_397' title='bbox 2703 3137 2826 3186; x_wconf 84' lang='lat' dir='ltr'><strong>alter</strong></span> 
     </span>
     <span class='ocr_line' id='line_1_63' title="bbox 1799 3209 2825 3276; baseline 0.009 -18"><span class='ocrx_word' id='word_1_398' title='bbox 1799 3209 1970 3272; x_wconf 87' lang='lat' dir='ltr'><strong>loeus,</strong></span> <span class='ocrx_word' id='word_1_399' title='bbox 2000 3227 2143 3276; x_wconf 83' lang='lat' dir='ltr'><strong>quem</strong></span> <span class='ocrx_word' id='word_1_400' title='bbox 2170 3212 2300 3261; x_wconf 82' lang='lat' dir='ltr'><strong>idem</strong></span> <span class='ocrx_word' id='word_1_401' title='bbox 2327 3213 2494 3274; x_wconf 85' lang='lat' dir='ltr'><strong>addit,</strong></span> <span class='ocrx_word' id='word_1_402' title='bbox 2530 3215 2647 3265; x_wconf 84' lang='lat' dir='ltr'><strong>Nat.</strong></span> <span class='ocrx_word' id='word_1_403' title='bbox 2674 3217 2825 3267; x_wconf 87' lang='lat' dir='ltr'><strong>Deor.</strong></span> 
     </span>
     <span class='ocr_line' id='line_1_64' title="bbox 1802 3290 2822 3356; baseline 0.009 -19"><span class='ocrx_word' id='word_1_404' title='bbox 1802 3291 1877 3348; x_wconf 86' lang='lat'><strong>11,</strong></span> <span class='ocrx_word' id='word_1_405' title='bbox 1902 3290 1997 3353; x_wconf 77' lang='lat'><strong>56,</strong></span> <span class='ocrx_word' id='word_1_406' title='bbox 2025 3298 2120 3347; x_wconf 61' lang='grc' dir='ltr'><strong>ιιι</strong></span> <span class='ocrx_word' id='word_1_407' title='bbox 2144 3325 2160 3348; x_wconf 84' lang='grc'><em>,</em></span> <span class='ocrx_word' id='word_1_408' title='bbox 2187 3290 2285 3339; x_wconf 82' lang='lat' dir='ltr'><strong>bue</strong></span> <span class='ocrx_word' id='word_1_409' title='bbox 2305 3307 2405 3339; x_wconf 91' lang='lat' dir='ltr'><strong>nou</strong></span> <span class='ocrx_word' id='word_1_410' title='bbox 2426 3294 2641 3356; x_wconf 81' lang='lat' dir='ltr'><strong>pertinet</strong></span> <span class='ocrx_word' id='word_1_411' title='bbox 2666 3308 2681 3343; x_wconf 71' lang='grc' dir='ltr'><strong><em>ε</em></strong></span> <span class='ocrx_word' id='word_1_412' title='bbox 2709 3312 2822 3345; x_wconf 79' lang='lat' dir='ltr'><strong>nam</strong></span> 
     </span>
    </p>
   </div>
   <div class='ocr_carea' id='block_1_9' title="bbox 1792 3369 3034 3440">
    <p class='ocr_par' dir='ltr' id='par_1_13' title="bbox 1792 3369 3034 3440">
     <span class='ocr_line' id='line_1_65' title="bbox 1792 3369 3034 3440; baseline 0.006 -24"><span class='ocrx_word' id='word_1_413' title='bbox 1792 3369 2095 3438; x_wconf 70' lang='lat' dir='ltr'><strong>profluentia</strong></span> <span class='ocrx_word' id='word_1_414' title='bbox 2116 3370 2295 3419; x_wconf 77' lang='lat' dir='ltr'><strong>dieitur</strong></span> <span class='ocrx_word' id='word_1_415' title='bbox 2306 3386 2415 3434; x_wconf 84' lang='lat' dir='ltr'><strong>pro,</strong></span> <span class='ocrx_word' id='word_1_416' title='bbox 2435 3371 2481 3418; x_wconf 76' lang='lat' dir='ltr'><strong>ai</strong></span> <span class='ocrx_word' id='word_1_417' title='bbox 2494 3373 2823 3440; x_wconf 69' lang='lat' dir='ltr'><strong>pmfluemu15</strong></span> <span class='ocrx_word' id='word_1_418' title='bbox 2917 3396 2928 3403; x_wconf 73' lang='lat'><em>-</em></span> <span class='ocrx_word' id='word_1_419' title='bbox 2981 3416 2996 3426; x_wconf 89' lang='lat'><strong>.</strong></span> <span class='ocrx_word' id='word_1_420' title='bbox 3023 3422 3034 3430; x_wconf 82' lang='grc'><strong><em>,</em></strong></span> 
     </span>
    </p>
   </div>
   <div class='ocr_carea' id='block_1_10' title="bbox 1800 3446 2830 4129">
    <p class='ocr_par' dir='ltr' id='par_1_14' title="bbox 1802 3446 2825 3591">
     <span class='ocr_line' id='line_1_66' title="bbox 1802 3446 2825 3517; baseline 0.005 -21"><span class='ocrx_word' id='word_1_421' title='bbox 1802 3464 1866 3496; x_wconf 79' lang='lat' dir='ltr'><strong>ex</strong></span> <span class='ocrx_word' id='word_1_422' title='bbox 1898 3448 2086 3512; x_wconf 66' lang='lat' dir='ltr'><strong>vulgari</strong></span> <span class='ocrx_word' id='word_1_423' title='bbox 2119 3446 2272 3514; x_wconf 77' lang='lat' dir='ltr'><strong>igitur</strong></span> <span class='ocrx_word' id='word_1_424' title='bbox 2308 3449 2496 3499; x_wconf 75' lang='lat' dir='ltr'><strong>ratione</strong></span> <span class='ocrx_word' id='word_1_425' title='bbox 2533 3462 2693 3500; x_wconf 72' lang='lat' dir='ltr'><strong>essene</strong></span> <span class='ocrx_word' id='word_1_426' title='bbox 2712 3468 2825 3517; x_wconf 83' lang='lat' dir='ltr'><strong>per·</strong></span> 
     </span>
     <span class='ocr_line' id='line_1_67' title="bbox 1802 3527 1996 3591; baseline 0.005 -17"><span class='ocrx_word' id='word_1_427' title='bbox 1802 3527 1892 3591; x_wconf 74' lang='lat' dir='ltr'><strong>git.</strong></span> <span class='ocrx_word' id='word_1_428' title='bbox 1931 3528 1996 3576; x_wconf 88' lang='lat' dir='ltr'><strong>G.</strong></span> 
     </span>
    </p>

    <p class='ocr_par' dir='ltr' id='par_1_15' title="bbox 1803 3608 2823 3750">
     <span class='ocr_line' id='line_1_68' title="bbox 1880 3608 2823 3672; baseline 0.003 -16"><span class='ocrx_word' id='word_1_429' title='bbox 1880 3608 1960 3657; x_wconf 79' lang='lat'><strong>18.</strong></span> <span class='ocrx_word' id='word_1_430' title='bbox 1999 3608 2126 3655; x_wconf 63' lang='lat' dir='ltr'><strong>fore</strong></span> <span class='ocrx_word' id='word_1_431' title='bbox 2161 3608 2379 3672; x_wconf 87' lang='lat' dir='ltr'><strong>positum</strong></span> <span class='ocrx_word' id='word_1_432' title='bbox 2411 3618 2514 3669; x_wconf 83' lang='lat' dir='ltr'><strong>eat,</strong></span> <span class='ocrx_word' id='word_1_433' title='bbox 2553 3625 2659 3658; x_wconf 87' lang='lat' dir='ltr'><strong>non</strong></span> <span class='ocrx_word' id='word_1_434' title='bbox 2683 3626 2823 3669; x_wconf 72' lang='lat' dir='ltr'><strong>esse,</strong></span> 
     </span>
     <span class='ocr_line' id='line_1_69' title="bbox 1803 3685 2670 3750; baseline 0.001 -18"><span class='ocrx_word' id='word_1_435' title='bbox 1803 3696 1916 3749; x_wconf 80' lang='lat' dir='ltr'><strong>post</strong></span> <span class='ocrx_word' id='word_1_436' title='bbox 1933 3685 2117 3750; x_wconf 79' lang='lat' dir='ltr'><strong>duplex</strong></span> <span class='ocrx_word' id='word_1_437' title='bbox 2135 3697 2270 3736; x_wconf 75' lang='lat' dir='ltr'><strong>esset.</strong></span> <span class='ocrx_word' id='word_1_438' title='bbox 2300 3687 2363 3734; x_wconf 85' lang='lat' dir='ltr'><strong>G.</strong></span> <span class='ocrx_word' id='word_1_439' title='bbox 2667 3702 2670 3705; x_wconf 49' lang='lat'><em>¹</em></span> 
     </span>
    </p>

    <p class='ocr_par' dir='ltr' id='par_1_16' title="bbox 1800 3762 2830 4129">
     <span class='ocr_line' id='line_1_70' title="bbox 1877 3762 2827 3830; baseline 0.001 -16"><span class='ocrx_word' id='word_1_440' title='bbox 1877 3780 1959 3828; x_wconf 79' lang='lat'><strong>⁸9·</strong></span> <span class='ocrx_word' id='word_1_441' title='bbox 1995 3764 2084 3813; x_wconf 75' lang='lat' dir='ltr'><strong>Ad</strong></span> <span class='ocrx_word' id='word_1_442' title='bbox 2111 3781 2308 3829; x_wconf 77' lang='lat' dir='ltr'><strong>easque.</strong></span> <span class='ocrx_word' id='word_1_443' title='bbox 2359 3762 2598 3830; x_wconf 69' lang='lat' dir='ltr'><strong>Ignorant</strong></span> <span class='ocrx_word' id='word_1_444' title='bbox 2640 3766 2742 3816; x_wconf 80' lang='lat' dir='ltr'><strong>Erl.</strong></span> <span class='ocrx_word' id='word_1_445' title='bbox 2777 3779 2827 3815; x_wconf 89' lang='lat' dir='ltr'><strong>et</strong></span> 
     </span>
     <span class='ocr_line' id='line_1_71' title="bbox 1802 3842 2827 3911; baseline 0.003 -19"><span class='ocrx_word' id='word_1_446' title='bbox 1802 3843 1934 3907; x_wconf 78' lang='lat' dir='ltr'><strong>spir.</strong></span> <span class='ocrx_word' id='word_1_447' title='bbox 1951 3859 2064 3907; x_wconf 80' lang='lat' dir='ltr'><strong>que.</strong></span> <span class='ocrx_word' id='word_1_448' title='bbox 2091 3843 2244 3907; x_wconf 88' lang='lat' dir='ltr'><strong>Quod</strong></span> <span class='ocrx_word' id='word_1_449' title='bbox 2263 3842 2403 3893; x_wconf 83' lang='lat' dir='ltr'><strong>facile</strong></span> <span class='ocrx_word' id='word_1_450' title='bbox 2424 3844 2665 3908; x_wconf 79' lang='lat' dir='ltr'><strong>probaris,</strong></span> <span class='ocrx_word' id='word_1_451' title='bbox 2674 3862 2827 3911; x_wconf 83' lang='lat' dir='ltr'><strong>quum</strong></span> 
     </span>
     <span class='ocr_line' id='line_1_72' title="bbox 1802 3922 2828 3986; baseline 0.002 -17"><span class='ocrx_word' id='word_1_452' title='bbox 1802 3939 1983 3986; x_wconf 77' lang='lat' dir='ltr'><strong>easque</strong></span> <span class='ocrx_word' id='word_1_453' title='bbox 2007 3924 2143 3985; x_wconf 84' lang='lat' dir='ltr'><strong>sequi</strong></span> <span class='ocrx_word' id='word_1_454' title='bbox 2178 3922 2358 3974; x_wconf 80' lang='lat' dir='ltr'><strong>videas.</strong></span> <span class='ocrx_word' id='word_1_455' title='bbox 2391 3923 2489 3971; x_wconf 88' lang='lat' dir='ltr'><strong>Sed</strong></span> <span class='ocrx_word' id='word_1_456' title='bbox 2515 3925 2674 3974; x_wconf 89' lang='lat' dir='ltr'><strong>solent</strong></span> <span class='ocrx_word' id='word_1_457' title='bbox 2701 3925 2828 3972; x_wconf 84' lang='lat' dir='ltr'><strong>bane</strong></span> 
     </span>
     <span class='ocr_line' id='line_1_73' title="bbox 1800 4000 2830 4066; baseline 0.007 -19"><span class='ocrx_word' id='word_1_458' title='bbox 1800 4000 2086 4066; x_wconf 71' lang='lat' dir='ltr'><strong>particulam</strong></span> <span class='ocrx_word' id='word_1_459' title='bbox 2110 4001 2372 4052; x_wconf 80' lang='lat' dir='ltr'><strong>obliterare</strong></span> <span class='ocrx_word' id='word_1_460' title='bbox 2395 4003 2592 4063; x_wconf 74' lang='lat' dir='ltr'><strong>scribae,</strong></span> <span class='ocrx_word' id='word_1_461' title='bbox 2610 4004 2653 4054; x_wconf 88' lang='lat' dir='ltr'><strong>si</strong></span> <span class='ocrx_word' id='word_1_462' title='bbox 2672 4014 2830 4053; x_wconf 85' lang='lat' dir='ltr'><strong>trans·</strong></span> 
     </span>
     <span class='ocr_line' id='line_1_74' title="bbox 1800 4080 2172 4129; baseline -0.003 -1"><span class='ocrx_word' id='word_1_463' title='bbox 1800 4080 1967 4129; x_wconf 83' lang='lat' dir='ltr'><strong>itionis</strong></span> <span class='ocrx_word' id='word_1_464' title='bbox 1990 4090 2079 4126; x_wconf 84' lang='lat' dir='ltr'><strong>est.</strong></span> <span class='ocrx_word' id='word_1_465' title='bbox 2105 4081 2172 4127; x_wconf 87' lang='lat' dir='ltr'><strong>G.</strong></span> 
     </span>
    </p>
   </div>
  </div>
 </body>
</html>
