3217 4784
795 447 919 514 DE
967 442 1141 516 FIN.
1196 447 1408 516 BON.
1461 449 1576 516 ET
1627 447 1844 515 MAL.
1891 447 2028 529 111,
2091 465 2194 536 19·
2421 442 2558 534 407

446 581 526 638 ut
565 582 883 653 caveret;
921 570 1242 666 itemque
1266 564 1329 610 ¹³
1374 566 1728 658 formicae,
1764 591 1970 665 apeS,
2020 564 2349 651 ciconiae,
2387 563 2559 632 alio·

442 702 604 747 rum
647 681 861 750 etiam
898 702 1111 750 causa
1154 676 1483 774 quaedam
1534 677 1827 749 faciunt.
1864 677 2098 748 Multo
2142 676 2368 771 magis
2416 672 2564 742 haec

444 786 862 881 conjunctio
893 801 1000 860 est
1026 787 1365 859 hominis.
1414 792 1668 884 Itaque
1705 803 1961 860 natura
2005 809 2256 860 sumus
2291 785 2438 882 apti
2476 780 2563 853 ad

445 912 713 985 coetus,
761 897 1106 987 concilia,
1159 900 1499 969 civitates.
1558 895 1921 969 Mundum
1979 913 2224 971 autem
2269 907 2567 968 censent
2603 900 2669 959 64

445 1010 595 1103 regi
635 1009 930 1079 numine
957 1007 1295 1095 deorum,
1329 1032 1646 1106 eumque
1673 1032 1828 1080 esse
1861 1009 2063 1104 quasi
2104 1028 2567 1079 communem

447 1115 742 1202 urbem,
773 1134 846 1188 et
883 1119 1244 1190 civitatem
1274 1118 1694 1206 hominum,
1734 1133 1809 1189 et
1833 1118 2176 1205 deorum;
2210 1131 2282 1189 et
2310 1140 2569 1188 unum-

448 1249 819 1324 quemque
864 1242 1196 1300 nostrum
1245 1229 1402 1324 ejus
1453 1227 1707 1300 mundi
1750 1250 1903 1300 esse
1941 1241 2237 1324 partem.
2276 1230 2380 1297 Ex
2417 1248 2569 1323 quo

446 1334 626 1408 illud
685 1351 942 1410 natura
992 1341 1340 1438 consequi
1380 1343 1467 1429 ¹4,
1532 1355 1617 1410 ut
1668 1360 2127 1410 communem
2188 1336 2569 1407 utilitatem

447 1460 712 1519 nostrae
745 1464 1286 1548 anteponamus.
1316 1454 1415 1521 Ut
1443 1453 1639 1522 enim
1670 1448 1866 1546 leges
1901 1447 2231 1519 omnium
2267 1445 2569 1517 salutem

446 1559 898 1655 singulorum
950 1561 1162 1633 saluti
1207 1574 1705 1657 anteponunt3
1738 1560 1841 1630 sic
1880 1561 1989 1627 vir
2032 1555 2310 1643 bonus,
2354 1570 2428 1626 et
2459 1579 2572 1626 sa-

445 1668 652 1765 piens
674 1724 694 1755 ,
731 1685 804 1742 et
840 1670 1120 1769 legibus
1148 1695 1408 1769 parens
1429 1723 1450 1755 ‚
1482 1685 1555 1740 et
1579 1668 1802 1740 civilis
1824 1665 2047 1739 officii
2074 1690 2225 1739 non
2259 1667 2572 1763 ignarus,

446 1777 734 1850 utilitati
762 1784 1090 1851 omnium
1113 1778 1277 1877 plus
1297 1832 1316 1867 ,
1343 1803 1564 1877 quam
1597 1782 1817 1851 unius
1841 1777 2141 1872 alicujus
2158 1767 2246 1864 ¹⁵,
2273 1789 2402 1849 aut
2430 1799 2574 1846 suae

446 1889 774 1959 consulit.
828 1893 978 1961 Nec
1020 1892 1241 1988 magis
1278 1888 1801 1988 vituperandus
1840 1885 2029 1961 est¹⁶
2083 1886 2417 1986 proditor
2453 1909 2573 1983 pa-

446 1996 637 2084 triae,
676 2022 896 2095 quam
924 2002 1329 2073 communis
1366 2000 1729 2087 utilitatis,
1766 2015 1892 2072 aut
1932 1999 2180 2071 salutis
2220 1997 2573 2081 desertor,

445 2121 747 2203 propter
789 2132 992 2179 suam
1037 2110 1417 2183 utilitatem
1443 2165 1461 2199 ,
1497 2124 1621 2182 aut
1656 2110 1985 2181 salutem.
2023 2113 2127 2179 Ex
2163 2131 2315 2206 quo
2338 2104 2458 2193 fit,
2496 2120 2579 2176 ut

446 2212 849 2288 laudandus
893 2220 984 2287 sit
1020 2221 1115 2306 is,
1148 2223 1274 2317 qui
1317 2234 1624 2291 mortem
1655 2233 1956 2317 oppetat
1989 2243 2124 2318 pro
2162 2215 2574 2316 republica,

447 2324 646 2418 quod
699 2325 1057 2419 deceat¹7,
1101 2334 1450 2401 cariorem
1508 2354 1664 2402 esse
1712 2330 2014 2427 patriam
2062 2328 2308 2415 nobis,
2354 2350 2575 2425 quam

448 2453 734 2508 nosmet
784 2439 1026 2536 ipsos:
1069 2435 1654 2538 quoniamque¹⁸
1691 2439 1809 2509 illa
1864 2463 2006 2508 vox
2058 2438 2453 2533 inhumana
2503 2449 2578 2506 et

446 2620 660 2684 positum
672 2621 835 2684 putari
850 2621 1019 2681 debet,
1041 2623 1179 2683 cujus
1194 2621 1467 2686 exemplum
1558 2620 1675 2668 dum
1699 2620 1804 2668 fuit.
1832 2621 1896 2669 G.
1918 2647 1987 2655 —-
2012 2620 2085 2668 De
2122 2637 2174 2668 re
2210 2622 2314 2685 ipsa
2352 2631 2577 2669 accurate

446 2701 741 2761 ignoramus.
791 2699 919 2750 Cum
977 2702 1228 2765 preterito
1245 2738 1260 2759 ‚
1319 2716 1468 2765 quum
1556 2710 1728 2748 auctor
1755 2699 1971 2764 disputat
1992 2701 2136 2765 legg.
2160 2700 2210 2746 11
2226 2734 2240 2759 ,
2279 2717 2304 2761 7
2322 2733 2339 2759 ‚
2372 2715 2464 2762 22,
2490 2702 2575 2747 23.

448 2779 636 2827 notabit
668 2779 815 2827 simul
847 2792 996 2845 atque
1018 2814 1034 2839 ,
1076 2792 1126 2829 et
1163 2796 1365 2844 prorsus
1406 2798 1468 2828 ex
1636 2779 1721 2828 15.
1754 2778 1965 2827 utilitati
1999 2778 2216 2827 omnium
2237 2779 2381 2843 plus,
2425 2795 2579 2842 qnam

447 2860 619 2908 ordine
643 2870 873 2923 ponetur.
896 2862 956 2908 G.

524 2941 604 2988 13.
630 2942 866 3001 Itemque.
900 2937 1148 2986 Omittunt
1168 2938 1221 2985 in
1254 2939 1464 3004 itemque

447 3017 560 3066 edd.
585 3028 702 3066 vett.
725 3031 892 3065 omnes
906 3053 922 3078 ‚
942 3032 1061 3080 qnae
1078 3016 1289 3065 vidimus
1302 3053 1317 3077 ,
1333 3034 1427 3081 que
1443 3039 1464 3076 ,-

447 3098 534 3146 sed
558 3097 670 3145 vide
691 3111 834 3162 supra
855 3110 967 3159 qun
992 3095 1267 3143 notavimus
1290 3097 1354 3143 nd
1382 3100 1433 3144 11
1447 3132 1463 3155 ,

451 3187 479 3233 4
500 3215 513 3237 ,
553 3188 632 3235 14.
650 3179 717 3226 G.

526 3267 605 3315 14.
625 3260 710 3305 Ex
741 3273 839 3320 qno
866 3255 990 3304 illud
1010 3266 1190 3304 natura
1210 3257 1463 3320 consequi.

452 3341 523 3385 lta
550 3337 735 3397 nostri,
772 3346 948 3401 praeter
987 3334 1119 3383 Gud.
1149 3350 1178 3383 ο
1201 3369 1217 3393 ,
1261 3349 1466 3383 omnes:

451 3419 567 3466 item
612 3413 761 3465 Mars.
788 3418 918 3464 Ven.
963 3423 1095 3478 ¹494
1119 3450 1132 3473 ,
1175 3414 1300 3463 alie.
1339 3417 1468 3463 Ante

450 3500 594 3545 Grut.
642 3493 951 3559 consequitur
970 3529 984 3552 ,
1031 3492 1170 3556 qnod
1223 3493 1366 3542 Vien.
1421 3505 1470 3542 et

451 3575 751 3623 oxonienses
768 3606 785 3633 ‚
826 3573 960 3622 Crat.
1002 3587 1114 3619 cum
1141 3571 1307 3636 paucis
1330 3583 1470 3622 tuen-

452 3667 546 3703 tur.
572 3653 801 3703 Affectnti
820 3665 997 3715 nempe
1013 3649 1184 3699 seribae
1213 3662 1327 3700 sunt
1345 3668 1469 3700 con-

452 3735 631 3782 suetius
648 3769 662 3793 ,
698 3732 937 3779 herentes
960 3730 1160 3794 insuper
1180 3730 1230 3776 in
1255 3740 1468 3780 structu·

452 3829 518 3861 ra.
530 3812 625 3862 sed
640 3808 875 3874 consequi
897 3819 968 3858 est
983 3809 1326 3857 consectarium
1345 3827 1466 3867 esse,

452 3900 498 3937 et
530 3902 904 3957 anteponamus,
929 3888 1316 3953 anteponendum
1338 3888 1470 3952 judi.

454 3986 614 4017 cemus
634 3988 652 4017 .·
677 3980 914 4018 structura
941 3978 1102 4017 autem
1125 3966 1292 4017 eadem
1317 4005 1332 4030 ,
1361 3983 1471 4032 quae

455 4046 604 4097 modo
637 4048 844 4115 adfuitS
872 4050 937 4097 62
956 4085 971 4109 ,
1007 4070 1028 4092 ι
1056 4048 1350 4096 arbitrantur
1378 4084 1390 4096 .
1413 4082 1426 4095 .
1446 4080 1464 4096 .

456 4127 786 4190 persequimur
808 4149 850 4176 ιο.
886 4154 955 4166 --
991 4128 1215 4176 Ceterum
1261 4137 1373 4174 ante
1408 4143 1471 4173 ex

456 4220 580 4268 qno,
609 4221 698 4269 pro
727 4206 913 4269 virgula
951 4216 1134 4271 puncto
1173 4205 1468 4271 distinguen-

1560 2857 1698 2907 unius
1726 2858 1949 2923 alfeujus.
1971 2849 2082 2908 Bas.
2098 2869 2144 2907 et
2171 2857 2301 2907 Gnd.
2331 2874 2352 2905 1
2373 2894 2389 2921 ‚
2415 2861 2580 2906 oxon.

1557 2938 1615 2986 E.
1645 2933 1685 2995 ξ.
1719 2955 1769 3001 χ.
1796 2954 1908 2986 cnm
1944 2940 2092 2986 Mers.
2140 2941 2265 2985 Ven.
2317 2942 2484 2999 1494,
2530 2947 2577 2983 et

1553 3016 1774 3079 pluribus
1804 3014 2064 3064 hominum.
2085 3015 2179 3063 Sed
2199 3025 2252 3062 ut
2267 3013 2373 3062 haec
2395 3013 2580 3077 ubique

1552 3095 1924 3144 confunduntur
1937 3127 1953 3150 ,
1982 3094 2048 3141 ita
2072 3093 2322 3157 vulgatum
2339 3107 2402 3139 ex
2422 3108 2580 3157 oppo-

1553 3174 1728 3225 sitione
1754 3171 2072 3220 certissimum
2092 3181 2180 3220 est.
2199 3171 2268 3220 G.

1633 3252 1713 3299 ιδ.
1745 3249 2103 3313 Vituperandus
2125 3259 2211 3299 est.
2238 3242 2368 3314 spir.
2394 3259 2444 3297 et
2470 3249 2578 3300 Erl.

1556 3341 1626 3379 est
1673 3328 2029 3392 *aucuper-andus
2050 3346 2070 3387 ‚-
2123 3327 2259 3393 quod
2305 3328 2475 3377 nescio
2515 3344 2581 3377 en

1555 3425 1658 3457 non
1679 3407 1852 3456 melius
1880 3410 1971 3471 sit,
2000 3424 2151 3473 quum
2177 3408 2316 3458 locus
2341 3423 2580 3457 assevera-

1556 3488 1741 3537 tionem
1762 3488 2027 3538 continent.
2047 3489 2112 3537 G.

1636 3580 1716 3634 17.
1741 3567 1891 3631 Quod
1909 3566 2091 3615 deceat.
2122 3569 2198 3616 Ita
2225 3577 2357 3615 recte
2376 3567 2495 3615 Em.
2519 3584 2581 3617 ex

1558 3645 1676 3696 edd.
1703 3663 1804 3710 prr.
1831 3645 2025 3694 firmant
2048 3646 2178 3694 idem
2194 3646 2329 3696 Gnd.
2350 3662 2382 3694 2
2407 3657 2456 3695 et
2472 3648 2581 3695 Bas.

1558 3726 1659 3775 Alii
1679 3725 1842 3773 minus
1860 3725 1985 3773 bene
2000 3726 2196 3775 doceat.
2215 3727 2399 3773 Dee-ere
2420 3736 2581 3773 autom

1558 3821 1652 3870 pro
1674 3803 1847 3852 debere
1873 3803 1972 3853 dici
1987 3840 2001 3863 ‚
2039 3803 2225 3852 dudum
2247 3803 2374 3853 vidit
2391 3804 2582 3868 Wopk.

1560 3887 1716 3933 Lectt.
1738 3883 1872 3932 Tull.
1907 3900 1960 3948 p.
1992 3884 2077 3931 31.
2102 3908 2173 3920 --
2195 3884 2445 3932 Continuo
2472 3894 2584 3946 post

1561 3966 1691 4013 Crat.
1709 3963 1832 4011 male
1857 3979 1966 4010 cum
1986 3961 2099 4011 edd.
2117 3962 2408 4026 quibusdam
2429 3971 2581 4009 trans·

1561 4044 1704 4106 ponit
1722 4077 1738 4102 ‚
1789 4065 1813 4083 -
1835 4042 2067 4091 cariorem
2123 4040 2268 4089 nobis
2333 4056 2437 4088 esso
2500 4055 2584 4100 pa-

1563 4124 1701 4171 triam
1719 4144 1765 4170 ιο.
1791 4123 1853 4169 G.

1639 4204 1724 4254 18.
1763 4201 2118 4265 Quoniamque.
2144 4201 2250 4247 Bas.
2279 4208 2329 4246 et
2351 4200 2515 4246 Oxou.
2536 4213 2587 4260 χ.
