3217 4784
842 370 966 437 DE
1006 369 1179 439 FlN.
1234 369 1439 438 BON.
1494 371 1606 438 ET
1657 370 1877 437 MAL.
1930 371 2025 454 ΙΙ,
2073 391 2188 463 ²75

474 510 1042 585 permansurum,
1085 491 1281 588 quod
1320 489 1571 588 fragile
1612 505 1684 561 et
1727 489 2074 561 caducum
2114 489 2256 560 sit?
2291 494 2425 588 qui·
2463 518 2591 562 au·-

475 616 613 671 tem
662 599 991 674 diffidet9
1038 601 1502 698 perpetuitati
1545 599 1915 670 bonorum
1966 623 2296 687 suorum,
2344 602 2593 670 timeat

469 732 759 782 necesse
820 725 967 797 est,
1020 734 1111 781 ne
1162 707 1592 804 aliquando,
1638 709 1911 779 amissis
1962 709 2141 796 illis,
2194 710 2288 780 sit
2351 714 2586 781 miser.

402 851 410 857 ·
469 824 722 891 Beatus
749 834 990 890 autem
1021 842 1175 889 esse
1207 818 1284 887 in
1312 821 1784 887 maximarum
1809 841 2052 888 rerum
2087 820 2347 891 timore
2370 843 2590 891 nemo

467 945 726 1027 potest.
765 933 996 1000 Nemo
1024 928 1242 1023 igitur
1277 951 1426 998 esse
1448 926 1702 999 beatus
1731 940 1969 1024 potest
1992 938 2074 999 ¹⁰.
2105 931 2362 1027 Neque
2395 932 2584 1002 enim
2625 947 2696 1016 87

467 1042 543 1109 in
602 1040 839 1135 aliqua
895 1052 1133 1135 parte,
1190 1037 1313 1109 sed
1364 1040 1441 1108 in
1502 1038 1982 1136 perpetuitate
2039 1041 2386 1136 temporis
2448 1043 2591 1113 vita

466 1147 676 1219 beata
696 1148 836 1219 dici
856 1159 877 1190 ¹
893 1159 912 1191 ¹
934 1147 1154 1234 solet3
1181 1172 1419 1245 neque
1444 1147 1849 1246 appellatur
1878 1148 2176 1218 omnino
2197 1151 2340 1221 vita
2354 1149 2586 1240 beata,

467 1261 603 1329 nisi
655 1256 1016 1346 confecta,
1052 1274 1270 1356 atque
1319 1258 1693 1348 absoluta3
1750 1282 1885 1328 nec
1921 1271 2161 1355 potest
2202 1263 2588 1358 quisquam

467 1367 636 1439 alias
677 1367 931 1441 beatus
984 1392 1170 1458 esse,
1230 1369 1400 1441 alias
1440 1371 1679 1440 miser.
1724 1369 1876 1459 Qui,
1919 1368 2108 1438 enim
2154 1371 2588 1444 existimabit

465 1503 675 1576 posse
722 1504 797 1552 se
850 1474 1188 1552 miserum
1227 1504 1423 1566 esse,
1477 1477 1735 1550 beatus
1772 1501 1925 1546 non
1966 1479 2120 1547 erit.
2142 1481 2324 1549 Nam
2358 1505 2589 1577 quum

464 1590 684 1660 semel
713 1605 817 1661 est
850 1604 1178 1688 suscepta
1212 1587 1420 1659 beata
1460 1589 1701 1673 vitan,
1736 1599 1884 1655 tam
1923 1603 2327 1682 permanet,
2364 1614 2587 1684 quam

464 1702 617 1799 ipsa
680 1700 800 1772 illa
844 1698 1161 1771 effectrix
1199 1695 1425 1768 beatae
1462 1697 1622 1765 vitae
1667 1695 2050 1792 sapientia;
2102 1688 2433 1792 neque¹3
2471 1722 2588 1767 ex-

461 1881 679 1948 Philipp.
711 1885 818 1941 11,
848 1899 907 1944 7,
938 1883 1001 1931 16
1026 1896 1040 1931 ε
1069 1905 1094 1925 ι·
1113 1883 1238 1930 Nam
1262 1891 1481 1930 extraor-

463 1960 708 2008 dinsrium
736 1977 924 2024 semper
950 1960 1207 2025 imperinm
1240 1960 1480 2026 populare

460 2049 604 2101 utque
630 2049 884 2086 ventosum
909 2050 982 2087 est
998 2061 1041 2086 a.
1063 2040 1144 2088 Cf.
1166 2040 1272 2089 Liv.
1296 2042 1360 2099 V,
1386 2049 1447 2097 41
1464 2075 1480 2102 ,

461 2140 487 2159 ιι
524 2133 615 2164 nec
658 2116 811 2165 ullum
850 2127 951 2164 erat
996 2129 1186 2182 tempus
1214 2152 1230 2177 ,
1276 2120 1412 2182 quod
1452 2135 1480 2166 a

459 2212 602 2244 nove
640 2210 830 2260 semper
864 2194 1016 2243 cladis
1052 2195 1257 2257 alicuius
1294 2207 1481 2260 spectu-

459 2275 572 2323 culo
598 2287 804 2323 cessaret
832 2297 875 2322 n.
1322 2302 1329 2310 ι

530 2344 579 2419 9”.
625 2353 846 2423 Diffidet.
891 2355 1028 2404 Goer.
1067 2355 1213 2403 scrib.
1257 2352 1441 2421 ἅζθῖᾱίε
1459 2370 1478 2402 .·

457 2433 721 2497 Ita,inquit
733 2469 749 2494 ,
764 2435 921 2482 nostri
934 2450 1128 2495 omnes;
1153 2434 1304 2499 idque
1322 2443 1477 2481 recte:

457 2528 568 2559 nam
593 2513 634 2559 si
662 2522 835 2560 unctor
869 2512 1091 2581 d'ffid‘b
1128 2524 1188 2562 ut
1227 2513 1478 2577 vulgatur,

456 2591 688 2639 voluisset
703 2628 719 2653 ,
742 2591 872 2640 idem
895 2593 1062 2656 paucis
1092 2601 1205 2656 post
1229 2591 1348 2653 erit,
1376 2608 1479 2640 non

455 2680 525 2717 ese
560 2670 830 2733 scripsisset
869 2687 884 2720 :
939 2688 1230 2735 quamquam
1277 2671 1380 2735 ipse
1423 2673 1478 2719 in

454 2750 787 2799 conclusionis
894 2752 1241 2815 consequentis
1314 2751 1476 2800 futuru

454 2839 598 2878 amat.
650 2829 731 2878 Ad
792 2840 1015 2877 nostrum
1091 2829 1286 2893 quidem
1347 2830 1475 2878 urbi·

454 2909 601 2955 trium
620 2895 687 2966 {si
702 2909 863 2955 locum
884 2908 1089 2955 formare
1110 2909 1276 2956 liceret
1291 2943 1306 2966 ‚
1326 2932 1351 2951 -e
1364 2910 1474 2972 quis

452 2987 582 3033 enim
620 2984 839 3035 confidet
870 3020 884 3033 .
905 3022 918 3035 .
942 3021 955 3034 .
984 2987 1007 3032 Ρ
1034 2986 1120 3050 qui
1150 2999 1309 3035 autem
1341 2986 1473 3035 diffi-

454 3064 561 3123 dit,
595 3075 728 3112 etc.-
767 3064 1085 3113 scriberemus
1108 3080 1122 3114 t
1150 3064 1237 3113 sed
1269 3068 1323 3113 in
1349 3082 1471 3115 con-

435 3142 560 3210 fidit
580 3145 747 3208 scripti
773 3160 943 3192 omnes
962 3145 1259 3208 conspirant.

531 3238 607 3271 to.
625 3225 781 3271 Nemo
804 3222 956 3288 igitur
979 3238 1083 3270 esse
1100 3223 1268 3271 beatus
1283 3236 1468 3288 potest.

452 3302 634 3350 Omnes
664 3304 820 3350 nostri
846 3303 1014 3349 beatus
1038 3318 1139 3351 esse
1153 3320 1173 3360 ,-
1203 3302 1298 3350 nisi
1334 3304 1471 3367 quod

450 3380 581 3431 Gud.
613 3398 640 3430 2
666 3417 682 3442 ,
721 3399 834 3431 cum
874 3384 1039 3430 Marso
1079 3393 1237 3431 totum
1270 3382 1433 3431 locum
1452 3419 1468 3444 ,

451 3461 517 3510 ob
558 3461 740 3527 duplex
776 3473 942 3526 potest
973 3473 1123 3526 puts,
1159 3462 1366 3525 ignorat.
1408 3464 1470 3511 Et

447 3549 606 3588 tamen
646 3540 840 3588 videtur
873 3539 1093 3603 vulgatus
1130 3539 1255 3587 ordo
1298 3542 1469 3605 prafe-

446 3618 625 3668 tendas
647 3636 750 3668 esse
776 3637 792 3681 3
816 3619 964 3683 idque
992 3620 1169 3684 partim
1187 3619 1253 3667 ob
1277 3620 1468 3684 positus

446 3700 580 3759 vim3
613 3699 742 3748 idem
769 3700 897 3746 enim
926 3698 1051 3747 valet
1083 3734 1098 3759 ‚
1135 3714 1192 3746 sc
1220 3700 1261 3745 si
1286 3699 1465 3747 scribe·

446 3791 611 3839 retur,
639 3801 665 3821 ιι
688 3794 831 3827 nemo
851 3778 1001 3843 igitur
1022 3773 1127 3826 esse
1151 3788 1309 3842 potest
1328 3813 1343 3837 ,
1380 3779 1466 3842 qui

447 3856 511 3902 sit
528 3857 698 3906 beatus
717 3880 741 3899 ι·
771 3874 784 3907 :
813 3858 988 3922 purtim
1014 3857 1081 3905 ob
1120 3857 1460 3908 variationem.

446 3934 583 3983 Nihil
606 3936 755 4001 igitur
770 3938 1077 3986 mutavimus.
1099 3938 1166 3986 G.

525 4030 602 4063 ιι.
653 4017 779 4070 Dici.
825 4019 976 4066 Recte
1023 4018 1134 4066 Π.
1178 4016 1286 4065 DD.
1332 4014 1457 4070 dici,

444 4091 585 4156 quod
610 4095 715 4143 Bss.
750 4106 799 4144 et
842 4096 972 4146 Gud.
1003 4109 1024 4145 t
1066 4095 1248 4145 habent
1272 4128 1289 4156 ,
1333 4110 1460 4160 prn-

1568 1879 1756 1929 tulere:
1782 1894 1891 1927 nsm
1916 1879 2053 1939 duci,
2099 1880 2235 1944 quod
2276 1882 2416 1930 Grut.
2460 1898 2588 1933 reee-

1565 1960 1670 2024 pit,
1701 1960 1922 2023 quamvis
1946 1958 2239 2023 scriptorum
2258 1961 2321 2009 sit
2339 1971 2389 2009 et
2408 1962 2588 2011 multo-

1566 2053 1677 2085 rum
1716 2048 1765 2084 et
1794 2036 2110 2102 probatorum
2128 2050 2344 2097 ,vimen
2367 2040 2586 2103 rejicien-

1567 2115 1687 2164 dum
1723 2127 1810 2165 est.
1848 2117 2086 2165 Miremur
2113 2129 2273 2167 sutem
2310 2120 2540 2168 Buthium
2568 2153 2585 2181 ,

1565 2197 1654 2258 qni
1675 2229 1691 2254 ,
1733 2196 1829 2243 nisi
1853 2195 1968 2244 duci
1995 2196 2214 2260 legatur,
2249 2208 2440 2263 turpem
2468 2202 2587 2249 oriri

1566 2273 1881 2337 tautologiam
1907 2285 2049 2339 putet
2080 2291 2094 2323 ε
2119 2292 2230 2323 nsm
2258 2278 2394 2341 prius
2428 2294 2588 2328 enun-

1566 2354 1738 2403 tiatum
1781 2353 1844 2400 sd
1880 2352 2282 2416 distinctionem,
2320 2380 2345 2398 α
2393 2374 2495 2407 non
2532 2360 2588 2410 in

1564 2443 1725 2497 parte,
1744 2431 1897 2480 sedin
1911 2448 2050 2497 perp.
2071 2436 2361 2498 tempor-isa,
2376 2450 2589 2502 speetstz

1563 2512 1807 2576 posterius
1833 2509 1894 2558 ad
1930 2527 2030 2558 rem
2065 2513 2245 2575 ipsam,
2285 2526 2431 2579 atque
2471 2518 2587 2567 inde

1563 2591 1763 2639 omnino
1778 2590 1992 2639 additur.
2029 2592 2202 2656 Neque
2227 2591 2413 2643 beatum
2434 2596 2585 2646 vitam

1562 2671 1801 2736 Epicurus
1820 2671 1876 2718 in
1902 2672 2133 2736 temporis
2159 2675 2483 2737 perpetuitate
2499 2692 2591 2741 po·

1561 2750 1722 2799 nebat.
1747 2751 1810 2799 G.
1831 2776 1898 2786 —
1918 2749 2050 2798 Oliv.
2071 2750 2217 2799 hebet
2239 2752 2369 2802 duee‘.

1638 2846 1657 2877 ι
1671 2845 1720 2877 2.
1755 2830 1914 2892 Quum
1933 2830 2084 2877 semel
2105 2842 2176 2878 est
2190 2843 2418 2895 suscepta
2437 2833 2583 2881 beata

1558 2908 1692 2960 vita.
1718 2911 1854 2960 Goer.
1881 2910 2025 2958 scrib.
2050 2926 2196 2974 quum
2213 2923 2428 2974 suscepta
2439 2915 2589 2962 semei

1559 3001 1632 3038 ese
1666 2990 1714 3038 b.
1740 3007 1797 3038 ν.
1829 2990 1934 3049 Sic,
1977 2990 2159 3052 inquit,
2199 3005 2367 3036 omnes
2394 2993 2546 3039 nostri
2565 3034 2582 3060 ,

1558 3079 1769 3133 excepto
1802 3065 1934 3116 Gud.
1956 3082 1984 3115 ι
2002 3101 2019 3124 ,
2054 3067 2140 3129 qui
2173 3067 2305 3115 solus
2331 3067 2578 3133 vulgatam

1557 3147 1706 3195 refert
1722 3182 1738 3209 ,
1755 3162 1837 3209 qu.
1855 3145 2001 3192 semel
2020 3154 2090 3192 ese
2106 3156 2329 3209 suscepta
2341 3180 2358 3202 ,
2380 3158 2473 3195 etc.
2491 3150 2581 3197 ot·-

1557 3223 1820 3272 senderunt
1839 3239 2015 3287 nempe
2042 3223 2214 3270 scribae
2233 3225 2287 3272 in
2320 3225 2578 3276 verborum

1555 3303 1725 3365 positu
1742 3317 1920 3365 ,quum
1940 3316 2042 3349 non
2062 3300 2309 3363 viderent,
2330 3321 2409 3352 vv.
2432 3305 2579 3355 beata

1554 3380 1667 3428 vita
1697 3380 1950 3428 contextui
1973 3378 2124 3428 modo
2161 3380 2437 3442 sdhaererez
2480 3402 2579 3450 qua

1556 3458 1619 3507 de
1653 3475 1705 3506 re
1734 3460 1882 3507 toties
1908 3459 2202 3509 monuimus.
2240 3461 2326 3511 cf.
2362 3464 2468 3512 Att.
2496 3468 2542 3513 X
2561 3503 2577 3528 ,

1553 3555 1631 3602 ep.
1664 3546 1696 3594 4
1717 3570 1732 3595 ‚
1768 3558 1794 3580 ιι
1820 3555 1896 3586 res
1922 3538 1966 3586 si
1990 3540 2323 3602 coepts„semel
2365 3542 2509 3590 fuerit
2528 3566 2572 3589 ι.

1553 3618 1706 3665 Recte
1733 3628 1891 3666 autem
1914 3628 2138 3681 suscepta
2169 3620 2468 3681 premissum
2485 3638 2577 3686 pu·

1554 3695 1702 3753 tabis,
1729 3712 1880 3759 quum
1901 3699 1952 3744 in
1981 3712 2040 3744 eo
2066 3699 2314 3746 sententiae
2336 3700 2409 3747 vis
2430 3700 2511 3748 sit.

1630 3791 1651 3823 1
1662 3777 1709 3823 3.
1731 3777 1902 3839 Neque
1920 3787 2187 3841 exspectat.
2204 3776 2444 3827 Miriflcus
2460 3795 2575 3828 sune

1550 3855 1761 3904 Rathius
1796 3866 1890 3914 est,
1919 3872 2072 3919 quum
2102 3856 2260 3905 verbis
2281 3890 2297 3917 ,
2314 3874 2472 3922 neque
2489 3875 2577 3906 u·-

1548 3938 1764 4000 5pecea'e‚
1779 3937 1924 3985 aliter
1934 3938 2155 3986 interseri
2173 3938 2314 3998 velit,
2331 3939 2574 4003 vulgatum

1549 4016 1656 4064 sine
1679 4031 1822 4064 sensu
1840 4015 2084 4078 judie-ns.
2110 4017 2190 4065 Sic
2216 4014 2321 4065 hee
2338 4016 2571 4082 capienda

1549 4105 1665 4144 sunt
1694 4112 1707 4145 z
1734 4117 1760 4137 ιι
1787 4111 1945 4161 neque
1972 4096 2071 4145 vits
2095 4095 2232 4145 besta
2253 4106 2459 4145 mortem
2484 4109 2572 4141 ex·
