3217 4784
679 486 755 530 ια
1206 468 1341 534 JO.
1389 469 1633 537 AUG.
1689 467 2264 537 GOERENZII

664 583 930 649 buerat:
971 601 1082 666 ut,
1120 607 1315 672 quam
1347 586 1822 677 philosophiam
1855 585 2205 668 didicerat,
2239 609 2379 651 eam
2422 610 2554 650 non
2596 588 2792 653 modo

666 714 794 754 non
826 691 1207 781 neglexisset
1226 740 1245 773 ,
1275 693 1392 759 sed
1417 697 1618 785 magis
1650 697 1843 762 etiam
1875 711 2136 783 postero
2165 711 2458 782 tempore
2488 696 2795 760 excoluis-

661 813 788 881 set3
820 798 902 861 cf.
942 797 1023 863 N.
1060 799 1136 861 D.
1167 798 1229 880 Ι,
1276 823 1351 887 7,
1398 802 1494 866 16.
1538 803 1847 868 Proeterea
1893 800 2065 865 idem
2111 801 2216 865 ille
2251 800 2450 866 literis
2495 802 2583 865 ita
2624 802 2793 865 bene

662 904 903 967 tinctus
918 921 1072 986 erat,
1092 922 1167 969 ut
1184 936 1209 961 ι
1230 907 1505 972 maxime
1526 931 1602 973 ex
1625 910 1929 974 omnibus
1944 958 1962 992 ,
1998 908 2284 995 quiante
2307 909 2596 990 fuerant,
2632 932 2791 998 grae·

661 1007 752 1071 cis
771 1006 1083 1072 doctrinis
1112 1011 1444 1076 eruditus»
1478 1014 1901 1102 reperiretur:
1928 1012 2265 1077 «acumine
2294 1013 2486 1077 etiam
2508 1012 2791 1100 quodam

661 1128 796 1174 arte
822 1111 1044 1177 limato
1062 1144 1088 1170 ι
1110 1115 1412 1202 polleret,
1438 1117 1954 1206 eloquentioeque
1971 1116 2161 1182 laude
2187 1115 2480 1199 floreret3
2506 1117 2593 1182 cf.
2611 1119 2789 1184 Brut.

661 1216 770 1303 67,
806 1216 952 1281 236.
995 1219 1082 1282 At
1113 1219 1317 1284 serius
1349 1242 1499 1285 cum
1536 1244 1618 1285 eo
1637 1270 1656 1305 ‚
1686 1222 1928 1311 quippe
1953 1221 2161 1286 Clodii
2194 1221 2514 1305 familiari,
2542 1223 2791 1287 Tullius

659 1319 821 1385 adeo
848 1319 1234 1411 discreparat
1251 1372 1271 1407 ,
1298 1340 1373 1389 ut
1402 1341 1622 1414 aperta
1644 1327 1816 1391 inter
1847 1349 1957 1392 eos
1987 1326 2324 1392 inimicitia
2350 1344 2792 1408 exerceretur3

660 1425 788 1490 vid.
841 1431 968 1493 Att.
1020 1429 1080 1511 I,
1128 1453 1225 1518 ep.
1282 1431 1379 1496 16.
1423 1432 1859 1497 Redeundum
1892 1432 2089 1521 igitur
2124 1432 2204 1497 ad
2239 1433 2456 1521 priora
2498 1450 2790 1524 tempora

661 1546 831 1613 erat,
864 1534 919 1597 si
955 1534 1052 1598 uti
1080 1535 1217 1615 ejus
1253 1559 1524 1626 persona
1552 1539 1763 1603 vellet.
1806 1536 2007 1620 Quod
2033 1560 2240 1625 quum
2266 1539 2463 1601 semel
2503 1554 2670 1602 esset
2695 1540 2791 1602 fa·

659 1636 963 1702 ciendum
985 1688 1004 1722 ,
1040 1641 1106 1704 in
1139 1641 1355 1731 ipsum
1390 1642 1573 1707 illum
1608 1666 1856 1707 annum
1894 1665 2264 1707 sermonem
2304 1664 2456 1706 cum
2492 1665 2572 1707 eo
2602 1643 2789 1707 insti·

660 1742 978 1808 tuendum
1022 1749 1271 1828 rejecit,
1313 1771 1509 1836 quem
1555 1749 1626 1812 hi
1667 1750 1863 1814 simul
1894 1749 2161 1847 Athenis
2194 1764 2655 1839 transegerant.
2689 1748 2792 1815 Ad

660 1848 841 1935 quod
882 1849 1233 1921 ,consilium
1283 1851 1553 1916 fortasse
1600 1852 1730 1916 hoc
1775 1855 1967 1917 etiam
2017 1870 2348 1918 auctorem
2394 1853 2748 1917 commovit
2766 1902 2788 1933 ‚

659 1952 838 2038 quod
866 1954 959 2018 sic
989 1954 1234 2040 optime
1267 1953 1338 2017 L.
1373 1955 1783 2036 Ciceronem,
1818 1957 2207 2043 patruelem,
2231 1958 2518 2021 intexere
2542 1974 2788 2046 posset,

612 2064 623 2074 ‘
658 2079 854 2144 quem
886 2073 1265 2146 praematura
1305 2075 1514 2123 morte
1545 2060 1673 2124 685
1719 2077 2010 2148 ereptum
2030 2108 2048 2140 ,
2091 2061 2179 2124 ob
2222 2062 2612 2150 singularem
2646 2085 2790 2127 mo-

660 2163 927 2227 destiam
961 2165 1424 2254 literarumque
1458 2188 1747 2231 amorem
1784 2167 2017 2231 eximie
2048 2166 2391 2250 dilexerat3
2428 2168 2553 2233 vid.
2594 2168 2678 2234 ad
2708 2170 2790 2250 V,

665 2291 691 2331 1
719 2317 738 2351 ,
780 2296 805 2334 1
834 2319 854 2353 ,
886 2269 986 2334 cll.
1026 2271 1179 2335 Ern.
1216 2272 1389 2336 Clav.
1438 2272 1585 2337 hist.
1633 2272 1696 2337 h.
1749 2296 1813 2336 n.
1853 2271 2291 2363 Assignandus
2334 2274 2533 2362 igitur
2578 2276 2790 2362 quinti

657 2374 803 2438 libri
862 2377 1146 2439 sermoni
1191 2400 1401 2442 annus
1437 2379 1603 2465 674,
1650 2378 1749 2442 vel
1794 2394 1966 2442 certe
2012 2378 2289 2465 proximi
2336 2377 2596 2441 initium
2653 2394 2789 2458 est,

656 2502 791 2565 quo
825 2497 1115 2569 tempore
1140 2481 1507 2547 studiorum
1542 2505 1733 2546 causa
1760 2497 1990 2545 auctor
2021 2480 2290 2545 Athenis
2317 2480 2513 2562 vixit,
2539 2482 2788 2569 ibique,

658 2600 733 2647 ut
760 2587 898 2673 ipse
930 2600 1232 2664 testatur,
1278 2619 1303 2644 ι
1324 2611 1434 2653 sex
1466 2610 1721 2652 menses
1760 2604 1913 2652 cum
1949 2585 2276 2651 Antiocho
2297 2634 2316 2668 ,
2357 2586 2591 2652 veteris
2624 2588 2789 2652 Aca·

659 2689 884 2756 demiae
920 2693 1319 2758 nobilissimo
1371 2710 1435 2759 et
1469 2693 1977 2784 prudentissimo
2013 2692 2406 2781 philosopho
2451 2693 2607 2775 fuit,
2649 2709 2791 2759 stu·

656 2796 969 2887 diumque
997 2799 1417 2888 philosophiae
1436 2849 1454 2883 ,
1487 2824 1844 2890 numquam
1877 2799 2316 2865 intermissum
2334 2846 2355 2881 ‚
2387 2823 2422 2864 a
2455 2801 2790 2889 primaque

656 2903 1082 2970 adolescentia
1108 2906 1354 2970 cultum
1374 2955 1393 2989 ,
1423 2923 1487 2971 et
1513 2928 1768 2996 semper
1797 2922 2094 2988 auctum,
2121 2906 2250 2970 hoc
2275 2928 2500 2971 rursus
2530 2929 2789 2971 summo

658 3028 920 3076 auctore
952 3028 1018 3076 et
1050 3010 1319 3077 doctore
1348 3013 1756 3094 renovavit»;
1780 3011 1909 3076 vid.
1942 3014 2119 3076 Brut.
2151 3034 2268 3098 91,
2304 3010 2452 3077 315.

746 3119 828 3183 11.
862 3116 987 3182 Sed
1009 3120 1159 3183 satis
1171 3118 1302 3198 jam
1324 3118 1409 3183 de
1432 3141 1585 3184 vero
1607 3118 1996 3207 scriptorum
2017 3117 2475 3205 editorumque
2499 3116 2581 3181 de
2601 3117 2787 3182 Fini-

657 3223 780 3286 bus
805 3222 1121 3287 librorum
1143 3272 1161 3305 ,
1195 3224 1408 3313 deque
1443 3223 1593 3289 ficto
1634 3246 2013 3289 sermonum
2057 3224 2134 3287 iis
2167 3223 2784 3311 comprehensorum

658 3343 988 3414 tempore:
1023 3327 1106 3392 ad
1142 3330 1426 3394 universi
1453 3331 1664 3419 operis
1705 3327 2202 3393 delineationem
2220 3376 2238 3404 ‚
2272 3349 2469 3415 quam
2496 3327 2785 3395 secundo

658 3432 804 3496 loco
821 3432 1232 3520 quaerendam
1251 3434 1972 3523 posuimus,veniamus.
1990 3435 2068 3498 In
2088 3455 2222 3521 quo
2236 3431 2659 3497 mirabundos
2673 3454 2784 3497 eos

656 3536 872 3602 videre
911 3538 1100 3603 nobis
1152 3538 1448 3603 videmur
1467 3585 1486 3619 ,
1523 3540 1672 3627 qui,
1706 3562 1850 3625 quae
1881 3539 2222 3625 hucusque
2255 3538 2337 3601 ab
2372 3538 2508 3603 aliis
2543 3536 2627 3601 ad
2662 3538 2785 3601 hos

655 3643 855 3707 libros
884 3636 1105 3708 notata
1134 3661 1291 3708 sunt
1309 3692 1328 3726 ,
1358 3644 1663 3734 praesenti
1692 3643 1911 3707 animo
1943 3642 2359 3707 contineant:
2387 3664 2595 3730 quum
2623 3663 2785 3706 nus·-

656 3771 850 3836 quam
887 3747 969 3812 de
1003 3748 1215 3836 aliqua
1254 3749 1453 3812 totius
1487 3748 1686 3829 hujus
1720 3758 2066 3829 συντάγματος
2097 3745 2528 3835 descriptione
2561 3768 2645 3811 ne
2670 3769 2784 3811 su-

654 3852 856 3942 spicio
912 3853 1177 3941 quidem
1232 3852 1550 3933 injiciatur
1569 3902 1587 3936 ,
1634 3875 1848 3941 neque
1905 3851 2087 3916 facile
2142 3850 2446 3916 interiore
2500 3851 2784 3940 quodam

632 3958 902 4023 ordinis
950 3957 1062 4023 filo
1096 3975 1229 4022 tam
1285 3957 1513 4023 diversi
1560 3961 1812 4049 generis
1861 3979 2191 4024 sermones
2229 3957 2553 4022 cohaerere
2596 3980 2785 4047 posse

654 4065 1014 4128 videantur.
1056 4065 1171 4128 Est
1205 4063 1466 4152 quidem
1501 4065 1577 4128 iis
1608 4064 2153 4153 philosophorum
2192 4063 2478 4145 familiis,
2511 4087 2785 4151 quarum

657 4171 736 4236 de
769 4171 1040 4235 Finibus
1067 4171 1400 4235 sententioe
1431 4187 1790 4235 tractantur
1808 4219 1827 4253 ,
1859 4172 2090 4235 harum
2121 4193 2340 4236 rerum
2369 4170 2784 4258 exponenda·
