3217 4784
767 472 893 540 DE
940 470 1115 541 FIN.
1157 470 1363 539 BON.
1416 473 1530 540 ET
1578 474 1798 542 MAL.
1853 474 1973 558 lv,
2010 496 2120 541 21.

2369 469 2509 542 505

386 610 471 667 ut
501 591 735 664 verbis
750 608 1041 664 utamur
1059 616 1280 689 quam
1301 594 1816 680 usitatissimis»,
1855 608 1928 665 et
1958 617 2179 689 quam
2204 595 2510 664 maxime

387 705 608 802 aptiS,
647 701 722 772 id
766 717 906 790 est,
939 726 1090 773 rem
1136 700 1686 773 declarantibus.
1733 708 1924 775 Num
1962 703 2179 798 igitur
2206 700 2510 773 dubium
2549 719 2617 773 58

388 829 529 900 est,
564 815 781 910 quin,
812 817 873 882 si
908 814 981 882 in
1010 836 1090 883 re
1118 813 1272 909 ipsa
1302 810 1486 882 nihil
1515 828 1858 910 peccatur
1893 838 1934 884 a
1975 813 2469 912 superioribus
2492 869 2511 903 ,

383 922 620 995 verbis
645 922 745 993 illi
766 920 1216 994 commodius
1245 936 1544 994 utantur
1562 918 1668 994 ¹3?
1691 923 2079 996 Videamus
2116 926 2332 1023 igitur
2361 950 2514 996 sen-

387 1037 645 1105 tentias
680 1056 932 1103 eorum
956 1032 1021 1088 ¹⁴
1052 1060 1069 1102 ε
1102 1047 1255 1103 tum
1294 1033 1384 1103 ad
1428 1033 1648 1106 verba
1690 1035 2092 1107 redeamus,

482 1148 670 1214 XXI.
725 1145 1000 1213 Dicunt
1052 1144 1572 1241 appetitionem
1615 1146 1873 1217 animi¹
1931 1149 2240 1236 moveri,
2287 1173 2516 1245 quum

384 1251 656 1348 aliquid
700 1256 766 1324 ei
817 1253 1220 1326 secundum
1263 1269 1593 1327 naturam
1635 1281 1789 1328 esse
1825 1256 2198 1345 videatur3
2236 1262 2518 1331 omnia-

386 1387 532 1460 que
557 1417 577 1451 ,
604 1388 767 1460 quoe
799 1365 1201 1436 secundum
1228 1379 1559 1436 naturam
1585 1367 1764 1454 sint,
1796 1369 2262 1438 aestimatione
2281 1368 2520 1466 aliqua

385 1472 646 1571 digna3
692 1498 924 1572 eaque
966 1500 1100 1573 pro
1144 1499 1266 1561 e0,
1311 1491 1669 1571 quantum
1721 1477 1797 1547 in
1840 1500 2136 1573 quoque
2186 1478 2276 1547 sit
2336 1503 2520 1575 pon-

384 1582 665 1674 deris2,
697 1580 888 1657 esse3
918 1584 1367 1672 aestimanda3
1405 1608 1716 1682 quaeque
1753 1585 2154 1659 secundum
2193 1601 2519 1658 naturam

386 1694 562 1779 sint,
594 1697 852 1791 partim
885 1693 1065 1764 nihil
1102 1691 1374 1765 habere
1406 1697 1481 1765 in
1512 1719 1665 1767 sese
1694 1699 1850 1792 ejus
1880 1698 2345 1795 appetitionis
2365 1752 2384 1784 ,
2428 1696 2519 1767 de

388 1826 533 1898 qua
569 1829 755 1901 saepe
780 1805 927 1900 jam
966 1802 1317 1891 diximus,
1360 1829 1522 1902 quae
1562 1831 1700 1878 nec
1732 1807 2038 1880 honesta
2061 1863 2080 1895 ,
2120 1833 2254 1879 nec
2282 1806 2522 1879 lauda·

385 1909 559 1983 bilia
582 1912 947 2021 dican'tur3
993 1917 1290 2012 partim,
1329 1940 1491 2013 quae
1530 1919 1974 2018 voluptatem
2029 1919 2401 1991 habeant4
2447 1921 2520 1989 in

465 2152 544 2198 13.
572 2149 742 2198 Verbis
763 2149 838 2198 illi
851 2151 1152 2200 commodius
1170 2163 1374 2199 utantur
1387 2158 1415 2200 :²

389 2228 693 2280 Confirmant
716 2241 815 2278 tres
841 2233 997 2278 nostri
1021 2242 1246 2291 utantur,
1278 2232 1415 2296 quod

389 2326 501 2357 cum
556 2309 715 2367 Aldo,
751 2325 845 2357 avo
861 2344 877 2369 ,
916 2320 1045 2357 recte
1099 2311 1266 2358 Davis.
1319 2326 1414 2375 pro

388 2389 590 2452 vulgato
627 2398 828 2434 utuntur·
862 2390 1102 2451 reposuit.
1152 2390 1415 2437 Lambinus

389 2466 790 2516 commode'on’bus
815 2467 987 2515 suadet
1014 2482 1027 2516 z
1055 2468 1124 2515 sel
1162 2469 1415 2533 vulgatum

389 2547 561 2595 melius
583 2556 683 2604 est,
701 2555 750 2593 et
768 2546 957 2609 aptiore
975 2548 1165 2594 ratione
1184 2549 1329 2596 valet.
1351 2553 1412 2598 G.

464 2635 548 2681 14.
571 2624 845 2674 Sententia-s
862 2642 1048 2674 eorum.
1066 2628 1415 2692 Peripatetico-

390 2722 496 2753 rum
544 2715 663 2770 puta
684 2739 698 2762 ,
733 2720 845 2752 cnm
892 2705 1072 2768 quibus
1099 2716 1202 2753 tum
1227 2706 1416 2755 Acade-

387 2786 505 2831 mici
564 2800 764 2848 qnoque
810 2784 1055 2833 faciebant
1080 2821 1094 2844 ,
1156 2786 1415 2834 Polemone

390 2864 634 2928 principe.
656 2861 809 2924 Quod
830 2862 897 2910 ob
922 2865 1171 2926 sequentia
1194 2876 1417 2913 accurate

391 2941 653 2990 tenendum
670 2951 759 2988 est.
780 2944 843 2990 G.

456 3022 603 3070 xxl.
629 3036 649 3067 ι
660 3054 674 3068 .
688 3017 1047 3081 Appetitionem
1064 3020 1236 3067 anieni.
1251 3011 1413 3089 ὁρμὴν

388 3111 534 3164 puta,
563 3098 643 3147 cni
667 3095 814 3151 πάθος
832 3130 847 3154 ,
881 3094 1043 3145 animi
1073 3100 1410 3161 perturbatio,

389 3178 679 3242 opponitur.
732 3177 803 3223 Ut
856 3185 1019 3223 autem
1073 3176 1178 3225 baec
1233 3179 1412 3226 Stoicis

389 3279 416 3300 .-
434 3271 599 3304 aversa
622 3272 651 3302 a
677 3265 805 3302 recte
833 3255 1049 3312 ratione,
1069 3266 1119 3303 et
1140 3267 1312 3304 contra
1326 3273 1412 3305 nn-

390 3347 610 3396 tnrsm·‚
631 3333 812 3381 dicitnr
835 3334 985 3381 Tnsc.
1011 3335 1109 3392 IV,
1129 3334 1185 3392 6,
1225 3352 1278 3383 ιι
1304 3369 1318 3393 ,
1344 3337 1410 3383 ita

387 3414 537 3462 iidem
569 3409 912 3476 appetitionem
965 3410 1010 3460 ἰν
1070 3412 1167 3470 τοῖς
1207 3416 1412 3483 λογικοῖς

386 3489 521 3549 ζώοις
538 3488 728 3560 λογικὴν
752 3480 870 3538 εἶναι
890 3524 905 3549 ,
940 3484 1025 3537 καὶ
1047 3489 1410 3559 συγκατάθεσιν,

385 3570 645 3636 perhibent
663 3604 679 3629 ,
701 3570 734 3615 i.
752 3585 794 3616 e.
820 3588 843 3611 ι
872 3569 1077 3617 rationis
1100 3571 1272 3620 edictis
1297 3590 1413 3622 con·

386 3661 663 3698 sentaneam
688 3668 728 3697 ι.
765 3646 883 3693 vid.
911 3646 1052 3696 Stob.
1088 3649 1208 3698 Eell.
1252 3652 1421 3703 Etbic..

386 3732 466 3787 11,
494 3745 546 3793 p.
577 3726 805 3786 160,cll.
829 3725 956 3774 ibid.
982 3743 1097 3791 pag.
1133 3731 1247 3785 164.
1269 3732 1412 3781 Adde

385 3824 532 3874 snpra
559 3809 634 3855 111
653 3839 669 3864 ,
702 3823 727 3866 7
752 3840 769 3864 ,
808 3805 893 3854 23.
924 3806 1057 3853 Hinc
1085 3809 1322 3873 appetitio
1349 3814 1411 3861 ad

385 3903 442 3934 ea
465 3886 615 3935 modo
638 3885 879 3948 pertinet,
904 3900 1015 3947 qnae
1032 3888 1301 3937 secundnm
1329 3907 1414 3941 ns·

388 3973 547 4012 turam
558 3973 671 4012 sunt
687 3974 861 4026 :atque
878 3979 1028 4025 qunm
1044 3964 1146 4028 ipss
1162 3967 1225 4015 ad
1247 3991 1271 4010 ιι
1282 3972 1415 4032 judi.

389 4044 521 4091 einm
547 4043 746 4093 rationis
773 4042 837 4088 de
871 4041 1017 4090 rebus
1042 4045 1096 4090 in
1128 4062 1296 4097 sensns
1327 4069 1409 4100 ea-

389 4119 688 4177 dentibnsu,
728 4134 839 4181 qnae
864 4121 1085 4169 animum
1135 4125 1266 4185 (das
1308 4131 1408 4179 Ge.

390 4201 524 4250 miitlt
547 4196 568 4262 )
597 4207 824 4256 movent,
871 4200 1128 4265 reseratur,
1180 4208 1325 4257 toties
1364 4214 1407 4258 ei

1500 2158 1674 2196 unctor
1692 2150 1845 2212 genit.
1862 2148 2017 2198 animi
2031 2148 2360 2197 distinctionis
2381 2166 2522 2197 cansa

1499 2225 1655 2275 addit.
1685 2233 1747 2279 G.

1573 2321 1625 2353 a.
1645 2306 1703 2353 In
1725 2322 1916 2370 quoque
1926 2306 1989 2355 sit
2002 2307 2160 2371 pond.
2187 2308 2393 2372 Quoque
2418 2319 2492 2356 est
2506 2342 2522 2370 ,

1500 2406 1524 2425 α
1557 2399 1872 2447 quocumque
1909 2400 2078 2432 eorum
2118 2402 2228 2447 quae
2254 2385 2521 2434 secundnm

1498 2473 1718 2510 naturam
1734 2464 1835 2510 sint
1850 2480 1895 2512 ι·
1908 2463 2044 2527 qnod
2062 2480 2211 2527 quum
2231 2465 2402 2512 seribae
2420 2482 2521 2514 non

1497 2542 1747 2601 viderent,
1776 2542 1923 2591 codd.
1963 2544 2118 2591 nostri
2152 2542 2368 2606 edithne
2401 2556 2521 2593 vett.

1499 2622 1721 2687 plerique
1743 2639 1915 2673 omnes
1942 2625 1994 2672 in
2021 2642 2218 2690 quaque
2235 2660 2251 2685 ‚
2285 2642 2434 2690 prava
2460 2625 2524 2674 sd

1497 2702 1845 2767 appetitionem
1871 2706 2104 2754 relatione
2129 2706 2362 2771 praebent.
2391 2707 2452 2754 G.

1572 2784 1622 2834 3.
1664 2788 1799 2835 Esse.
1841 2786 1972 2834 Male
1999 2787 2225 2851 ignorant
2252 2786 2383 2834 Gud.
2419 2802 2441 2833 1
2473 2797 2523 2833 et

1499 2864 1611 2913 Bas.
1638 2881 1744 2913 esse
1762 2898 1778 2923 ,
1810 2877 1962 2928 quum
1988 2865 2399 2913 adseverationem
2430 2864 2521 2912 ad·

1490 2934 1645 3003 J‘uvet.
1672 2945 1894 2993 Ceterum
1918 2944 2086 3008 paullo
2105 2944 2265 2991 laxior
2283 2953 2355 2990 est
2377 2943 2522 3004 bnjns

1498 3020 1528 3084 S
1553 3025 1735 3077 oratio:
1763 3022 1900 3086 qnod
1925 3023 2058 3086 apud
2091 3022 2193 3070 Cic.
2225 3021 2434 3068 maxime
2467 3021 2520 3067 in

1496 3102 1735 3149 sententia
1758 3102 1966 3148 aliorum
1990 3101 2288 3147 contractius
2313 3099 2520 3146 reseren-

1496 3178 1556 3226 da
1583 3180 1840 3229 ob‘servnre
1866 3179 2001 3228 licet.
2032 3180 2094 3226 G.

1567 3266 1616 3315 4.
1644 3258 1832 3306 Partt'm
1854 3257 1982 3305 nihil
2002 3257 2181 3306 habere
2214 3293 2228 3304 .
2250 3291 2265 3305 .
2286 3291 2300 3304 .
2335 3257 2519 3320 partim

1494 3355 1606 3404 quoe
1641 3375 1652 3386 .
1674 3374 1686 3386 .
1708 3373 1722 3386 .
1754 3338 1983 3386 habeant.
2005 3338 2171 3385 Davis.
2195 3336 2259 3384 sd
2277 3336 2519 3400 posterius

1489 3419 1673 3484 partim
1699 3418 1890 3466 lacuna
1901 3419 2035 3481 signs
2054 3416 2240 3481 posuit.
2258 3418 2375 3464 Em.
2400 3417 2517 3464 item

1496 3499 1735 3547 excidisse
1754 3497 1877 3561 quid
1899 3496 2066 3544 ststnit
2081 3509 2095 3543 τ
2112 3495 2199 3543 sed
2215 3509 2360 3559 posse
2373 3495 2518 3542 etiam

1496 3595 1524 3626 e
1561 3578 1809 3627 contrario
1852 3575 2058 3639 intelligi
2096 3574 2278 3622 habere
2315 3589 2335 3620 .·
2382 3572 2518 3636 qnod

1495 3660 1658 3723 ipsum
1692 3657 1895 3705 verbum
1925 3654 2190 3703 Lambinus
2215 3669 2299 3701 sua
2341 3662 2519 3716 sponte

1496 3739 1742 3787 contextis
1753 3735 1946 3784 addidit
1964 3768 1980 3794 ‚
2004 3749 2211 3797 eumque
2224 3731 2518 3781 oxoniensis

1495 3817 1659 3865 editor
1675 3825 1908 3879 sequutus
1924 3823 2015 3862 est.
2044 3811 2338 3860 Accnmtins
2356 3809 2520 3858 videa·

1496 3913 1620 3944 mus.
1642 3895 1803 3943 Primo
1829 3892 2026 3959 quidem
2047 3889 2193 3939 verba
2214 3926 2228 3951 ,
2258 3910 2283 3931 σ
2300 3904 2410 3952 qnae
2429 3904 2519 3935 vo·

1494 3978 1726 4041 luptatem
1758 4008 1772 4021 .
1795 4009 1807 4022 .
1830 4006 1845 4021 .
1876 3973 2016 4020 etism
2033 3992 2082 4025 υ,
2123 3967 2519 4015 circumlocutio-

1496 4071 1606 4103 nem
1654 4050 1960 4117 appetitionis
1974 4083 1990 4107 ,
2035 4047 2180 4115 ὁρμῆς
2221 4045 2476 4093 continent
2498 4077 2516 4101 ‚

1495 4150 1603 4200 qnae
1631 4127 1802 4187 διττῶς
1827 4128 2070 4195 θεωρεῖται
2090 4161 2105 4186 ,
2135 4125 2181 4174 ἐν
2206 4123 2302 4179 τοῖς
2317 4123 2520 4189 λογικοῖς

1495 4210 1663 4281 λογικὴ
1677 4206 1819 4270 οὖσα,
1848 4207 1893 4259 ἐν
1912 4202 1971 4256 8⁸⁸
1993 4204 2088 4260 τοῖς
2121 4201 2308 4271 ἀλόγοις
2329 4198 2519 4270 ἄλογος.
