3217 4784
801 421 925 489 DE
975 421 1146 493 ΠΝ.
1199 420 1407 490 ΒΟΝ.
1456 422 1567 490 ΕΤ
1616 423 1834 491 MAL.
1887 426 2005 510 lv,
2061 430 2160 509 14.

2385 434 2528 529 479

406 538 762 627 t1omini⁶‚
818 544 945 625 ita,
1009 555 1265 640 praeter
1315 542 1671 630 animum,
1723 542 1903 615 nihil
1956 531 2212 617 curant
2244 575 2259 616 :
2298 574 2526 647 quum

404 652 797 747 praesertim
824 653 977 750 ipse
1002 676 1301 749 quoque
1323 652 1608 723 animus
1634 677 1780 724 nou
1806 655 2017 726 inane
2044 659 2329 731 nescio⁷
2353 664 2526 757 quid

403 764 496 831 sit
520 762 804 858 (neque
828 764 1023 833 enim
1052 760 1126 833 id
1158 784 1454 858 possum
1485 761 1885 857 intelligere
1899 764 1954 861 ),
1971 764 2190 839 sedin
2215 772 2530 866 quodam

402 895 665 968 genere
693 872 1056 968 corporis;
1078 885 1158 942 ut
1179 894 1271 941 ne
1295 872 1354 940 is
1368 870 1668 968 quidem
1695 873 1959 947 virtute
1985 901 2132 949 una
2151 895 2533 957 contentus

402 983 528 1067 sit,
558 981 687 1055 sed
724 992 1015 1077 appetat
1047 980 1477 1052 vacuitatem
1512 978 1806 1053 doloris.
1836 983 2332 1072 Quamobrem
2359 995 2536 1064 utri·

404 1114 550 1186 que
596 1088 786 1161 idem
824 1086 1135 1176 faciunt,
1182 1104 1266 1161 ut
1297 1092 1356 1161 si
1401 1091 1647 1161 laevam
1685 1088 2009 1189 partemss
2061 1097 2533 1197 negligerent,

405 1199 773 1269 dexteram
825 1212 1251 1287 tuerentur,
1302 1214 1426 1273 aut
1481 1200 1708 1298 ipsius
1757 1203 2009 1292 animi,
2048 1220 2131 1277 ut
2178 1189 2350 1283 fecit
2395 1218 2534 1287 He·

405 1306 677 1395 rillus9‚
716 1309 1201 1404 cognitionem
1240 1309 1860 1408 amplexarentur,
1908 1314 2266 1389 actionem
2320 1322 2527 1395 relin-

406 1432 734 1513 querent.
773 1424 1047 1492 Eorum
1087 1422 1283 1493 enim
1317 1422 1645 1493 omnium
1670 1475 1689 1507 ‚
1735 1422 1958 1495 multa
1991 1436 2533 1521 praetermitten-

406 1632 541 1685 bium
586 1650 689 1684 non
730 1646 818 1683 est.
861 1636 1059 1683 Monac.
1117 1644 1165 1682 et
1208 1635 1342 1687 Crat.
1370 1635 1435 1681 de

406 1711 671 1761 inaninsaeli
684 1713 854 1776 aliquo
875 1729 893 1759 .·
912 1711 995 1759 sed
1030 1726 1152 1758 voce
1183 1711 1434 1760 Ciceronis

415 1803 636 1855 tempore
660 1807 864 1856 prorsus
892 1789 1139 1838 inusitate.
1175 1790 1295 1839 Inde
1332 1806 1435 1838 non

411 1870 624 1919 animali
657 1871 968 1935 scripsimus,
1005 1871 1189 1937 quippe
1214 1869 1351 1934 quod
1380 1869 1435 1918 in

414 1951 524 1998 Bas.
554 1949 791 1997 nominali
817 1949 964 1997 latere
992 1948 1228 1999 videatur.
1257 1948 1436 1997 Scribit

407 2039 570 2077 sutem
597 2040 770 2077 auctor
795 2045 892 2076 non
919 2045 1093 2093 corpus
1109 2026 1436 2103 (nicht-116»

403 2108 526 2171 per)
552 2106 746 2156 Acsdd.
774 2109 824 2169 Ι,
852 2121 940 2163 11,
980 2108 1081 2168 39:
1110 2128 1134 2148 οι
1159 2107 1262 2157 Aut
1299 2104 1436 2171 quod

408 2183 712 2244 efficeretur,
742 2201 888 2250 posse
921 2202 1022 2233 esse
1057 2200 1158 2233 non
1195 2199 1376 2248 corpus
1392 2205 1433 2230 ι.

410 2265 488 2312 Its
513 2264 711 2329 quidem
739 2281 841 2311 non
870 2280 981 2313 cum
1017 2264 1320 2311 substantivo
1345 2279 1435 2311 suo

410 2353 655 2406 tamquam
696 2357 793 2389 una
829 2358 929 2390 vox
962 2340 1211 2407 jungenda
1239 2352 1329 2389 est.
1357 2342 1435 2390 Cf.

410 2437 520 2485 qun
556 2421 695 2487 plura
724 2421 922 2485 collegit
947 2420 1181 2486 Spalding
1198 2420 1260 2469 sd
1280 2421 1437 2482 Quin·

410 2500 486 2564 til.
512 2503 652 2548 Instt.
676 2510 820 2548 oratt.
838 2503 929 2561 IV,
948 2516 967 2547 ι
984 2535 999 2560 ,
1021 2502 1103 2561 73.
1125 2500 1236 2563 Qua
1251 2499 1438 2547 ratione

409 2579 632 2627 hocloco
651 2578 866 2627 adhibita
885 2612 900 2638 ,
919 2578 1108 2643 egregie
1122 2588 1298 2626 cuncta
1320 2594 1439 2625 con·

411 2660 612 2724 spirant.
624 2657 1191 2725 Intelligendusestenim
1201 2658 1440 2722 Epicurus

410 2753 524 2785 cum
551 2737 656 2798 ejus
686 2736 1038 2797 sectatoribus,
1085 2737 1172 2802 qui
1197 2753 1440 2786 summum

410 2816 598 2865 bonum
642 2816 945 2881 voluptatem
1000 2827 1215 2865 statuens
1235 2851 1251 2877 ,
1298 2818 1441 2867 toties

411 2892 600 2941 auctori
621 2892 688 2940 ita
716 2892 853 2958 loqui
874 2893 1084 2954 dicitur,
1117 2917 1142 2936 a
1169 2894 1306 2959 qussi
1331 2894 1439 2943 nui·

412 2988 546 3019 mum
572 2987 675 3019 uon
696 2970 896 3019 haberet
914 2994 956 3019 ιι.
972 2998 1044 3008 -
1058 2973 1110 3021 J.
1128 2975 1190 3021 V.
1213 2974 1270 3022 L.
1298 2975 1437 3023 Goer.

413 3050 707 3111 conjectura
734 3049 895 3097 minus
919 3050 1205 3109 assentitur-3
1230 3068 1377 3115 quiam
1400 3052 1443 3100 si

414 3145 518 3178 nou
534 3130 737 3195 recipias
752 3165 767 3191 ‚
807 3127 1034 3177 animalis
1070 3127 1440 3197 intelligendum

415 3219 487 3258 est
504 3218 749 3273 tamquam
771 3206 946 3257 bestia.

486 3288 536 3336 6.
555 3287 662 3337 Alia·
679 3299 878 3347 contra,
905 3285 1052 3350 quasi
1070 3286 1257 3335 nullum
1271 3303 1442 3351 corpus

415 3365 480 3415 sie
501 3364 701 3416 homini.
730 3367 861 3415 Goer.
911 3364 1059 3413 scrib.
1102 3363 1248 3431 quasi
1270 3381 1441 3428 corpus

416 3446 599 3515 nullum
636 3445 700 3494 sie
736 3445 961 3494 hominis.
1011 3446 1176 3493 Primo
1192 3477 1209 3506 ,
1249 3443 1411 3509 inquit
1425 3479 1442 3508 ,

415 3525 548 3577 Gnd.
584 3540 608 3577 ι
648 3536 810 3573 autem
841 3522 1065 3577 exhibett
1105 3525 1174 3572 sic
1200 3534 1362 3575 tamen
1383 3534 1443 3573 ut

416 3622 561 3673 supra
610 3606 703 3655 alia
742 3620 887 3653 msuu
926 3613 1104 3652 contra
1152 3620 1212 3652 ex
1250 3602 1441 3652 diversa

414 3685 624 3736 lectione
657 3694 868 3733 notetur.
907 3684 1025 3733 Non
1056 3682 1259 3732 videbat
1290 3681 1440 3731 libra-

415 3764 546 3825 rius,
598 3762 847 3829 quomodo
896 3762 974 3811 boe
1033 3763 1285 3813 sententia
1345 3761 1438 3809 sibi

417 3854 576 3897 esent
601 3842 843 3911 opposito
858 3878 875 3909 ,
911 3858 1064 3906 quum
1102 3842 1154 3890 in
1190 3840 1438 3907 praecedd.

396 3936 517 3975 ,non
540 3919 1073 3975 excidisset—Deinde
1091 3919 1440 3984 relinquendus

418 4009 521 4047 eret
568 4000 791 4067 vulgatus
826 3999 949 4051 ordo
989 3999 1176 4051 nullum
1220 4015 1397 4066 corpus
1416 4033 1434 4057 ‚

413 4074 698 4137 iubentibus
740 4078 933 4147 scriptis
973 4078 1199 4127 omuibus
1230 4091 1243 4125 ε
1289 4076 1438 4143 idque

417 4155 554 4215 jure,
591 4171 739 4220 quum
788 4173 850 4205 ex
892 4157 1221 4223 oppositionis
1255 4156 1440 4205 ratione

1492 1626 1771 1677 ‘sententiae
1804 1629 1879 1676 vis
1908 1646 2008 1678 non
2051 1642 2148 1679 tam
2183 1633 2235 1681 in
2261 1634 2503 1696 adjectivo
2522 1675 2536 1695 ,

1517 1720 1663 1769 quam
1705 1707 1858 1756 subst.
1890 1710 2146 1772 quaerends
2173 1714 2254 1762 sit.
2280 1741 2350 1751 -
2404 1716 2535 1767 ottv.

1517 1798 1632 1834 cnm
1650 1785 1789 1837 Goer.
1810 1785 1955 1837 habet
1980 1787 2206 1842 hominis.

1592 1881 1643 1925 7.
1672 1864 1878 1917 Animus
1903 1883 2002 1915 non
2025 1867 2179 1918 inane
2201 1888 2253 1920 n.
2282 1873 2419 1936 quid,
2441 1884 2534 1925 etc.

1517 1942 1646 1991 Mire
1680 1956 1853 1992 auctor
1879 1946 2028 1994 inane
2055 1947 2116 1996 de
2141 1952 2303 1999 auimo
2329 1968 2538 2019 corpore

1517 2025 1655 2070 omni
1681 2035 1894 2089 experte.
1932 2027 2111 2090 Aptius
2145 2030 2293 2093 Legg.
2321 2033 2393 2090 11,
2441 2033 2535 2093 18,

1519 2103 1585 2157 ⁴5
1606 2137 1622 2161 ‚
1667 2100 1815 2151 inane
1836 2120 2038 2170 corpus,
2073 2117 2319 2171 tsmqusm
2341 2110 2401 2158 de
2428 2128 2539 2161 vase

1518 2180 1668 2227 animi
1684 2216 1699 2240 ,
1724 2181 1859 2230 dicit.
1888 2183 1984 2230 Sed
2013 2184 2063 2232 h.
2088 2185 2122 2232 l.
2151 2186 2298 2234 inane
2315 2188 2367 2235 id
2390 2190 2536 2239 intel-

1517 2257 1646 2322 tigit,
1669 2257 1733 2306 nd
1747 2259 1879 2323 quod
1902 2261 2043 2309 notio
2056 2264 2189 2311 nulls
2211 2265 2410 2333 adjungi
2424 2285 2538 2333 pos-

1519 2338 1584 2384 sit
1611 2351 1626 2385 :
1665 2348 1847 2385 veteres
1873 2341 2001 2389 enim
2028 2343 2242 2391 animum
2262 2346 2325 2393 ita
2347 2349 2540 2411 penitus

1518 2415 1785 2479 simplicem
1805 2453 1820 2477 ,
1866 2427 1914 2466 et
1955 2420 2115 2467 omnis
2158 2420 2397 2491 ὀχήματος
2419 2462 2434 2485 ,
2483 2441 2538 2478 ut

1520 2510 1633 2542 cum
1657 2495 1858 2543 Plutone
1878 2496 2153 2561 loquamur,
2187 2514 2458 2566 expertem,
2478 2523 2541 2555 ne

1520 2573 1724 2638 cogitari
1746 2573 1943 2639 quidem
1964 2592 2136 2641 posse,
2154 2578 2455 2639 judicabant.
2478 2588 2536 2634 G.

1520 2681 1591 2691 —-
1609 2653 1744 2702 Alibi
1771 2654 1951 2703 rectius
1978 2656 2172 2708 Cicero.
2193 2660 2321 2709 Vide
2342 2664 2539 2714 Tuscul.

1520 2734 1570 2791 1,
1596 2749 1682 2794 2¹7·
1700 2733 1838 2781 Nihil
1866 2744 2052 2795 tumen,
2080 2737 2217 2801 quod
2243 2743 2444 2790 omnino
2480 2744 2540 2793 sit

1522 2812 1792 2883 ἀσώματον
1808 2846 1825 2871 ‚
1881 2815 2149 2879 intelligere
2197 2830 2464 2883 potuerunt
2515 2839 2542 2869 e

1521 2891 1830 2957 philosophis
1854 2909 1999 2959 quam
2019 2895 2238 2960 plurimi.
2261 2899 2375 2947 Vid.
2406 2901 2539 2949 Psel-

1521 2971 1599 3020 lus
1621 2971 1680 3020 de
1700 2974 1848 3038 Oper.
1884 2975 2109 3023 Daemon.
2140 2991 2254 3039 pag.
2292 2978 2377 3035 46.
2415 2979 2542 3027 Hinc

1524 3052 1706 3100 factum
1730 3086 1744 3110 ,
1781 3064 1837 3100 ut
1876 3051 2118 3100 daemonas
2160 3053 2303 3101 etiam
2346 3054 2506 3103 bonos
2528 3093 2542 3117 ,

1523 3130 1741 3194 aliasque
1775 3130 1952 3195 gradus
1982 3130 2224 3180 inferioris
2249 3142 2445 3181 naturas
2469 3149 2542 3181 ra-

1528 3209 1735 3261 tionales
1773 3208 2063 3274 corporibus
2086 3227 2181 3276 pro
2217 3212 2405 3261 ratione
2428 3229 2542 3262 cou-

1524 3286 1728 3335 ditiouis
1753 3297 1837 3334 sut
1861 3287 2208 3349 crassioribus,
2246 3302 2332 3339 aut
2353 3295 2542 3341 tenuio-

1522 3364 1659 3414 ribus
1676 3368 1931 3414 instructss
1942 3383 2044 3419 esse
2061 3369 2352 3419 censuerint.
2365 3372 2544 3420 Eadem

1523 3444 1618 3493 fuit
1643 3444 1873 3509 Origeuis
1891 3444 2196 3515 aliorumque
2223 3449 2418 3499 Pati-um
2439 3467 2545 3498 sen-

1525 3523 1692 3573 tentia.
1717 3525 1846 3573 Du.

1596 3599 1647 3651 8.
1676 3603 1740 3650 Ue
1763 3602 1809 3650 si
1823 3602 1994 3650 Ioevam
2009 3616 2204 3668 partem
2227 3607 2544 3673 negligerent.

1525 3680 1585 3729 ld
1613 3692 1715 3742 est,
1742 3680 1810 3730 ita
1835 3693 2013 3745 agunt,
2039 3699 2096 3730 ac
2117 3684 2159 3731 si
2180 3686 2316 3733 miles
2332 3688 2399 3735 its
2427 3688 2542 3736 dex-

1528 3769 1657 3809 trum
1683 3759 1833 3809 modo
1856 3760 1981 3809 latus
2003 3773 2188 3826 tegere,
2218 3776 2268 3813 et
2292 3783 2319 3813 ι
2342 3765 2547 3817 telorum

1526 3838 1724 3889 incursu
1751 3849 1914 3888 tutum
1933 3852 2162 3904 praestare
2189 3843 2332 3891 vellet
2350 3879 2367 3903 ,
2387 3855 2444 3894 ut
2477 3845 2545 3892 si-

1529 3919 1731 3966 nistrum
1757 3919 1943 3968 undum
1967 3930 2016 3969 et
2036 3920 2248 3970 hostium
2272 3923 2378 3972 telis
2396 3940 2545 3989 expo-

1527 3996 1672 4046 situm
1689 3995 1998 4062 relinqueret.
2025 3999 2090 4047 G.

1598 4093 1650 4141 9.
1695 4075 1927 4126 Her-illus.
1965 4076 2374 4144 Carthaginiensis
2409 4090 2509 4126 erat
2529 4114 2544 4131 .

1528 4170 1863 4220 summumque
1885 4155 2072 4205 bouum
2092 4157 2142 4204 iu
2170 4156 2368 4205 scientis
2393 4172 2544 4223 pone-
