3217 4784
0 3066 1 3071 Α
0 2982 3 3043 ν’ᾼᾼὴ
0 2838 7 2967 ὛᾼντἺ-Α

1129 411 1883 483 ARGUMENTUM.
2440 407 2568 477 321

544 556 749 613 qnam,
790 536 840 594 si
878 536 967 594 vel
998 533 1270 594 omnibus
1301 534 1473 593 rebus
1505 535 1824 614 largissime
1856 530 2137 601 abundet,
2165 529 2239 587 ab
2275 530 2434 587 omni
2469 531 2583 588 ho-

542 635 761 692 minum
797 632 1070 691 societate
1098 644 1384 690 remotum
1411 631 1624 688 vivere.
1670 629 1898 708 Impelli
1931 628 2126 707 potius
2154 645 2442 706 quemque
2471 646 2583 683 na-

541 743 702 798 tura,
747 741 811 786 ut
847 727 1029 806 prosit
1070 744 1247 804 quam
1284 724 1583 803 plurimis,
1636 725 1885 782 maxime
1930 724 2144 802 ingenii
2192 721 2585 798 doctrinaeque

541 847 672 904 ope.
704 831 838 883 Esse
860 825 1038 901 igitur
1062 821 1324 879 homines
1356 819 1432 877 ad
1463 818 1688 877 civilem
1722 820 2187 880 communitatem
2218 833 2425 878 natura
2445 839 2588 877 con-

539 924 822 980 sociatos:
846 918 1007 996 quod
1037 937 1201 976 secus
1227 918 1274 974 si
1301 928 1481 989 esset,
1506 936 1617 974 nec
1636 916 1901 993 justitiae,
1928 938 2035 976 nec
2060 918 2402 998 benignitati
2425 917 2589 978 locus

542 1019 723 1087 foret3
769 1034 902 1073 eum
932 1013 1086 1071 enim
1107 1056 1123 1084 ,
1160 1012 1261 1090 qui
1297 1012 1411 1070 hoc
1450 1012 1621 1071 civile
1645 1011 1743 1090 jus
1774 1024 1992 1086 servet,
2021 1014 2239 1090 justum
2284 1035 2442 1088 esse,
2487 1017 2589 1093 qui

541 1112 692 1170 idem
719 1111 951 1188 migret,
973 1109 1280 1188 injustum,
1312 1116 1342 1182 S
1373 1110 1574 1182 64-67.

617 1206 766 1278 Sed,
806 1205 1070 1284 quamvis
1109 1204 1360 1265 mundus
1392 1206 1711 1265 communis
1752 1205 1824 1264 sit
1868 1205 2164 1279 omnibus,
2193 1227 2360 1268 suum
2401 1222 2593 1268 tamen

538 1322 827 1381 quemque
855 1304 1048 1363 locum
1084 1316 1315 1362 tenere:
1348 1316 1520 1381 atque
1565 1302 1702 1361 inde
1745 1302 2060 1379 sapientem
2085 1323 2319 1382 quoqne
2354 1325 2594 1384 rempu-

534 1399 744 1459 blicam
772 1421 1005 1479 gerere,
1041 1420 1281 1459 uxorem
1308 1401 1549 1472 ducere,
1595 1412 1656 1458 et
1700 1420 1772 1457 ex
1809 1418 1878 1457 ea
1919 1398 2134 1458 liberos
2177 1402 2377 1460 tollere
2412 1405 2594 1477 velle,

539 1504 569 1570 S
597 1500 807 1575 67-69.
850 1497 942 1558 Ad
980 1497 1431 1557 conservandam
1473 1509 1667 1555 autem
1691 1494 1992 1554 hominum
2022 1496 2353 1557 societatem
2380 1502 2597 1559 emolu-

538 1608 731 1654 menta
767 1609 825 1654 et
860 1595 1206 1653 detrimenta
1250 1593 1397 1651 velle
1438 1592 1665 1652 Stoicos
1700 1591 2061 1664 communia3
2106 1592 2359 1672 itemque
2389 1597 2592 1674 paria:

538 1692 904 1750 incommoda
945 1703 1139 1749 autem
1173 1702 1232 1747 et
1263 1686 1595 1760 commoda,
1634 1688 1960 1746 communia
1995 1689 2265 1766 quidem,
2306 1689 2407 1749 sed
2434 1692 2597 1769 paria

535 1790 787 1847 minime.
817 1793 897 1847 At
920 1799 1076 1844 recte
1100 1785 1247 1843 facta
1263 1827 1280 1857 ‚
1307 1796 1366 1841 et
1392 1796 1631 1862 peccata
1651 1825 1667 1852 ,
1704 1786 2034 1844 communia
2066 1805 2186 1844 non
2217 1807 2358 1846 esse.
2384 1788 2598 1847 Amici·

535 1886 672 1942 tiam
696 1904 840 1942 vero
867 1880 1259 1941 adhibendam
1279 1900 1402 1939 esse
1421 1923 1438 1953 ‚
1457 1900 1639 1957 quum
1662 1879 1737 1939 ad
1759 1900 1827 1938 ea
1849 1882 2168 1961 pertineat,
2200 1903 2330 1963 quae
2346 1884 2591 1963 prosint.

533 1980 726 2037 Amici
769 1993 961 2038 autem
999 1979 1279 2038 rationem
1325 1998 1444 2036 non
1491 1978 1681 2037 minus
1721 1996 1915 2036 caram
1953 1979 2201 2055 sapienti
2226 2000 2387 2050 esse,
2418 2000 2595 2058 quam

535 2096 713 2135 suam.
737 2081 942 2153 Neque
965 2075 1273 2135 amicitiam
1292 2119 1306 2147 ,
1331 2096 1439 2134 nec
1461 2074 1773 2152 justitiam,
1799 2089 2042 2153 propter
2070 2076 2347 2136 utilitates
2369 2092 2591 2137 sectan-

536 2171 637 2229 das
662 2191 783 2229 esse
808 2194 823 2229 :
856 2191 990 2230 nam
1021 2192 1147 2249 quae
1174 2172 1450 2231 utilitates
1488 2191 1583 2229 eas
1606 2171 1976 2249 pepererint,
2017 2172 2247 2231 easdem
2282 2174 2387 2233 has
2414 2175 2591 2234 etiam

536 2282 796 2327 evertere
819 2288 1006 2347 posse.
1029 2274 1062 2326 J
1068 2288 1135 2326 us
1157 2281 1350 2329 autem
1372 2288 1405 2325 a
1433 2281 1641 2326 natura
1664 2267 1807 2325 nihil
1835 2266 2108 2339 differre3
2140 2289 2249 2328 nec
2273 2270 2592 2350 sapientem

533 2364 802 2442 injuriam
824 2368 1041 2436 facere,
1066 2384 1174 2422 nec
1205 2363 1510 2421 utilitatem
1534 2382 1567 2421 a
1586 2362 1813 2439 justitia
1839 2362 2058 2420 secludi
2076 2384 2280 2441 posse:
2303 2366 2590 2445 quidquid

536 2480 714 2537 porro
742 2480 971 2538 aequum
991 2461 1330 2537 justumque
1361 2458 1465 2531 sit,
1496 2458 1555 2515 id
1596 2459 1738 2516 item
1774 2477 1895 2517 esse
1924 2457 2263 2531 honestum3
2304 2476 2477 2539 atque
2509 2463 2591 2522 ita

538 2556 787 2614 vicissim
802 2600 816 2628 ,
841 2563 871 2629 S
894 2559 1042 2634 69-7
1056 2577 1104 2616 1.

613 2658 683 2711 In
706 2653 1020 2713 virtutibus
1047 2673 1185 2712 vero
1206 2652 1432 2712 Stoicos
1456 2650 1829 2709 Dialecticam
1847 2663 1908 2709 et
1926 2651 2230 2728 Physicam
2252 2674 2587 2716 numerare:

535 2751 718 2823 illam,
741 2750 901 2827 quod
926 2750 1306 2809 temeritatem
1327 2763 1384 2808 et
1411 2747 1797 2827 ignorantiam
1823 2748 2000 2825 pellat
2015 2794 2031 2822 ,
2062 2750 2243 2823 hanc,
2266 2751 2429 2829 quod
2446 2797 2463 2824 ‚
2483 2754 2586 2832 qui

534 2858 755 2904 naturae
779 2848 1189 2905 convenienter
1220 2847 1417 2905 vivere
1447 2845 1614 2919 velit,
1648 2864 1773 2903 eam
1801 2844 1983 2924 ipsam
2011 2848 2301 2925 cognitam
2334 2847 2584 2921 habeat,

530 2962 762 3001 necesse
783 2943 890 3015 sit,
915 2950 945 3014 S
969 2962 1071 3015 72,
1099 2945 1193 3017 73.
1220 2942 1534 3002 Adduntur
1553 2943 1834 3001 nonnulla
1856 2942 1928 3001 de
1949 2962 2196 3021 persona
2219 2957 2280 3002 et
2306 2944 2584 3021 dignitate

534 3040 845 3118 sapientis:
880 3041 1065 3098 solum
1097 3059 1230 3099 eum
1262 3059 1483 3118 regem,
1506 3040 1770 3111 divitem,
1811 3039 2119 3117 pulchrum
2138 3082 2155 3112 ‚
2193 3038 2471 3108 liberum,
2497 3039 2582 3097 in-

532 3140 746 3197 victum
763 3181 780 3211 ,
802 3139 988 3198 solum
1017 3138 1192 3215 igitur
1219 3135 1455 3196 beatum
1479 3158 1634 3208 esse,
1665 3143 1695 3209 S
1719 3147 1827 3210 074,
1860 3136 1934 3194 ad
1963 3138 2135 3194 finem
2164 3155 2360 3213 usque.

648 4196 877 4263 Il.c1·c.
903 4229 1012 4275 pars
1034 4215 1173 4261 tertia.
2237 4215 2274 4256 2
2294 4214 2315 4256 ι
