3217 4784
1084 466 1835 535 ARGUMENTUM.
2435 488 2520 559 27

474 585 671 666 ali‘quo
690 599 850 647 certe
873 584 1209 665 morborum
1234 587 1479 645 istoru-
1496 604 1623 645 osse
1646 602 1860 665 aegrum
1879 626 1897 657 ,
1919 597 2092 662 atque
2117 586 2200 643 ita
2221 586 2522 646 miserum:

476 686 792 764 sapientem
824 697 1029 745 contra
1056 704 1286 763 semper
1310 684 1546 745 beatum
1566 726 1584 757 ‚
1611 689 1646 756 s
1674 683 1926 743 58—61.
1953 686 2091 743 Hoec
2125 683 2355 743 tradere
2383 685 2528 763 Epi-

475 800 682 843 cureos
721 782 929 841 melius
972 782 1342 860 rectiusque,
1381 800 1557 861 quam
1588 782 1848 854 Stoicos,
1879 781 1984 859 qui
2032 780 2263 840 honesti
2295 780 2529 840 nomine

478 883 707 941 inanem
730 880 1044 959 qnamdam
1072 880 1335 939 umbram
1362 880 1593 963 virtutis
1624 880 2114 959 compleantur,
2162 898 2342 958 <pum
2381 880 2536 938 hanc

479 978 555 1037 ad
602 977 774 1037 beate
806 968 1122 1036 virentium
1158 998 1219 1041 ae
1263 979 1398 1056 ipsa‘
1424 990 1754 1036 conmotam
1786 989 2057 1037 statuam.
2092 976 2231 1037 Illos
2255 978 2531 1037 ‘virtutem

480 1073 727 1135 solidam
762 1075 1076 1153 quamdam
1114 1094 1237 1133 rem
1277 1076 1488 1145 facere,
1533 1073 1734 1134 addita
1777 1074 2109 1153 voluptate,
2145 1090 2266 1152 qua
2303 1075 2533 1153 sapiens

481 1190 793 1248 numquam
815 1185 1028 1231 careat.
1056 1176 1226 1232 Hunc
1251 1171 1406 1231 enim
1421 1214 1440 1244 ,
1471 1189 1652 1249 quum
1677 1173 1970 1250 praeterita
1994 1186 2153 1250 grate
2179 1172 2536 1244 meminerit,

484 1266 861 1345 praesentibus
900 1269 1155 1342 fruatur,
1204 1269 1397 1327 futura
1435 1288 1554 1328 non
1585 1269 1817 1341 timeat,
1856 1268 2073 1328 abillis
2101 1270 2294 1342 vitiis,
2323 1270 2536 1348 quibus

483 1365 789 1424 stultorum
810 1366 930 1424 vita
955 1378 1278 1437 evertatur,
1305 1363 1504 1424 abesse
1525 1365 1876 1444 plurimum:
1905 1367 1986 1424 ita
2018 1386 2181 1425 suam
2206 1367 2380 1425 vitam
2404 1388 2534 1427 eum

484 1482 552 1520 ea
578 1463 820 1521 istorum
843 1476 1275 1540 comparantem
1286 1482 1539 1542 „magna
1572 1464 1870 1541 voluptate
1906 1463 2058 1521 affici
2083 1506 2099 1534 ‚
2143 1462 2288 1522 nihil
2321 1464 2535 1524 dolori-

483 1556 625 1633 bus,
663 1561 712 1617 si
745 1560 846 1636 qui
880 1559 1211 1626 incurrant,
1249 1559 1612 1637 interrupta3
1639 1578 1867 1635 semper
1894 1559 2054 1617 enim
2080 1560 2210 1636 plus
2238 1580 2393 1634 esse,
2417 1581 2535 1639 quo

484 1654 766 1732 gaudeat,
801 1675 974 1733 quam
1005 1675 1125 1733 quo
1154 1667 1419 1732 angatur,
1449 1661 1481 1726 s
1511 1655 1770 1712 61-65.

563 1753 941 1828 Dialecticam
969 1763 1188 1821 autem,
1213 1749 1287 1808 de
1317 1769 1435 1827 qua
1462 1749 1642 1808 Stoici
1673 1748 1786 1807 sibi
1814 1751 2058 1807 muitum
2088 1749 2378 1823 tribuant,
2406 1754 2539 1830 Epi-

486 1867 690 1906 curum
731 1847 921 1905 minus
964 1865 1227 1924 curasse,
1270 1864 1449 1922 quum
1472 1865 1597 1903 eam
1629 1864 1817 1923 neque
1847 1845 1919 1904 ad
1948 1846 2153 1904 melius
2189 1845 2499 1905 vivendum
2523 1892 2558 1917 „

485 1963 675 2021 neque
698 1943 771 2002 ad
797 1943 1157 2002 commodius
1187 1942 1587 2002 disserendum
1613 1941 1930 2022 quidquam
1957 1943 2224 2001 conferre
2245 1943 2536 2021 judicarit.

480 2045 728 2117 Physica
762 2061 904 2116 vero
934 2060 1067 2099 eum
1102 2053 1368 2099 accurate
1402 2039 1685 2111 coluisse,
1736 2040 1955 2119 quippe
1984 2059 2112 2117 quae
2152 2040 2410 2099 omnium
2442 2061 2539 2099 re-

493 2158 621 2196 rum
649 2150 916 2195 naturam
945 2136 1177 2197 tradant
1194 2180 1211 2203 ,
1240 2136 1711 2214 superstitionem
1736 2138 2053 2215 mortisque
2073 2150 2288 2196 metum
2319 2138 2541 2207 tollant,

485 2245 919 2308 monstrentque
937 2274 961 2305 a
981 2252 1111 2308 quae
1135 2245 1344 2289 natura
1369 2230 1678 2290 desideret.
1706 2237 1928 2291 Natura
1954 2249 2148 2292 autem
2177 2254 2371 2293 rerum
2403 2254 2542 2314 per-

493 2343 716 2409 specta,
765 2328 1063 2386 veritatem
1114 2346 1349 2405 quoque
1389 2346 1660 2385 sensuum
1700 2329 1982 2407 perspici,
2028 2349 2146 2408 qua
2194 2330 2428 2390 demum
2472 2352 2544 2390 ex

492 2426 731 2506 Epicuri
778 2425 1001 2483 ratione
1046 2422 1323 2503 probata,
1364 2424 1636 2501 cognosci
1682 2423 1900 2502 aliquid
1953 2427 2292 2506 percipique
2342 2429 2540 2507 possit.

493 2519 836 2598 cognitione
877 2538 1019 2577 vero
1052 2516 1281 2577 sublata
1302 2560 1321 2590 ,
1370 2535 1603 2575 omnem
1643 2529 1703 2575 et
1734 2518 1866 2576 vitae
1892 2517 2168 2596 degendae
2188 2563 2205 2593 ,
2255 2534 2315 2579 et
2348 2541 2540 2580 rerum

494 2615 877 2695 gerendarum
928 2615 1210 2675 rationem
1254 2614 1409 2687 tolli,
1441 2621 1472 2687 S
1517 2614 1773 2673 63-65.
2167 2613 2172 2617 ’

571 2709 843 2786 Relinqui
871 2709 1063 2767 locum
1095 2707 1168 2766 de
1198 2711 1457 2765 amicitia
1477 2750 1499 2778 ,
1535 2728 1710 2785 quam
1743 2708 2060 2767 adversarii
2101 2710 2227 2768 tolli
2255 2722 2542 2782 statuant,

494 2806 789 2882 voluptate
830 2818 897 2862 ut
927 2824 1217 2863 summum
1253 2804 1476 2864 bonum
1507 2804 1778 2876 defensa,
1827 2826 2001 2883 quam
2035 2819 2226 2865 tamen
2259 2808 2545 2886 Epicurus

497 2901 571 2960 ad
604 2900 774 2958 beate
811 2901 1125 2960 vivendum
1151 2901 1408 2960 omnium
1438 2902 1686 2960 maxime
1716 2904 2098 2983 necessariam
2119 2917 2179 2960 et
2218 2904 2453 2975 dixerit,
2488 2919 2546 2962 et

496 2997 614 3057 vita
642 2997 921 3074 factisque
932 2996 1413 3073 probarit.Quum
1427 2998 1581 3056 enim
1609 2999 1722 3055 tria
1745 2998 1921 3056 modo
1938 3018 2010 3056 ex
2025 2997 2184 3054 omni
2205 2998 2546 3074 antiquitate

499 3095 815 3154 amicorum
854 3095 1019 3173 paria*
1058 3108 1477 3167 memorentur,
1519 3096 1684 3154 illum
1715 3096 1775 3151 in
1803 3115 1976 3152 unam
2003 3106 2413 3172 angustamque
2439 3096 2549 3155 do-

498 3206 657 3246 mum
681 3205 913 3263 magnas
924 3186 1258 3245 intimorum
1273 3188 1591 3245 amicorum
1609 3199 1867 3245 catervas
1887 3194 2321 3265 congregasse,§
2339 3189 2436 3260 65,
2452 3190 2544 3247 66.

498 3283 1019 3363 Disputari'autem
1047 3284 1355 3362 tripliciter
1381 3282 1455 3342 ab
1485 3283 1791 3362 Epicureis
1817 3283 1891 3341 de
1916 3284 2184 3343 amicitia.
2210 3285 2370 3345 Alios
2393 3288 2547 3347 nolle

500 3382 826 3460 voluptates
844 3381 1159 3439 amicorum
1180 3401 1285 3460 per
1307 3401 1366 3439 se
1385 3382 1537 3459 ipsas
1563 3394 1679 3439 tam
1704 3382 2072 3458 expetendaS,
2092 3403 2266 3462 quam
2293 3399 2547 3445 nostras:

503 3492 759 3537 nostram
777 3478 950 3547 enim,
965 3491 1029 3535 ut
1046 3478 1107 3535 in
1122 3477 1463 3546 virtutibuS,
1486 3478 1568 3536 sic
1587 3478 1650 3535 in
1667 3477 1914 3538 amicitia
1937 3499 2044 3538 nos
2062 3493 2259 3559 petere
2275 3482 2549 3561 volupta—

504 3588 637 3647 tem,
656 3595 775 3633 non
799 3576 1062 3634 alienam.
1076 3575 1191 3637 Sed
1214 3575 1395 3655 ipsam
1417 3576 1725 3635 amicitiam
1743 3578 1943 3637 intime
1961 3598 2093 3637 cum
2105 3580 2404 3657 voluptate
2427 3600 2548 3639 esse

503 3674 899 3752 conjunctam,
931 3686 990 3731 et
1027 3674 1191 3733 firme
1230 3673 1304 3733 ab
1346 3675 1456 3733 hac
1494 3675 1836 3747 sustentari,
1888 3688 1954 3733 ut
1997 3676 2315 3734 amicorum
2352 3676 2550 3736 laetitia

503 3782 602 3828 aut
636 3771 889 3845 tristitia,
914 3790 1076 3849 aeque
1101 3791 1167 3829 ac
1194 3784 1392 3831 nostra
1415 3771 1794 3849 gaudeamuS,
1822 3770 2208 3845 doleamusve‚
2237 3780 2268 3845 S
2297 3775 2547 3853 66-69.

505 3865 696 3939 Alios,
716 3887 776 3943 se
851 3887 879 3923 s
903 3866 1268 3925 sentientium
1295 3867 1556 3926 convicia
1572 3866 2020 3927 reformidantes
2036 3911 2054 3941 ,
2068 3869 2354 3947 ingressus
2376 3869 2550 3929 modo

508 3887 1108 4042 amicitiaeffoluptate
1144 3963 1317 4042 dirigi
1359 3964 1540 4038 velle3
1579 3963 1713 4037 sed,
1762 3984 1868 4023 usu
1909 3965 2216 4023 accedente
2234 4009 2251 4037 ,
2295 3985 2551 4024 amorem

510 4059 586 4116 ita
621 4059 854 4137 augeri,
883 4072 951 4117 ut
982 4060 1148 4118 amici
1193 4072 1436 4138 propter
1462 4080 1522 4117 se
1549 4060 1708 4138 ipsos
1735 4074 2001 4118 amentur
2031 4083 2043 4117 :
2079 4059 2252 4138 idque
2279 4062 2466 4139 ipsum
2494 4060 2552 4117 iu

513 4153 684 4213 rebus
726 4156 817 4214 vel
858 4156 1020 4229 aliia,
1068 4153 1279 4233 quibus
1306 4156 1769 4227 adsueverimuS,
1822 4178 1929 4216 usu
1961 4157 2174 4215 venire.
2203 4157 2363 4215 Alios
2390 4154 2555 4213 deni—
