3217 4784
870 396 992 463 DE
1042 397 1215 466 rm.
1262 399 1465 467 ssoN.
1523 401 1635 467 ET
1686 402 1902 471 MAL.
1960 408 2064 489 11,
2111 406 2212 479 18.
2465 437 2595 508 αν]

470 526 670 599 sunt,
710 539 871 610 quae
908 542 1128 589 nemo
1165 521 1389 616 possit
1433 520 2066 617 reprehendere7?
2099 531 2172 598 Si
2217 544 2289 600 te
2335 537 2605 608 amicus
2627 536 2707 612 '58

471 633 636 692 tuus
690 629 1009 699 moriens
1051 631 1453 725 rogaverit,
1510 645 1594 701 ut
1640 631 2117 708 hereditatem
2156 638 2412 713 reddas
2462 666 2605 717 suae

468 727 631 801 filiae
656 786 673 821 ,
721 760 857 807 nec
895 762 1206 835 usquam
1256 738 1332 809 id
1368 741 1778 838 scripserit,
1825 761 1911 816 ut
1941 745 2275 849 scripsitss
2311 752 2605 843 Fadius,

466 862 601 912 nec
628 848 968 941 cuiquam
1002 846 1302 919 dixerit:
1336 849 1512 947 quid
1543 849 1801 923 facies?
1839 858 1948 925 Tu
1986 858 2283 955 quidem
2312 862 2602 952 reddes;

467 952 620 1049 ipse
646 959 1004 1051 Epicurus
1034 957 1336 1032 fortasse
1361 959 1767 1032 redderet9:
1795 977 1878 1034 ut
1905 968 2169 1038 Sext.¹⁰
2195 971 2609 1075 Peducaeus,

464 1065 656 1134 Sext.
713 1069 786 1136 F.
838 1069 931 1155 is,
984 1073 1112 1165 qui
1158 1069 1356 1142 hunc
1405 1086 1736 1142 nostrum
1780 1073 2106 1172 reliquit,
2156 1079 2469 1178 effigiem
2536 1104 2609 1158 et

466 1172 930 1247 humanitatis
957 1194 1030 1249 et
1063 1180 1443 1277 probitatis
1470 1206 1642 1270 suae,
1667 1181 1924 1272 filium,
1952 1199 2106 1256 tum
2133 1187 2413 1278 doctuS,
2447 1211 2603 1269 tum

465 1287 792 1355 omnium
837 1289 944 1357 vir
979 1291 1298 1387 optimus
1327 1306 1400 1363 et
1438 1291 1916 1386 justissimus,
1955 1319 2187 1390 quum
2219 1302 2433 1374 sciret
2472 1330 2600 1376 ne-

535 1540 582 1584 7.
614 1528 737 1590 Quoe
751 1545 890 1577 nemo
903 1531 1061 1593 possit
1091 1531 1445 1596 reprehendere
1459 1535 1488 1577 θ

461 1605 623 1653 Davis.
648 1609 850 1668 conjicit
864 1610 1187 1674 prehendere,
1232 1610 1485 1674 probanti·

460 1684 550 1733 bus
569 1687 687 1734 Ern.
713 1697 761 1733 et
784 1689 997 1736 Bremio.
1026 1691 1265 1752 Equidem
1287 1705 1484 1751 quoque

454 1764 751 1825 prehendere
771 1766 962 1825 malim,
991 1783 1142 1830 quum
1167 1767 1338 1814 melius
1362 1783 1483 1815 con-

458 1845 602 1891 textis
628 1843 903 1891 conveniat.
932 1843 1299 1905 Reprehendere
1324 1855 1481 1894 tamen

459 1922 654 1969 defendi
672 1923 832 1985 aliqua
862 1922 1048 1970 ratione
1076 1923 1145 1970 sic
1170 1939 1317 1985 posse
1334 1934 1477 1989 puto,

459 2010 515 2046 ut
546 2000 642 2047 hoc
666 2000 817 2048 verbo
832 2033 847 2058 ‚
888 2001 938 2047 in
958 2002 1129 2048 rectius
1147 2014 1365 2061 vertere,
1388 2020 1480 2052 no·

460 2087 599 2125 tetur.
620 2079 698 2126 cf.
724 2078 912 2126 Acadd.
937 2081 1035 2133 111,
1062 2081 1126 2135 45
1145 2116 1160 2139 ‚
1202 2084 1299 2145 139
1320 2099 1331 2131 ε
1362 2105 1389 2125 κ
1410 2099 1485 2131 re·

460 2167 604 2203 vocat
630 2153 782 2219 (me)
810 2157 960 2204 virtus
980 2192 994 2215 ‚
1020 2159 1094 2206 vel
1126 2163 1292 2224 potius
1322 2178 1481 2225 repre·

458 2235 633 2283 hendit
661 2250 804 2282 manu
824 2257 849 2277 ι
885 2250 898 2283 :
938 2252 1048 2283 mm
1096 2254 1195 2285 non
1237 2240 1297 2287 de
1336 2240 1481 2288 rebus

444 2313 636 2377 sactis,
663 2313 748 2361 sed
771 2330 881 2376 que
897 2314 1021 2381 fieri
1047 2330 1251 2380 possunt
1268 2352 1284 2378 ,
1322 2335 1480 2369 sermo

458 2405 548 2441 est.
576 2394 711 2442 Idem
734 2404 893 2442 antem
920 2394 1122 2443 verbum
1150 2412 1243 2461 pro
1286 2399 1479 2462 vitupe-

457 2490 572 2521 rare
593 2474 809 2538 positum
828 2474 1047 2538 accipere
1062 2510 1076 2533 ‚
1103 2493 1254 2539 quum
1272 2477 1363 2525 alia
1390 2479 1480 2525 im·

457 2553 688 2618 pediam,
717 2566 820 2602 tum
841 2555 937 2601 hoc
954 2589 969 2613 ,
1009 2556 1142 2617 quod
1170 2558 1359 2604 auctori
1380 2559 1449 2606 sic
1465 2592 1480 2619 ,

455 2655 480 2674 «-
501 2649 610 2696 quae
630 2648 775 2680 nemo
798 2650 860 2680 ne
889 2634 1239 2697 reprehendere
1278 2636 1477 2699 quidem

454 2712 611 2776 possit
633 2732 655 2754 s
681 2745 698 2771 ,
741 2711 819 2759 vel
864 2714 1117 2773 similiter,
1162 2716 1476 2763 scribendum

453 2791 926 2851 fuisfflententiae
965 2793 1015 2840 vi
1048 2792 1109 2840 ad
1131 2795 1480 2858 reprehendere

454 2868 701 2918 referenda
722 2886 737 2927 ;
789 2869 926 2932 quod
980 2871 1172 2933 vulgata
1217 2873 1477 2923 verborum

452 2950 598 2997 series
634 2948 833 2995 minime
875 2949 1077 3011 patitur.
1117 2951 1265 2999 Secus
1306 2964 1379 3001 est
1420 2970 1475 3001 ea

452 3030 639 3077 retione
654 3062 669 3085 ‚
707 3043 853 3090 qnam
875 3043 967 3075 nos
985 3028 1261 3079 suademus.
1285 3034 1349 3080 G.

523 3109 577 3157 8.
618 3109 722 3153 Nec
762 3123 969 3170 usquam
1009 3108 1066 3155 id
1103 3109 1345 3173 scripserit
1369 3145 1385 3170 ‚
1424 3124 1480 3159 ut

449 3186 642 3251 set-ipsit
662 3185 863 3235 Fadius.
906 3190 1060 3234 Vetus
1097 3187 1258 3235 codex
1298 3188 1474 3250 habet,

451 3289 475 3308 ι
495 3280 591 3315 nee
611 3281 813 3330 usquam
838 3266 890 3313 id
906 3268 1151 3331 scripserit
1171 3266 1357 3327 foedus,
1384 3284 1474 3316 nec

452 3346 678 3410 cuiqnam
701 3380 715 3404 ,
732 3356 827 3395 etc.
850 3368 875 3387 ι·
894 3348 927 3394 J
930 3347 1129 3396 udicent
1149 3347 1470 3396 eruditiores:

451 3425 568 3472 mihi
594 3438 669 3476 set
694 3436 767 3473 est
790 3459 805 3484 ‚
834 3426 970 3489 quod
996 3427 1185 3491 reperi,
1220 3425 1349 3474 bona
1374 3424 1473 3474 fide

449 3504 705 3555 indicasse.
733 3506 1022 3555 Mortuus.

519 3599 568 3646 9.
587 3583 845 3648 Begaverit
858 3618 874 3644 ,
904 3595 956 3630 ut
966 3582 1277 3632 hereditatem
1291 3584 1471 3632 reddas

457 3696 469 3709 .
492 3695 505 3709 .
526 3699 539 3713 .
568 3661 867 3727 qnidsacies
887 3667 914 3709 θ
954 3665 1027 3710 Tu
1046 3664 1239 3727 quidem
1257 3664 1430 3712 reddes
1446 3682 1467 3722 ‚⁸

441 3742 549 3805 ipse
574 3744 666 3806 Ep.
691 3741 749 3805 f.
775 3741 1010 3790 redderet.
1055 3745 1169 3792 Ern.
1199 3765 1225 3784 α
1245 3743 1469 3792 redderes

481 3855 522 3870 ..
580 3822 762 3871 heere·
793 3823 816 3869 P
980 3821 1283 3883 redderem,
1332 3824 1468 3886 prius

442 3916 536 3949 sno
577 3900 770 3964 ipsius,
806 3901 1051 3964 posterius
1084 3901 1242 3965 posita
1282 3902 1467 3950 Davisii

444 3981 662 4043 pes-imlo
677 4014 691 4039 ,
732 3980 920 4029 suadet.
949 3980 1067 4028 Non
1087 3982 1215 4028 enim
1237 3980 1466 4029 viderunt

440 4058 497 4104 hi
519 4061 627 4109 Π.
676 4061 786 4109 DD.
841 4061 977 4125 quod
1024 4060 1161 4109 facile
1200 4060 1463 4109 videndum

443 4150 571 4194 erat,
617 4141 836 4188 redderet
857 4176 871 4201 ,
910 4143 1046 4201 cujus
1095 4157 1235 4189 causa
1282 4141 1459 4203 corrigi

1577 1529 1776 1589 volunt,
1819 1533 2036 1594 optative
2060 1536 2110 1581 vi
2135 1535 2155 1599 (
2179 1533 2444 1595 ἀποδιδοίη
2464 1544 2486 1609 )
2509 1562 2598 1610 po.

1578 1608 1626 1653 ni
1659 1621 1672 1654 :
1703 1617 1850 1671 atque
1876 1609 1943 1656 ita
1971 1624 2146 1660 cuncta
2173 1630 2233 1661 ex
2268 1618 2442 1667 ordine
2476 1623 2613 1672 dici..

1573 1684 1671 1732 Sed
1695 1683 1898 1733 infinitis
1942 1704 2082 1753 paene
2127 1690 2250 1741 locis
2289 1695 2401 1745 intt.
2435 1699 2489 1747 in
2522 1703 2597 1751 his

1571 1765 1875 1828 temporibus
1900 1769 2117 1832 optative
2151 1773 2327 1836 positis
2351 1792 2557 1840 peccant
2579 1799 2594 1841 ς

1568 1858 1729 1906 neque
1754 1844 1891 1908 prius
1933 1863 2094 1895 veram
2123 1850 2384 1901 verborum
2426 1872 2596 1907 conse·

1568 1923 1818 1971 cntionem
1829 1924 2197 1992 discent,quam
2208 1946 2359 1995 quum
2378 1934 2439 1982 ad
2461 1937 2593 1987 hunc

1568 2000 1770 2049 modum
1837 2007 2108 2055 accuratius
2152 2010 2462 2061 attenderint.
2517 2017 2594 2067 Ne

1569 2081 1901 2144 exemplorum
1927 2084 2071 2149 copia
2113 2087 2389 2138 diffluamus
2406 2127 2421 2151 ‚
2451 2111 2598 2145 unum

1567 2175 1837 2222 ponemus,
1870 2178 1969 2225 quo
1989 2165 2043 2213 in
2069 2166 2166 2215 hoc
2203 2170 2315 2233 ipso
2350 2174 2503 2222 verbo
2534 2192 2598 2225 ex

1567 2241 1795 2302 opposita
1809 2244 1996 2291 ratione
2014 2260 2259 2310 peccatur.
2283 2250 2475 2303 cluent.
2498 2254 2562 2303 3⁸
2578 2292 2594 2317 ‚

1576 2319 1671 2366 105
1692 2333 1741 2366 :a
1760 2321 1944 2368 Eodem
1964 2324 2112 2372 modo
2128 2328 2385 2389 quaesitum
2409 2334 2450 2380 si
2470 2348 2595 2385 esset

1569 2396 1631 2444 de
1661 2398 1983 2459 Scamandro,
2008 2415 2136 2452 certe
2155 2406 2282 2454 idem
2302 2413 2589 2474 respondis·

1567 2487 1674 2524 sent
1711 2492 1725 2525 ε
1763 2480 1950 2527 tametsi
1993 2481 2076 2530 ine
2119 2500 2213 2531 una
2252 2491 2490 2539 sententia
2518 2505 2592 2540 est

1565 2554 1817 2603 absolutus
1846 2572 1858 2604 z
1880 2559 1966 2606 sed
1987 2560 2119 2608 illam
2139 2579 2290 2619 ,uuam
2315 2582 2460 2616 nemo
2485 2581 2588 2620 tum

1564 2633 1770 2681 istorum
1797 2651 1928 2684 suam
1957 2639 2056 2686 dici
2090 2641 2248 2692 vellet.
2277 2645 2401 2694 Uter
2440 2649 2591 2712 igitur

1566 2712 1755 2760 facilius
1772 2731 1870 2763 suae
1891 2719 2143 2768 sententiae
2161 2724 2400 2773 rationem
2425 2728 2592 2777 redde·

1564 2802 1638 2839 ret
1687 2794 1849 2853 :isne,
1879 2797 1964 2859 qui
1991 2814 2044 2845 se
2069 2810 2117 2847 et
2143 2801 2235 2849 sihi
2254 2839 2269 2864 ‚
2297 2815 2346 2851 et
2375 2806 2443 2853 rei
2458 2807 2593 2867 judi-

1562 2881 1682 2919 catae
1718 2875 1992 2923 constitisse
2045 2877 2165 2925 dicit
2188 2881 2211 2927 Ρ
2244 2897 2307 2928 sn
2351 2882 2455 2939 ille,
2503 2887 2588 2947 qui

1565 2984 1581 2999 .
1604 2986 1616 2997 .
1638 2986 1651 2999 .
1672 2954 1970 3015 respondet?
1996 2974 2018 2995 ι·
2043 2957 2156 3003 Ern.
2178 2958 2327 3021 etqui
2345 2961 2588 3022 posterius

1561 3030 1822 3078 ediderunt
1840 3066 1855 3090 ‚
1888 3032 2074 3081 reddet.
2097 3035 2369 3096 Pet-peram.
2394 3037 2489 3084 Sed
2516 3050 2589 3086 to-

1560 3118 1640 3156 tus
1660 3107 1741 3156 ille
1761 3109 1821 3157 de
1844 3109 2066 3172 optativo
2087 3110 2221 3174 apud
2234 3114 2430 3160 Latiuos
2447 3114 2586 3165 locus

1559 3187 1825 3250 aliquando
1837 3189 2206 3251 perpurgandus
2219 3201 2308 3238 est.
2323 3194 2380 3239 In
2389 3193 2485 3242 hoc
2499 3211 2588 3243 no·

1558 3276 1664 3312 stro
1692 3266 1887 3329 quidem
1907 3266 2021 3313 loeo
2040 3301 2055 3326 ‚
2075 3283 2134 3316 eo
2161 3270 2313 3334 magis
2338 3286 2583 3335 peccatur,

1558 3342 1695 3407 quod
1720 3345 1964 3408 rogaverit
1986 3345 2206 3395 futurum
2229 3362 2454 3400 exactum
2476 3365 2548 3401 est
2567 3386 2583 3414 ‚

1557 3423 1640 3470 cui
1676 3423 1768 3472 rite
1803 3423 1964 3472 sutura
2002 3426 2239 3490 simplicia
2265 3431 2578 3495 respondent.

1557 3503 1618 3549 In
1640 3517 1741 3564 quo
1755 3504 1797 3551 si
1816 3504 2158 3568 corrigendum
2180 3519 2332 3569 esset,
2355 3512 2581 3561 redderet

1555 3583 1608 3629 in
1631 3581 1898 3631 reddiderit
1923 3586 2210 3635 mutandum
2237 3590 2389 3639 soret.
2429 3593 2488 3640 G.

1635 3675 1714 3709 ιο.
1751 3664 1885 3709 Sext.
1908 3663 2186 3716 Peducoeus.
2227 3664 2464 3719 Obtinuit
2495 3671 2576 3720 hie

1554 3751 1741 3804 praetor
1782 3757 1874 3805 pro
1914 3743 2114 3791 consule
2158 3745 2333 3795 eodem
2378 3747 2579 3799 biennio

1554 3819 1769 3867 Siciliam
1792 3853 1808 3878 ,
1827 3836 1929 3884 qno
1955 3821 2130 3871 Cieero
2155 3822 2336 3874 ibidem
2364 3840 2576 3891 questu-

1554 3914 1655 3946 ram
1708 3899 1854 3963 gessit
1883 3915 1897 3956 ;
1950 3899 2152 3966 ejusque
2194 3905 2478 3956 innocentis
2519 3923 2577 3955 ac

1552 3976 1801 4041 diligentia
1819 4012 1833 4036 ‚
1866 3977 1917 4025 in
1939 3981 2208 4044 provincia
2227 3984 2577 4047 gubernatione

1554 4056 1797 4117 exhibita,
1838 4055 1900 4105 ab
1928 4057 2024 4106 hoc
2050 4059 2317 4109 identidem
2337 4064 2386 4110 in
2414 4064 2577 4111 Verri-

1553 4135 1628 4182 nis
1652 4134 1890 4184 laudatur.
1932 4138 2078 4185 Filius
2106 4138 2276 4200 hujus,
2305 4143 2576 4191 communis

2224 4226 2331 4297 15.
