3217 4784
761 475 885 541 DE
932 473 1105 543 ΜΝ.
1160 475 1371 543 ΒοΝ.
1423 478 1537 545 ΕΤ
1585 478 1801 545 MAL.
1854 480 1942 561 v,
1995 473 2058 545 8.
2335 473 2465 572 571

365 594 652 667 dolendi
673 651 692 683 ‚
713 595 784 666 id
812 597 1045 693 ipsum
1074 594 1496 683 honestum,
1523 597 1720 694 quod
1752 597 2083 696 amplecti
2106 598 2295 680 vult,
2327 596 2478 669 effi·

365 708 460 776 cit
492 720 703 804 turpe
720 703 772 774 ⁵.
812 705 920 778 Ad
954 731 1069 779 eas
1097 708 1290 776 enim
1319 730 1434 777 res
1460 705 1726 778 referre
1756 733 1915 805 quae
1940 732 2136 806 agae,
2168 731 2475 804 quarum

364 840 543 903 uua,
582 818 640 886 si
677 818 839 911 quis
863 817 1052 886 malo
1108 830 1374 900 careat,
1404 818 1478 887 in
1516 840 1801 887 summo
1846 842 2014 889 eum
2054 817 2253 891 hono
2290 816 2480 889 dicat

365 949 518 996 esse
540 921 606 1011 ὃς
649 923 866 994 altera
908 938 1229 994 versetur
1264 926 1339 995 in
1379 924 1731 997 levissima
1765 941 1969 1023 parte
2014 942 2317 1015 naturae,
2354 927 2482 1000 ob-

366 1037 712 1105 scurantis
735 1048 839 1103 est
864 1057 1151 1115 omnem
1183 1033 1640 1130 splendorem
1672 1035 2100 1122 honestam,
2128 1062 2221 1107 ne
2250 1036 2478 1107 dicam

371 1144 829 1240 inquinantiS.
871 1147 1163 1213 Restant
1199 1145 1446 1233 stoici,
1489 1146 1620 1242 qui
1656 1168 1881 1242 quum
1923 1169 1964 1214 a
2002 1145 2480 1242 peripateticis

367 1267 438 1323 et
490 1253 909 1325 academicis
959 1255 1202 1325 omnia
1256 1256 1814 1340 transtulissent,
1863 1254 2280 1327 nominibus
2327 1255 2483 1327 aliis

367 1361 646 1432 easdem
674 1388 789 1434 res
813 1365 1101 1461 sequuti
1138 1378 1366 1435 sunt7.
1398 1369 1545 1435 Hos
1581 1379 1833 1436 contra
1863 1364 2183 1462 singulos
2211 1364 2352 1435 dici
2376 1380 2482 1437 est
2587 1425 2599 1434 .

370 1470 684 1544 melius⁸.
728 1473 867 1545 Sed
903 1498 1127 1558 nunc,
1170 1474 1371 1571 quod
1416 1477 1738 1571 agimus:
1779 1475 1868 1546 de
1904 1475 2076 1562 illis,
2105 1498 2331 1571 quum
2359 1498 2476 1545 vo·

366 1582 614 1653 lemuS.
676 1585 1067 1655 Democriti
1131 1598 1368 1654 autem
1430 1587 1768 1656 securitas
1799 1638 1817 1670 ‚
1884 1611 2043 1682 quae
2098 1580 2203 1656 est
2260 1585 2478 1654 animi

368 1702 729 1785 tamquam
766 1689 1239 1785 tranquillitas
1270 1743 1289 1775 ‚
1332 1714 1545 1787 quam
1589 1692 2002 1789 appellant⁹
2029 1695 2343 1787 εὐθυμίαν,
2396 1712 2484 1761 eo

439 1921 486 1967 5.
511 1918 684 1988 Efficit
709 1931 859 1986 turpe.
892 1922 1019 1987 Spir.
1044 1924 1141 1972 Erl.
1173 1923 1379 1987 repetito

368 2001 660 2063 pronomine
676 2036 691 2062 ,
734 1999 790 2047 id
807 1999 960 2068 efficit
985 2013 1122 2066 turpe
1140 2019 1158 2049 .·
1197 2003 1282 2051 sed
1319 2019 1381 2050 ex

373 2088 503 2125 certa
529 2078 701 2142 glom-
744 2079 866 2128 Cum
903 2082 953 2127 vi
992 2082 1121 2129 euim
1151 2082 1220 2129 sic
1247 2092 1381 2145 turpe

366 2168 535 2204 auctor
563 2157 616 2204 in
646 2157 856 2206 clausula
892 2161 1083 2222 posuit,
1126 2171 1181 2208 ut
1216 2177 1383 2209 sensus

367 2247 489 2283 esset
508 2270 524 2295 ‚
548 2258 573 2277 ιι
593 2233 744 2283 efficit
769 2252 898 2295 seue,
920 2249 971 2285 ut
1003 2249 1141 2303 turpe
1163 2240 1227 2287 sit
1248 2259 1292 2286 ι.
1317 2241 1380 2287 G.

437 2315 486 2362 6.
518 2315 731 2377 Quarum
754 2332 883 2373 una,
924 2316 967 2364 si
994 2317 1099 2381 quis
1127 2318 1256 2366 malo
1297 2335 1382 2365 ca-

370 2403 496 2450 reae,
527 2392 576 2441 in
595 2409 781 2441 summo
808 2411 914 2441 eum
942 2396 1068 2444 bono
1096 2397 1232 2445 dicat
1256 2413 1377 2445 esse.

365 2471 672 2520 Offendimur
698 2474 751 2530 in
781 2472 911 2521 dicae
940 2491 956 2523 .-
979 2492 1091 2523 nam
1131 2477 1381 2540 quomodo

366 2566 441 2597 res
484 2549 641 2612 dicae,
679 2553 772 2599 nisi
826 2552 1077 2602 durissima
1125 2571 1378 2622 προσωπο·

364 2625 498 2696 ποιΐᾳ
518 2631 540 2677 ?
563 2630 642 2677 Ad
662 2630 955 2680 Carneadem
969 2645 1127 2682 sutem
1155 2635 1282 2682 diest
1303 2653 1377 2682 re-

363 2706 515 2756 latum
551 2706 702 2768 velle,
743 2710 859 2757 item
899 2727 1033 2773 nou,
1080 2713 1173 2761 nisi
1210 2724 1383 2762 coacte

362 2786 493 2834 licet.
539 2789 893 2852 Amplectimur
941 2793 1105 2856 potius
1163 2793 1298 2842 Gnd.
1346 2810 1374 2841 α

362 2865 617 2913 lectionem
636 2866 776 2914 dicas
792 2902 806 2925 ‚
822 2869 957 2930 quod
978 2869 1101 2917 bene
1119 2887 1230 2919 cum
1253 2888 1381 2937 agas

363 2943 597 3005 quadrat,
631 2944 729 2992 hoc
754 2961 898 2993 sensu
925 2961 938 2994 ε
975 2969 1001 2988 α
1025 2960 1227 3013 propter
1260 2968 1379 3019 qus-

363 3038 470 3069 rum
494 3037 665 3084 unam,
688 3023 981 3087 quicumque
1016 3027 1146 3074 malo
1182 3038 1375 3086 carent,

362 3117 472 3148 eum
498 3101 550 3148 in
581 3116 769 3148 summo
802 3103 963 3150 statim
987 3103 1122 3152 bono
1162 3123 1264 3154 esse
1300 3107 1375 3155 di·

361 3195 442 3227 ces
464 3201 505 3226 a.
529 3178 808 3228 AblatIVum
848 3193 1010 3229 sutem
1048 3185 1228 3231 omisso
1263 3202 1378 3248 pro·

353 3267 467 3320 pter
490 3259 607 3321 poni
624 3291 640 3316 ‚
660 3268 709 3305 et
726 3257 774 3305 si
795 3257 903 3322 quis
931 3276 1059 3325 saepe
1090 3262 1379 3326 quicumque

361 3336 547 3394 valere,
572 3335 765 3385 abunde
794 3338 845 3384 in
875 3340 1205 3403 superioribus
1238 3351 1377 3390 nota-

359 3425 463 3463 tum
488 3427 575 3464 est.
602 3418 665 3466 G.

434 3512 481 3556 7.
508 3494 716 3543 Easdem
761 3511 837 3542 res
870 3497 1060 3560 sequuti
1093 3510 1223 3547 sunt.
1270 3500 1372 3550 Erl.

359 3575 680 3640 consequutit
721 3577 792 3623 sic
822 3587 1006 3636 tamen,
1042 3588 1097 3625 ut
1134 3596 1224 3663 (ἕνα
1246 3580 1375 3628 dele-

358 3666 461 3702 tum
483 3658 559 3702 sit.
578 3656 654 3704 Ac
671 3671 799 3718 saepe
821 3656 991 3703 scriba·
1010 3673 1117 3703 con·
1132 3659 1182 3705 in
1210 3675 1376 3708 conse·

359 3733 446 3796 qni
462 3733 625 3782 delent
640 3768 655 3793 ,
676 3734 856 3793 nescii,
879 3734 974 3783 hoc
995 3750 1086 3799 pro
1106 3738 1377 3787 consectari

356 3814 492 3875 poni.
530 3813 607 3861 Cf.
630 3815 776 3878 Legg.
808 3816 885 3875 11,
914 3831 940 3875 7
960 3848 975 3871 ‚
1016 3817 1092 3863 18.
1118 3817 1233 3864 Non
1251 3819 1374 3867 male

356 3900 515 3937 autem
545 3890 743 3938 verbum
773 3894 1098 3957 compositum
1124 3893 1185 3942 sd
1207 3896 1374 3944 omnia

357 3970 655 4019 convenerit.
690 3970 787 4019 Sed
821 3972 1026 4038 simplex
1056 3973 1187 4022 haud
1216 3975 1374 4023 miuus

360 4044 566 4107 probum
593 4060 683 4097 est.
703 4052 766 4098 G.

431 4126 481 4171 8.
511 4126 607 4172 1102
630 4140 803 4176 eontra
819 4129 1032 4196 singulos
1058 4132 1158 4180 dici
1186 4145 1255 4180 ese
1281 4150 1377 4181 me-

359 4202 465 4251 lius.
495 4204 623 4253 Gud.
666 4222 695 4251 α
740 4223 868 4265 esse,
912 4212 1017 4258 Bas.
1063 4222 1219 4268 enee,-
1269 4230 1377 4276 quae

1467 1924 1590 1973 nihil
1625 1937 1738 1975 sunt
1766 1941 1781 1976 ε
1814 1925 1899 1975 sed
1927 1927 2053 1975 forte
2076 1936 2150 1974 ese
2171 1942 2200 1974 s
2220 1926 2378 1974 scriba
2397 1926 2482 1974 sli-

1467 2020 1567 2068 quo
1592 2007 1827 2066 accessit3
1864 2007 2046 2070 quippe
2074 2004 2210 2069 quod
2233 2006 2283 2053 iu
2304 2021 2490 2053 asseve-

1467 2084 1618 2132 rantis
1646 2087 1863 2133 oratione
1891 2085 2051 2133 omitti
2088 2084 2239 2131 soleat
2277 2097 2291 2130 :
2331 2082 2483 2146 idque

1468 2164 1699 2222 maxime,
1725 2166 1766 2211 si
1797 2165 1848 2211 in
1874 2162 2125 2224 adjectivis
2157 2163 2254 2211 loci
2284 2163 2356 2210 vis
2393 2173 2482 2210 est.

1469 2243 1569 2290 ΟΠ.
1588 2245 1639 2290 11
1655 2276 1669 2300 ,
1693 2258 1726 2303 9
1745 2277 1760 2298 ,
1800 2258 1879 2304 17,
1898 2264 1924 2284 α
1945 2253 2104 2290 tumen
2120 2242 2224 2290 haec
2247 2242 2298 2289 iu
2324 2251 2488 2306 poste-

1469 2336 1575 2366 rum
1602 2321 1833 2384 gratiam,
1873 2331 1967 2367 etc.
1993 2342 2017 2361 ι·
2054 2321 2278 2368 Ceterum
2310 2337 2371 2368 ex
2409 2318 2486 2368 his

1468 2397 1609 2445 simul
1637 2398 1796 2446 verbis
1821 2408 2021 2461 apparet
2036 2432 2051 2455 ,
2075 2398 2155 2445 111·
2172 2434 2186 2459 ,
2207 2414 2316 2460 quoe
2339 2415 2484 2462 supra

1468 2476 1501 2541 S
1521 2494 1549 2524 α
1577 2477 1802 2526 cancellis
1850 2476 2158 2536 inclusimus,
2178 2476 2239 2524 sd
2263 2477 2344 2524 ill·
2367 2493 2486 2525 con-

1469 2566 1600 2605 texta
1625 2556 1789 2619 inepte
1813 2558 2090 2615 accessisse,
2110 2571 2260 2618 quum
2277 2555 2355 2604 his
2378 2572 2484 2604 ver·

1468 2634 1543 2681 bis
1565 2644 1730 2698 aperte
1760 2644 1930 2681 auctor
1948 2633 2045 2681 hoc
2065 2645 2201 2697 agat,
2241 2645 2296 2682 ut
2315 2650 2377 2681 ex
2402 2634 2484 2681 Pi·

1470 2714 1604 2760 sonis
1655 2727 1862 2776 persons
1910 2711 2151 2776 loquatur.
2189 2713 2339 2775 Quod
2380 2711 2486 2761 fieri

1466 2807 1568 2839 non
1606 2801 1795 2855 poteret
1811 2826 1825 2848 ,
1868 2792 1911 2839 si
1950 2791 2032 2839 ina
2072 2790 2292 2840 eumdem
2348 2792 2483 2856 loqui

1467 2871 1674 2919 fecisset.
1700 2873 1764 2919 G.

1538 2966 1591 3012 9.
1622 2953 1784 3013 Quam
1808 2949 2079 3013 appellant.
2116 2950 2250 2996 Goer.
2277 2949 2442 2996 scribit
2466 2966 2480 2999 ε

1465 3045 1616 3092 quam
1665 3028 1942 3093 appellavit.
1984 3030 2095 3075 Hoc
2115 3028 2363 3091 ,.1'nquit,
2421 3045 2483 3075 ex

1464 3109 1594 3171 Spir.
1636 3107 1768 3156 Gud.
1820 3123 1850 3155 a
1873 3141 1889 3166 ,
1937 3117 1985 3154 et
2032 3108 2182 3154 Mars.
2225 3108 2486 3170 appellavit

1464 3188 1748 3249 recepimus.
1797 3185 1963 3232 Davis.
2012 3185 2232 3248 appellat
2280 3185 2450 3234 suadet
2468 3220 2483 3242 ‚

1463 3261 1665 3309 laudens
1705 3262 1829 3308 infra
1869 3278 1936 3325 ²9
1955 3296 1971 3321 ‚
2012 3264 2072 3323 87
2101 3277 2114 3311 τ
2137 3284 2162 3304 α
2180 3262 2234 3310 id
2251 3263 2377 3311 enim
2399 3262 2481 3311 ille

1464 3340 1484 3401 (
1504 3341 1841 3405 Democritus)
1860 3356 2099 3388 summum
2120 3340 2303 3390 bouum
2319 3379 2335 3404 ‚
2355 3341 2481 3390 αὔου·

1463 3416 1574 3485 μίαν
1601 3430 1648 3467 et
1672 3436 1800 3484 saepe
1828 3414 2059 3487 ἀθαμῧίαν
2084 3420 2296 3485 appellnt
2313 3444 2357 3471 υ.
2386 3425 2481 3470 Re-

1463 3509 1538 3546 cte
1563 3509 1611 3546 et
1637 3499 1734 3547 hoc
1770 3500 1968 3562 quidem
1986 3534 2002 3559 ‚
2039 3509 2115 3557 et,
2136 3501 2175 3547 si
2197 3502 2478 3565 scriptorem

1462 3588 1677 3642 spectas,
1714 3576 1836 3625 adeo
1879 3578 2051 3625 melius
2087 3598 2100 3629 ε
2137 3579 2222 3626 sed
2261 3579 2312 3626 in
2358 3596 2479 3644 prae-

1463 3657 1587 3705 seuti
1621 3658 1880 3704 necessitas
1907 3658 2038 3705 nulls
2067 3669 2162 3718 est,
2201 3670 2255 3707 ut
2276 3660 2481 3724 scripto-

1464 3753 1567 3785 rum
1590 3737 1826 3785 librorum
1849 3735 1969 3785 fides
1987 3738 2261 3795 deserum-3
2300 3739 2369 3786 cf.
2397 3755 2479 3787 su·

1463 3833 1548 3881 prs
1562 3820 1663 3875 111,
1689 3819 1750 3867 15
1769 3851 1783 3875 ,
1811 3819 1870 3865 51
1897 3831 1910 3866 z
1935 3821 2072 3866 Zeno
2096 3817 2471 3889 προηγμένον...

1465 3895 1757 3956 ηοηιίηανίε,
1794 3907 1887 3947 etc.
1928 3899 2192 3962 Vulgntmu
2230 3898 2483 3963 appe-llam

1466 3975 1714 4023 ferendum
1739 3991 1840 4023 non
1859 3987 1931 4023 est
1960 3994 1971 4024 :
1997 3993 2106 4026 nam
2128 3979 2169 4025 si
2193 3977 2270 4025 vel
2287 3978 2483 4023 Graecos

1466 4054 1760 4104 intellexeris
1773 4089 1787 4112 ‚
1809 4067 1970 4104 umen
1988 4056 2108 4105 mire
2125 4058 2194 4104 sic
2216 4066 2387 4104 auctor
2405 4070 2487 4099 ne-

1465 4134 1797 4198 gligenterque
1843 4136 2126 4199 scripsisset.
2182 4138 2255 4183 De
2300 4129 2487 4198 ιύθυμίᾳ

1468 4213 1736 4262 Democriti
1766 4214 1887 4261 infre
1915 4214 1948 4261 l.
1975 4214 2007 4261 l.
2027 4230 2234 4277 agemus.

2518 1607 2578 1652 23
