3217 4784
653 377 790 458 242

1321 376 1417 442 Μ.
1468 375 1543 441 Τ.
1604 374 2092 443 CICERONIS

650 496 909 583 Alteri,
956 495 1513 594 plurimum-se,
1563 507 1637 565 et
1691 493 1905 590 longe
1966 495 2327 592 longeque
2383 493 2777 592 plurimum

650 604 969 683 tribucre
996 603 1385 690 honestati,
1419 603 1543 676 sed
1577 619 1816 675 tamen
1854 604 2026 676 etin
2055 627 2359 704 corpore
2379 660 2399 695 ‚
2435 621 2507 678 et
2544 621 2778 695 extra,

647 741 802 788 csse
845 713 1175 812 quaedam
1216 711 1429 786 bo'na.
1484 720 1572 785 Et
1622 728 1986 786 certamen
2047 714 2476 805 honestum,
2518 732 2592 790 et
2640 717 2780 791 dis-

649 827 929 927 putatio
961 824 1335 923 splendidi
1358 834 1451 893 ¹0:
1491 826 1730 895 omnis
1767 840 1875 898 est
1911 826 2101 897 enim
2130 837 2184 871 ¹¹
2232 826 2324 898 de
2355 828 2641 899 virtutis
2668 826 2777 922 di·-

648 937 916 1034 gnitate
945 922 1353 1007 contentioss
1376 939 1470 1006 At
1496 958 1661 1006 cum
1688 935 1831 1007 tuis
1857 960 2088 1032 quum
2114 935 2415 1008 disseras
2434 948 2523 1024 ¹²,
2553 935 2777 1007 multa

646 1060 818 1118 sunt
862 1043 1221 1116 audienda
1254 1047 1490 1127 ,etiam
1548 1043 1640 1116 de
1693 1043 2057 1135 obscoenis
2100 1045 2630 1145 voluptatibus,
2671 1045 2776 1131 ,de

540 1183 610 1248 69
647 1154 916 1254 quibus
949 1153 1040 1226 ab
1078 1157 1391 1252 Epicuro
1427 1155 1810 1252 saepissime
1847 1155 2129 1227 dicitur.
2158 1158 2322 1228 Non
2358 1170 2569 1256 potes
2603 1180 2775 1252 ergo

645 1268 774 1336 ista
811 1264 1039 1349 tueri,
1089 1267 1488 1360 Torquate,
1550 1263 1726 1336 mihi
1763 1264 2014 1353 crede,
2050 1268 2108 1338 si
2147 1280 2220 1338 te
2276 1267 2465 1366 ipse,
2502 1282 2576 1339 et
2619 1283 2775 1338 tuas

646 1376 1155 1473 cogitationes»,
1197 1390 1270 1446 et
1311 1371 1627 1445 studia¹³
1674 1377 2149 1474 perspexeris.
2170 1376 2481 1449 Pudebit
2516 1392 2621 1467 te,
2661 1378 2771 1447 in-

644 1578 795 1627 seocle
815 1612 832 1639 ,
878 1594 989 1642 «με
1029 1576 1180 1627 lectio
1214 1575 1298 1626 diu
1336 1576 1529 1642 vulgate
1556 1575 1669 1626 suit.

645 1657 998 1722 Composuisse
1016 1667 1178 1705 sutem
1193 1655 1386 1704 videtur
1403 1657 1673 1722 Epicureus

638 1737 813 1802 uliquis
838 1735 1002 1802 plures
1025 1733 1180 1783 libros
1210 1733 1272 1783 de
1305 1734 1398 1782 bsc
1440 1734 1667 1790 muliere,

641 1819 746 1881 ipss
766 1816 1034 1880 Epicurea,
1062 1813 1124 1860 sd
1149 1828 1296 1877 quem
1320 1811 1440 1860 dnus
1463 1810 1525 1859 sb
1547 1808 1676 1884 Epi-⁸

640 1911 761 1945 curo
800 1894 1004 1957 scriptu
1058 1890 1287 1955 epistolss
1324 1890 1470 1953 Diog.
1514 1892 1671 1940 Lsert.

640 1977 718 2034 X,
755 1975 784 2023 3
816 1984 865 2021 et
896 1978 957 2028 14
981 2004 998 2029 ‚
1028 1978 1306 2017 ·memorst.
1331 1966 1512 2016 Eadem
1537 1985 1565 2015 s
1588 1968 1671 2017 Ci-

641 2068 848 2110 cerone,
876 2051 1049 2098 Pison.
1070 2048 1167 2105 26,
1187 2047 1280 2106 63,
1310 2057 1365 2094 ut
1383 2045 1575 2110 sapiens
1594 2046 1672 2094 di-

639 2132 784 2180 citur.
813 2154 886 2165 —
906 2126 1158 2175 Themista
1184 2134 1287 2173 erat
1312 2126 1483 2174 mulier
1507 2126 1669 2192 philo·

641 2207 1185 2273 mphs‚.hmpsscens
1202 2237 1218 2264 ,
1267 2204 1466 2268 Epicuri
1515 2206 1669 2253 smics

641 2298 691 2336 et
707 2282 885 2334 sssecls
901 2317 918 2344 ,
943 2283 1030 2348 qni
1058 2283 1103 2331 ei
1126 2280 1307 2330 librum
1325 2283 1523 2332 nomine
1540 2284 1671 2332 Neo·

647 2365 745 2414 cles
769 2363 970 2413 dicavit.
1003 2361 1155 2431 Cous.
1191 2360 1252 2408 de
1278 2360 1447 2410 esdem
1475 2364 1670 2426 Mensg.

644 2444 832 2495 Histor.
904 2441 1159 2490 mulierum
1237 2438 1637 2506 philosopbsrum
1653 2478 1669 2504 ,

642 2539 754 2588 rte·
779 2523 900 2586 49⁸·

722 2618 807 2651 ιο.
832 2603 901 2649 Ee
922 2611 1165 2648 certamen
1187 2595 1468 2662 honestum,
1504 2610 1556 2648 ee
1573 2598 1671 2647 dis-

636 2681 830 2747 putan’o
875 2677 1155 2744 splendida.
1193 2677 1311 2725 Em.
1348 2678 1486 2741 prius
1528 2679 1594 2727 Ee
1616 2679 1669 2727 in

644 2763 737 2808 Est
757 2759 935 2808 mutari
960 2757 1115 2806 melit.
1157 2755 1252 2805 Sed
1283 2773 1369 2804 sus
1405 2773 1469 2804 ex
1502 2756 1669 2820 regula

642 2850 768 2888 stare
798 2837 987 2902 vulgata
1005 2835 1211 2892 videtur,
1234 2851 1329 2899 qun
1355 2837 1408 2882 in
1429 2834 1509 2883 bis
1521 2868 1539 2896 ,
1557 2851 1669 2899 quae

642 2934 753 2966 cum
775 2916 1011 2965 brevitate
1041 2916 1357 2962 asseveretius
1384 2924 1668 2979 ponuntur,

642 2998 842 3046 verbum
865 2995 1021 3043 subst.
1052 2993 1199 3055 sbjici
1228 2993 1372 3042 solet.
1397 2992 1564 3040 Divin.
1583 2993 1634 3040 11
1648 3025 1665 3052 ,

651 3093 669 3124 ι
691 3110 707 3134 ,
737 3072 768 3124 3
798 3090 811 3124 :
850 3096 877 3117 α
898 3074 1107 3138 Magnus
1132 3073 1300 3130 locus,
1318 3068 1668 3135 philosophie-

640 3172 736 3220 que
761 3154 1014 3219 proprius,
1045 3168 1073 3200 s
1102 3151 1304 3201 Platone
1435 3160 1670 3200 tractatus

642 3234 882 3283 uberrime
897 3256 937 3281 n.
961 3234 1107 3297 Legg.
1128 3232 1176 3278 11
1195 3265 1210 3289 ,
1243 3231 1308 3278 23
1327 3263 1342 3288 ,
1378 3230 1446 3293 59
1472 3242 1528 3278 :-
1548 3232 1668 3278 Hae

643 3312 903 3362 laudabilis
925 3345 940 3370 ‚
986 3322 1036 3360 et
1073 3308 1406 3373 locupletibus
1434 3309 1533 3357 fere
1556 3325 1669 3357 cum

640 3393 785 3457 plebe
815 3388 1094 3440 communie
1112 3422 1128 3446 ‚
1170 3398 1264 3434 etc.
1286 3408 1308 3429 s
1354 3388 1515 3437 Brem.
1553 3389 1667 3452 qni-

642 3472 753 3521 dem
774 3469 981 3520 Ernestii
1010 3466 1340 3527 conjecturam
1368 3483 1429 3514 ex
1463 3482 1524 3514 eo
1550 3483 1669 3532 pm-

641 3552 724 3600 bat
741 3586 756 3611 ‚
798 3547 931 3614 quod
958 3554 1206 3593 auctorem
1234 3545 1546 3609 pertitionem
1562 3545 1668 3593 sine

642 3630 794 3680 verbo
833 3626 989 3675 subst.
1030 3620 1430 3670 antecedentibus
1460 3623 1668 3686 iungere

640 3717 798 3770 negat.
840 3702 991 3767 Quod
1025 3703 1066 3748 si
1108 3701 1183 3748 vel
1227 3703 1291 3750 sit
1326 3703 1626 3750 verissimum
1648 3736 1665 3761 ‚

641 3800 799 3835 tamen
822 3784 920 3832 huc
949 3779 1072 3828 nibil
1106 3780 1236 3829 fucit.
1272 3780 1398 3829 Nem
1425 3778 1554 3827 nulls
1583 3780 1668 3827 hic

638 3876 709 3913 est
733 3863 928 3928 partitio
955 3873 971 3909 ε
999 3860 1138 3924 prior
1161 3861 1229 3906 Et
1244 3893 1261 3919 ,
1296 3870 1342 3906 ee
1355 3875 1472 3907 sane
1491 3869 1631 3907 notat
1650 3894 1665 3918 ,

636 3942 880 4008 posterior
894 3939 1182 4004 explicantis
1200 3949 1271 3986 est
1291 3952 1305 3986 :
1327 3954 1436 3986 nsm
1464 3957 1486 3979 ι
1506 3946 1663 3985 certe·

635 4039 746 4071 men
773 4021 1033 4068 honestum
1046 4038 1068 4057 ··
1090 4049 1108 4073 ‚
1133 4027 1181 4064 et
1202 4016 1383 4080 disput.
1404 4014 1661 4081 splendida

634 4117 736 4149 non
764 4116 815 4147 re
834 4134 850 4161 ,
876 4095 959 4143 sed
989 4093 1150 4142 verbis
1187 4103 1373 4141 tsntnm
1403 4092 1653 4142 differunt.

1758 1576 1838 1627 Sic
1857 1577 2053 1627 defendi
2079 1577 2266 1643 vulgsts
2293 1589 2471 1644 potest.
2497 1580 2596 1630 Sed
2619 1594 2773 1632 tsmen

1759 1655 2059 1721 languidiore
2086 1657 2216 1715 bec,
2254 1667 2302 1705 et
2323 1658 2410 1707 vix
2432 1658 2494 1707 ad
2521 1659 2626 1707 baec
2658 1678 2777 1710 con-

1758 1745 1890 1784 texta
1903 1745 2017 1801 apte
2034 1736 2372 1800 congruentia,
2391 1748 2574 1787 retente
2588 1738 2772 1804 duplici

1757 1827 1836 1878 ee,
1862 1816 2056 1865 senties.
2086 1813 2191 1865 Nos
2214 1816 2410 1880 quidem
2432 1816 2576 1879 longe
2595 1832 2775 1866 conve·

1756 1894 1969 1942 nientius
2015 1893 2291 1955 iudicemus
2317 1928 2335 1955 ,
2357 1893 2399 1943 si
2416 1895 2601 1960 legetur
2619 1929 2636 1955 ‚
2652 1917 2678 1938 ι
2698 1896 2772 1943 En

1757 1982 1997 2020 certamen
2049 1971 2336 2032 honestum,
2396 1989 2458 2022 en
2505 1973 2776 2039 disputatio

1756 2050 2079 2117 splendidsls
2117 2053 2197 2101 cf.
2226 2053 2390 2115 Deiot.
2412 2055 2474 2112 6,
2509 2069 2569 2116 17
2602 2069 2618 2103 ε
2653 2056 2774 2102 «En

1759 2131 1969 2193 crimen,
2006 2147 2070 2179 en
2112 2147 2253 2180 csuss
2297 2151 2346 2181 s.
2392 2134 2538 2184 Verr.
2585 2136 2608 2182 1
2628 2168 2645 2193 ,
2671 2135 2737 2200 37
2762 2168 2775 2192 ,

1763 2226 1784 2258 1
1801 2210 1895 2258 15:
1922 2230 1944 2254 ι
1964 2226 2027 2258 en
2045 2210 2468 2260 memorismortni
2485 2212 2693 2273 sodalis,
2713 2229 2774 2260 en

1756 2299 1914 2338 metus
1967 2300 2272 2339 mortuorum
2315 2290 2685 2339 existimationis
2716 2293 2728 2339 Ξ
2750 2313 2775 2332 ι·

1754 2369 1938 2433 scripti
1959 2379 2117 2417 tamen
2136 2367 2259 2416 nihil
2287 2367 2537 2417 differunt.
2553 2370 2615 2417 G.

1835 2464 1854 2495 ι
1869 2465 1916 2497 ι.
1941 2445 2111 2496 Omnis
2128 2456 2200 2493 est
2222 2445 2371 2494 em‘m.
2393 2447 2514 2494 Tres
2530 2447 2685 2495 nostri
2704 2460 2776 2496 ese

1754 2525 1983 2590 ignorent
2011 2537 2026 2573 ε
2066 2524 2134 2570 its
2178 2523 2365 2571 scilicet
2403 2523 2563 2571 solent
2601 2525 2773 2574 scribe

1754 2595 1850 2643 hoc
1881 2595 1932 2642 in
1972 2592 2164 2658 positm
2204 2592 2391 2658 quippe
2428 2592 2491 2640 sd
2524 2609 2668 2657 quem
2705 2612 2769 2643 ne

1754 2674 1870 2721 VV.
1893 2674 2006 2720 DD.
2020 2670 2219 2735 quidem
2235 2670 2509 2722 sttendsnt.
2530 2675 2594 2722 G.

1830 2766 1909 2799 η.
1932 2754 2002 2798 Ae
2026 2765 2133 2796 cum
2163 2748 2258 2796 cuis
2277 2765 2425 2814 quum
2441 2749 2670 2802 disseras.
2690 2755 2774 2802 Ju-

1753 2829 1838 2878 bet
1861 2844 1955 2893 pro
1975 2844 2124 2894 quum
2136 2827 2283 2878 Rath.
2307 2828 2523 2896 siponi,
2544 2843 2689 2896 etque
2706 2833 2771 2881 its
2859 2896 2866 2901 .

1754 2917 1932 2973 praeter
1955 2908 2119 2956 Ursini
2148 2910 2263 2959 cod.
2306 2912 2515 2961 Mersus.
2560 2913 2636 2960 Ex
2676 2913 2773 2962 hoc

1753 2986 2087 3052 similibusque
2104 2989 2281 3038 clarius
2297 2991 2440 3039 etism
2458 3002 2622 3056 petet,
2640 2994 2771 3054 conj.

1755 3076 1884 3116 recte
1905 3081 2054 3131 quum
2080 3069 2244 3119 scribi.
2269 3069 2419 3133 Quod
2443 3082 2602 3120 sutem
2623 3074 2770 3121 Grut.

1752 3162 1848 3211 pro
1869 3162 2017 3211 quum
2057 3148 2110 3195 in
2137 3148 2243 3199 Pal.
2273 3164 2295 3196 1
2336 3161 2389 3197 tu
2423 3150 2570 3198 scribi
2613 3149 2733 3198 dicit
2757 3187 2771 3209 ,

1755 3226 1807 3272 in
1831 3225 1932 3274 boc
1953 3224 2085 3274 bsud
2103 3226 2252 3276 dubie
2268 3240 2411 3279 erret.
2428 3229 2553 3277 Nam
2567 3229 2617 3277 in
2643 3231 2770 3295 Spir.

1754 3304 1923 3354 etErl.
1954 3324 1976 3348 ι
2020 3315 2070 3353 st
2113 3316 2272 3354 tamen
2315 3307 2413 3355 tuis
2448 3324 2560 3356 enm
2600 3307 2718 3357 diss.
2746 3331 2771 3351 ›-

1753 3382 2008 3432 Miscnisse
2025 3383 2172 3447 igitur
2185 3384 2267 3434 ille
2279 3383 2514 3434 dicendus
2532 3403 2550 3448 ;
2570 3375 2636 3434 εἷ
2640 3387 2769 3435 enim

1754 3479 1815 3511 ex
1833 3478 1997 3527 comp.
2026 3475 2190 3511 tamen
2217 3464 2447 3512 scribitur
2470 3501 2486 3526 ,
2530 3466 2663 3528 quod
2708 3481 2776 3514 ex

1752 3542 1898 3590 simili
1917 3530 1981 3590 οἷ
2006 3544 2126 3607 (pro
2170 3559 2316 3602 cum,
2366 3543 2557 3608 quum)
2605 3556 2768 3593 ortum

1752 3630 1841 3668 est.
1871 3622 1932 3669 G.

1832 3700 1912 3747 13.
1937 3699 1994 3748 si
2012 3710 2059 3746 te
2074 3697 2198 3765 ipse,
2221 3711 2271 3748 et
2287 3710 2395 3748 was
2420 3699 2589 3766 cogiet.
2609 3711 2770 3749 etsen-

1754 3775 1858 3825 dian.
1880 3780 2031 3827 Prnve
2052 3780 2221 3829 stis.
2242 3796 2304 3827 ex
2321 3778 2499 3829 Eliens.
2523 3794 2544 3829 ι
2584 3779 2630 3828 εἰ
2658 3791 2768 3829 ereas

1754 3856 1943 3908 edidit:
1984 3874 2093 3906 nam
2133 3858 2242 3906 haec
2277 3859 2461 3923 duplex
2494 3870 2575 3921 ee,
2614 3883 2640 3903 ιι
2667 3876 2769 3909 non

1752 3936 1909 3984 solum
2036 3936 2120 3984 sed
2161 3938 2304 3984 etism
2329 3959 2384 3995 u,
2434 3954 2481 3988 v.
2518 3955 2663 4002 qmem

1747 4027 1843 4063 mm
1882 4026 2020 4063 notat
2036 4048 2052 4075 ,
2093 4024 2239 4079 stque
2272 4017 2509 4065 sententis
2551 4018 2647 4066 loci
2697 4021 2768 4067 sic

1746 4092 1978 4159 cupientis
2001 4129 2017 4153 ,
2044 4114 2067 4136 ι
2095 4094 2135 4142 si
2167 4105 2220 4145 tn
2251 4105 2298 4144 te
2315 4094 2453 4160 ipse,
2491 4096 2542 4146 id
2572 4108 2642 4147 est
2663 4115 2768 4147 non
