<?xml version="1.0" encoding="UTF-8"?>
<!DOCTYPE html PUBLIC "-//W3C//DTD XHTML 1.0 Transitional//EN"
    "http://www.w3.org/TR/xhtml1/DTD/xhtml1-transitional.dtd">
<html xmlns="http://www.w3.org/1999/xhtml" xml:lang="en" lang="en">
 <head>
  <title>
</title>
<meta http-equiv="Content-Type" content="text/html;charset=utf-8" />
  <meta name='ocr-system' content='tesseract 3.04.00' />
  <meta name='ocr-capabilities' content='ocr_page ocr_carea ocr_par ocr_line ocrx_word'/>
</head>
<body>
  <div class='ocr_page' id='page_1' title='image "./mtciceronisquae00clergoog/mtciceronisquae00clergoog_0568.png"; bbox 0 0 3217 4784; ppageno 0'>
   <div class='ocr_carea' id='block_1_1' title="bbox 629 533 658 587">
    <p class='ocr_par' dir='ltr' id='par_1_1' title="bbox 629 533 658 587">
     <span class='ocr_line' id='line_1_1' title="bbox 629 533 658 587; baseline 0 0"><span class='ocrx_word' id='word_1_1' title='bbox 629 533 658 587; x_wconf 75' lang='lat' dir='ltr'><strong>ti</strong></span> 
     </span>
    </p>
   </div>
   <div class='ocr_carea' id='block_1_2' title="bbox 703 380 840 466">
    <p class='ocr_par' dir='ltr' id='par_1_2' title="bbox 703 380 840 466">
     <span class='ocr_line' id='line_1_2' title="bbox 703 380 840 466; baseline -0.007 -15"><span class='ocrx_word' id='word_1_2' title='bbox 703 380 840 466; x_wconf 72' lang='lat'><strong>543</strong></span> 
     </span>
    </p>
   </div>
   <div class='ocr_carea' id='block_1_3' title="bbox 1376 342 2300 450">
    <p class='ocr_par' dir='ltr' id='par_1_3' title="bbox 1376 342 2300 450">
     <span class='ocr_line' id='line_1_3' title="bbox 1376 342 2300 450; baseline 0.006 -7"><span class='ocrx_word' id='word_1_3' title='bbox 1376 378 1473 444; x_wconf 88' lang='grc' dir='ltr'><strong>Μ.</strong></span> <span class='ocrx_word' id='word_1_4' title='bbox 1527 378 1602 443; x_wconf 85' lang='grc' dir='ltr'><strong>Τ.</strong></span> <span class='ocrx_word' id='word_1_5' title='bbox 1657 379 2143 450; x_wconf 79' lang='lat' dir='ltr'><strong>clcERole</strong></span> <span class='ocrx_word' id='word_1_6' title='bbox 2227 440 2234 445; x_wconf 93' lang='lat'><strong>.</strong></span> <span class='ocrx_word' id='word_1_7' title='bbox 2291 342 2300 359; x_wconf 74' lang='lat'><em>&#39;</em></span> 
     </span>
    </p>
   </div>
   <div class='ocr_carea' id='block_1_4' title="bbox 693 496 2834 1376">
    <p class='ocr_par' dir='ltr' id='par_1_4' title="bbox 693 496 2834 1376">
     <span class='ocr_line' id='line_1_4' title="bbox 798 496 2832 599; baseline 0.003 -26"><span class='ocrx_word' id='word_1_8' title='bbox 798 507 884 573; x_wconf 92' lang='lat'><strong>11.</strong></span> <span class='ocrx_word' id='word_1_9' title='bbox 939 502 1070 571; x_wconf 88' lang='lat' dir='ltr'><strong>Hic</strong></span> <span class='ocrx_word' id='word_1_10' title='bbox 1102 520 1273 595; x_wconf 82' lang='lat' dir='ltr'><strong>ego,</strong></span> <span class='ocrx_word' id='word_1_11' title='bbox 1333 496 1774 592; x_wconf 84' lang='lat' dir='ltr'>Pomponius</span> <span class='ocrx_word' id='word_1_12' title='bbox 1824 498 2152 595; x_wconf 88' lang='lat' dir='ltr'><strong>quidem,</strong></span> <span class='ocrx_word' id='word_1_13' title='bbox 2205 504 2537 599; x_wconf 82' lang='lat' dir='ltr'><strong>inquam,</strong></span> <span class='ocrx_word' id='word_1_14' title='bbox 2583 522 2832 579; x_wconf 87' lang='lat' dir='ltr'><strong>noster</strong></span> 
     </span>
     <span class='ocr_line' id='line_1_5' title="bbox 693 601 2832 710; baseline 0.002 -24"><span class='ocrx_word' id='word_1_15' title='bbox 693 613 922 710; x_wconf 82' lang='lat' dir='ltr'><strong>jocari</strong></span> <span class='ocrx_word' id='word_1_16' title='bbox 951 608 1252 691; x_wconf 87' lang='lat' dir='ltr'><strong>videtur,</strong></span> <span class='ocrx_word' id='word_1_17' title='bbox 1286 617 1358 674; x_wconf 89' lang='lat' dir='ltr'><strong>et</strong></span> <span class='ocrx_word' id='word_1_18' title='bbox 1382 601 1683 677; x_wconf 84' lang='lat' dir='ltr'><strong>fortasse</strong></span> <span class='ocrx_word' id='word_1_19' title='bbox 1704 630 1837 678; x_wconf 88' lang='lat' dir='ltr'><strong>suo</strong></span> <span class='ocrx_word' id='word_1_20' title='bbox 1854 610 2043 704; x_wconf 85' lang='lat' dir='ltr'><strong>jure.</strong></span> <span class='ocrx_word' id='word_1_21' title='bbox 2071 615 2179 682; x_wconf 88' lang='lat' dir='ltr'><strong>Ita</strong></span> <span class='ocrx_word' id='word_1_22' title='bbox 2207 615 2400 684; x_wconf 88' lang='lat' dir='ltr'><strong>enim</strong></span> <span class='ocrx_word' id='word_1_23' title='bbox 2425 638 2502 689; x_wconf 87' lang='lat' dir='ltr'><strong>se</strong></span> <span class='ocrx_word' id='word_1_24' title='bbox 2530 617 2832 689; x_wconf 85' lang='lat' dir='ltr'><strong>Athenis</strong></span> 
     </span>
     <span class='ocr_line' id='line_1_6' title="bbox 698 716 2832 813; baseline 0.002 -17"><span class='ocrx_word' id='word_1_25' title='bbox 698 724 1143 801; x_wconf 74' lang='lat' dir='ltr'><strong>collocavw,</strong></span> <span class='ocrx_word' id='word_1_26' title='bbox 1199 729 1283 786; x_wconf 91' lang='lat' dir='ltr'><strong>ut</strong></span> <span class='ocrx_word' id='word_1_27' title='bbox 1319 716 1409 786; x_wconf 84' lang='lat' dir='ltr'><strong>sit</strong></span> <span class='ocrx_word' id='word_1_28' title='bbox 1445 738 1651 812; x_wconf 85' lang='lat' dir='ltr'><strong>paene</strong></span> <span class='ocrx_word' id='word_1_29' title='bbox 1689 741 1875 789; x_wconf 91' lang='lat' dir='ltr'><strong>unus</strong></span> <span class='ocrx_word' id='word_1_30' title='bbox 1910 744 2000 790; x_wconf 83' lang='lat' dir='ltr'><strong>ex</strong></span> <span class='ocrx_word' id='word_1_31' title='bbox 2045 724 2327 813; x_wconf 76' lang='lat' dir='ltr'><strong>Atticis,</strong></span> <span class='ocrx_word' id='word_1_32' title='bbox 2366 742 2449 798; x_wconf 91' lang='lat' dir='ltr'><strong>ut</strong></span> <span class='ocrx_word' id='word_1_33' title='bbox 2495 726 2571 797; x_wconf 89' lang='lat' dir='ltr'><strong>id</strong></span> <span class='ocrx_word' id='word_1_34' title='bbox 2614 734 2832 800; x_wconf 84' lang='lat' dir='ltr'><strong>etiam</strong></span> 
     </span>
     <span class='ocr_line' id='line_1_7' title="bbox 701 824 2832 930; baseline 0.004 -28"><span class='ocrx_word' id='word_1_35' title='bbox 701 853 1101 930; x_wconf 84' lang='lat' dir='ltr'><strong>cognomen</strong></span> <span class='ocrx_word' id='word_1_36' title='bbox 1134 825 1465 898; x_wconf 82' lang='lat' dir='ltr'><strong>videatur</strong></span> <span class='ocrx_word' id='word_1_37' title='bbox 1502 824 1886 900; x_wconf 84' lang='lat' dir='ltr'><strong>habiturus</strong></span> <span class='ocrx_word' id='word_1_38' title='bbox 1906 840 1958 900; x_wconf 77' lang='lat'><strong>².</strong></span> <span class='ocrx_word' id='word_1_39' title='bbox 1986 835 2138 928; x_wconf 79' lang='lat' dir='ltr'><strong>Ego</strong></span> <span class='ocrx_word' id='word_1_40' title='bbox 2164 848 2404 906; x_wconf 82' lang='lat' dir='ltr'><strong>autem</strong></span> <span class='ocrx_word' id='word_1_41' title='bbox 2432 837 2567 909; x_wconf 87' lang='lat' dir='ltr'><strong>tibi</strong></span> <span class='ocrx_word' id='word_1_42' title='bbox 2586 893 2606 925; x_wconf 89' lang='lat'>,</span> <span class='ocrx_word' id='word_1_43' title='bbox 2633 842 2832 925; x_wconf 81' lang='lat' dir='ltr'><strong>Piso,</strong></span> 
     </span>
     <span class='ocr_line' id='line_1_8' title="bbox 698 934 2831 1042; baseline 0.005 -31"><span class='ocrx_word' id='word_1_44' title='bbox 698 943 1082 1027; x_wconf 79' lang='lat' dir='ltr'><strong>assentior,</strong></span> <span class='ocrx_word' id='word_1_45' title='bbox 1110 962 1245 1009; x_wconf 87' lang='lat' dir='ltr'><strong>usu</strong></span> <span class='ocrx_word' id='word_1_46' title='bbox 1284 936 1424 1008; x_wconf 86' lang='lat' dir='ltr'><strong>hoc</strong></span> <span class='ocrx_word' id='word_1_47' title='bbox 1456 938 1747 1008; x_wconf 87' lang='lat' dir='ltr'><strong>evenire</strong></span> <span class='ocrx_word' id='word_1_48' title='bbox 1767 934 1822 1025; x_wconf 82' lang='lat'><strong>³,</strong></span> <span class='ocrx_word' id='word_1_49' title='bbox 1853 955 1935 1010; x_wconf 89' lang='lat' dir='ltr'><strong>ut</strong></span> <span class='ocrx_word' id='word_1_50' title='bbox 1958 946 2191 1014; x_wconf 86' lang='lat' dir='ltr'><strong>acrius</strong></span> <span class='ocrx_word' id='word_1_51' title='bbox 2219 945 2587 1042; x_wconf 86' lang='lat' dir='ltr'><strong>aliquanto</strong></span> <span class='ocrx_word' id='word_1_52' title='bbox 2630 965 2702 1020; x_wconf 88' lang='lat' dir='ltr'><strong>et</strong></span> <span class='ocrx_word' id='word_1_53' title='bbox 2725 965 2831 1021; x_wconf 85' lang='lat' dir='ltr'><strong>at·-</strong></span> 
     </span>
     <span class='ocr_line' id='line_1_9' title="bbox 702 1046 2828 1156; baseline 0.004 -33"><span class='ocrx_word' id='word_1_54' title='bbox 702 1052 968 1124; x_wconf 84' lang='lat' dir='ltr'><strong>tentius</strong></span> <span class='ocrx_word' id='word_1_55' title='bbox 1002 1047 1094 1118; x_wconf 89' lang='lat' dir='ltr'><strong>de</strong></span> <span class='ocrx_word' id='word_1_56' title='bbox 1131 1046 1337 1117; x_wconf 84' lang='lat' dir='ltr'><strong>claris</strong></span> <span class='ocrx_word' id='word_1_57' title='bbox 1366 1047 1535 1116; x_wconf 83' lang='lat' dir='ltr'><strong>viris</strong></span> <span class='ocrx_word' id='word_1_58' title='bbox 1556 1100 1577 1133; x_wconf 86' lang='lat'>‚</span> <span class='ocrx_word' id='word_1_59' title='bbox 1601 1046 1931 1119; x_wconf 83' lang='lat' dir='ltr'><strong>locorum</strong></span> <span class='ocrx_word' id='word_1_60' title='bbox 1966 1051 2379 1143; x_wconf 86' lang='lat' dir='ltr'><strong>admonitu,</strong></span> <span class='ocrx_word' id='word_1_61' title='bbox 2408 1061 2828 1156; x_wconf 82' lang='lat' dir='ltr'>cogitemus.</span> 
     </span>
     <span class='ocr_line' id='line_1_10' title="bbox 698 1154 2832 1260; baseline 0.003 -26"><span class='ocrx_word' id='word_1_62' title='bbox 698 1163 849 1236; x_wconf 86' lang='lat' dir='ltr'><strong>Scis</strong></span> <span class='ocrx_word' id='word_1_63' title='bbox 877 1163 1068 1230; x_wconf 89' lang='lat' dir='ltr'><strong>enim</strong></span> <span class='ocrx_word' id='word_1_64' title='bbox 1098 1182 1214 1228; x_wconf 90' lang='lat' dir='ltr'><strong>me</strong></span> <span class='ocrx_word' id='word_1_65' title='bbox 1251 1154 1570 1253; x_wconf 85' lang='lat' dir='ltr'><strong>quodam</strong></span> <span class='ocrx_word' id='word_1_66' title='bbox 1602 1170 1932 1254; x_wconf 89' lang='lat' dir='ltr'><strong>tempore</strong></span> <span class='ocrx_word' id='word_1_67' title='bbox 1967 1163 2518 1260; x_wconf 73' lang='lat' dir='ltr'><strong>Metapontum‘*</strong></span> <span class='ocrx_word' id='word_1_68' title='bbox 2552 1170 2832 1241; x_wconf 84' lang='lat' dir='ltr'><strong>venisse</strong></span> 
     </span>
     <span class='ocr_line' id='line_1_11' title="bbox 701 1265 2834 1376; baseline 0.003 -31"><span class='ocrx_word' id='word_1_69' title='bbox 701 1290 974 1357; x_wconf 86' lang='lat' dir='ltr'><strong>tecum,</strong></span> <span class='ocrx_word' id='word_1_70' title='bbox 1014 1292 1149 1340; x_wconf 87' lang='lat' dir='ltr'><strong>nec</strong></span> <span class='ocrx_word' id='word_1_71' title='bbox 1183 1265 1272 1338; x_wconf 84' lang='lat' dir='ltr'><strong>ad</strong></span> <span class='ocrx_word' id='word_1_72' title='bbox 1311 1265 1672 1363; x_wconf 85' lang='lat' dir='ltr'><strong>hospitem</strong></span> <span class='ocrx_word' id='word_1_73' title='bbox 1695 1283 1884 1339; x_wconf 78' lang='lat' dir='ltr'><strong>,ante</strong></span> <span class='ocrx_word' id='word_1_74' title='bbox 1928 1267 2395 1364; x_wconf 81' lang='lat' dir='ltr'><strong>devertisse5,</strong></span> <span class='ocrx_word' id='word_1_75' title='bbox 2435 1303 2649 1375; x_wconf 83' lang='lat' dir='ltr'><strong>quam</strong></span> <span class='ocrx_word' id='word_1_76' title='bbox 2694 1285 2834 1376; x_wconf 85' lang='lat' dir='ltr'><strong>Py-</strong></span> 
     </span>
    </p>
   </div>
   <div class='ocr_carea' id='block_1_5' title="bbox 701 1434 1751 4192">
    <p class='ocr_par' dir='ltr' id='par_1_5' title="bbox 701 1434 1745 2362">
     <span class='ocr_line' id='line_1_12' title="bbox 701 1434 1731 1508; baseline -0.012 -16"><span class='ocrx_word' id='word_1_77' title='bbox 701 1443 948 1508; x_wconf 76' lang='lat' dir='ltr'><strong>vulgatam</strong></span> <span class='ocrx_word' id='word_1_78' title='bbox 974 1457 1002 1488; x_wconf 83' lang='lat' dir='ltr'><strong>a</strong></span> <span class='ocrx_word' id='word_1_79' title='bbox 1030 1438 1293 1503; x_wconf 74' lang='lat' dir='ltr'><strong>simplicia</strong></span> <span class='ocrx_word' id='word_1_80' title='bbox 1315 1473 1330 1498; x_wconf 87' lang='lat'>,</span> <span class='ocrx_word' id='word_1_81' title='bbox 1371 1451 1482 1483; x_wconf 86' lang='lat' dir='ltr'><strong>cum</strong></span> <span class='ocrx_word' id='word_1_82' title='bbox 1517 1435 1625 1495; x_wconf 80' lang='lat' dir='ltr'><strong>eins</strong></span> <span class='ocrx_word' id='word_1_83' title='bbox 1646 1434 1731 1482; x_wconf 86' lang='lat' dir='ltr'><strong>de·</strong></span> 
     </span>
     <span class='ocr_line' id='line_1_13' title="bbox 702 1513 1734 1584; baseline -0.011 -12"><span class='ocrx_word' id='word_1_84' title='bbox 702 1523 942 1571; x_wconf 80' lang='lat' dir='ltr'><strong>rivatione</strong></span> <span class='ocrx_word' id='word_1_85' title='bbox 984 1528 1284 1584; x_wconf 67' lang='lat' dir='ltr'><strong>respuentes.</strong></span> <span class='ocrx_word' id='word_1_86' title='bbox 1316 1515 1463 1566; x_wconf 76' lang='lat' dir='ltr'><strong>Cous.</strong></span> <span class='ocrx_word' id='word_1_87' title='bbox 1491 1516 1635 1564; x_wconf 79' lang='lat' dir='ltr'><strong>Vsrr.</strong></span> <span class='ocrx_word' id='word_1_88' title='bbox 1673 1513 1734 1561; x_wconf 89' lang='lat' dir='ltr'><strong>de</strong></span> 
     </span>
     <span class='ocr_line' id='line_1_14' title="bbox 704 1593 1735 1661; baseline -0.012 -9"><span class='ocrx_word' id='word_1_89' title='bbox 704 1605 762 1652; x_wconf 90' lang='lat' dir='ltr'><strong>L.</strong></span> <span class='ocrx_word' id='word_1_90' title='bbox 790 1604 845 1650; x_wconf 90' lang='lat'><strong>1..</strong></span> <span class='ocrx_word' id='word_1_91' title='bbox 859 1602 924 1655; x_wconf 78' lang='lat' dir='ltr'><strong>V,</strong></span> <span class='ocrx_word' id='word_1_92' title='bbox 959 1598 1067 1646; x_wconf 85' lang='lat' dir='ltr'><strong>init.</strong></span> <span class='ocrx_word' id='word_1_93' title='bbox 1097 1597 1348 1661; x_wconf 74' lang='lat' dir='ltr'><strong>«Tempus</strong></span> <span class='ocrx_word' id='word_1_94' title='bbox 1391 1610 1420 1642; x_wconf 86' lang='lat' dir='ltr'><strong>a</strong></span> <span class='ocrx_word' id='word_1_95' title='bbox 1462 1594 1634 1641; x_wconf 83' lang='lat' dir='ltr'><strong>bruma</strong></span> <span class='ocrx_word' id='word_1_96' title='bbox 1673 1593 1735 1641; x_wconf 85' lang='lat' dir='ltr'><strong>sd</strong></span> 
     </span>
     <span class='ocr_line' id='line_1_15' title="bbox 709 1673 1736 1737; baseline -0.012 -5"><span class='ocrx_word' id='word_1_97' title='bbox 709 1684 960 1737; x_wconf 80' lang='lat' dir='ltr'><strong>brumam,</strong></span> <span class='ocrx_word' id='word_1_98' title='bbox 988 1678 1105 1726; x_wconf 85' lang='lat' dir='ltr'><strong>dnm</strong></span> <span class='ocrx_word' id='word_1_99' title='bbox 1133 1676 1206 1724; x_wconf 83' lang='lat' dir='ltr'><strong>sol</strong></span> <span class='ocrx_word' id='word_1_100' title='bbox 1239 1673 1392 1734; x_wconf 88' lang='lat' dir='ltr'><strong>redit,</strong></span> <span class='ocrx_word' id='word_1_101' title='bbox 1416 1685 1620 1722; x_wconf 81' lang='lat' dir='ltr'><strong>vocatur</strong></span> <span class='ocrx_word' id='word_1_102' title='bbox 1642 1690 1736 1722; x_wconf 88' lang='lat' dir='ltr'><strong>an-</strong></span> 
     </span>
     <span class='ocr_line' id='line_1_16' title="bbox 710 1750 1738 1824; baseline -0.011 -14"><span class='ocrx_word' id='word_1_103' title='bbox 710 1778 828 1819; x_wconf 87' lang='lat' dir='ltr'><strong>nus;</strong></span> <span class='ocrx_word' id='word_1_104' title='bbox 856 1758 1020 1824; x_wconf 86' lang='lat' dir='ltr'><strong>quod,</strong></span> <span class='ocrx_word' id='word_1_105' title='bbox 1042 1766 1098 1803; x_wconf 88' lang='lat' dir='ltr'><strong>ut</strong></span> <span class='ocrx_word' id='word_1_106' title='bbox 1122 1753 1316 1818; x_wconf 84' lang='lat' dir='ltr'><strong>parvuli</strong></span> <span class='ocrx_word' id='word_1_107' title='bbox 1345 1752 1520 1801; x_wconf 86' lang='lat' dir='ltr'><strong>circuli</strong></span> <span class='ocrx_word' id='word_1_108' title='bbox 1547 1750 1738 1811; x_wconf 73' lang='lat' dir='ltr'><strong>annuli,</strong></span> 
     </span>
     <span class='ocr_line' id='line_1_17' title="bbox 710 1833 1739 1902; baseline -0.01 -14"><span class='ocrx_word' id='word_1_109' title='bbox 710 1842 778 1888; x_wconf 87' lang='lat' dir='ltr'><strong>sic</strong></span> <span class='ocrx_word' id='word_1_110' title='bbox 800 1838 961 1902; x_wconf 83' lang='lat' dir='ltr'><strong>magni</strong></span> <span class='ocrx_word' id='word_1_111' title='bbox 984 1834 1272 1883; x_wconf 76' lang='lat' dir='ltr'><strong>dicebantur</strong></span> <span class='ocrx_word' id='word_1_112' title='bbox 1287 1833 1403 1881; x_wconf 82' lang='lat' dir='ltr'><strong>anni</strong></span> <span class='ocrx_word' id='word_1_113' title='bbox 1416 1852 1460 1881; x_wconf 67' lang='lat' dir='ltr'><strong>a.</strong></span> <span class='ocrx_word' id='word_1_114' title='bbox 1479 1833 1555 1879; x_wconf 88' lang='lat' dir='ltr'><strong>De</strong></span> <span class='ocrx_word' id='word_1_115' title='bbox 1571 1842 1739 1896; x_wconf 75' lang='lat' dir='ltr'><strong>etymo</strong></span> 
     </span>
     <span class='ocr_line' id='line_1_18' title="bbox 713 1910 1738 1985; baseline -0.01 -18"><span class='ocrx_word' id='word_1_116' title='bbox 713 1920 873 1985; x_wconf 69' lang='lat' dir='ltr'><strong>placet</strong></span> <span class='ocrx_word' id='word_1_117' title='bbox 894 1913 1121 1965; x_wconf 73' lang='lat' dir='ltr'><strong>Mser-ob.</strong></span> <span class='ocrx_word' id='word_1_118' title='bbox 1143 1910 1403 1960; x_wconf 83' lang='lat' dir='ltr'><strong>Saturnall.</strong></span> <span class='ocrx_word' id='word_1_119' title='bbox 1427 1914 1475 1970; x_wconf 89' lang='lat'><strong>1,</strong></span> <span class='ocrx_word' id='word_1_120' title='bbox 1519 1918 1601 1966; x_wconf 68' lang='lat'><strong>14.</strong></span> <span class='ocrx_word' id='word_1_121' title='bbox 1630 1911 1738 1959; x_wconf 81' lang='lat' dir='ltr'><strong>No·</strong></span> 
     </span>
     <span class='ocr_line' id='line_1_19' title="bbox 712 1988 1743 2047; baseline -0.013 0"><span class='ocrx_word' id='word_1_122' title='bbox 712 2001 822 2047; x_wconf 84' lang='lat' dir='ltr'><strong>nius</strong></span> <span class='ocrx_word' id='word_1_123' title='bbox 850 1997 984 2045; x_wconf 89' lang='lat' dir='ltr'><strong>hunc</strong></span> <span class='ocrx_word' id='word_1_124' title='bbox 1011 1995 1179 2043; x_wconf 83' lang='lat' dir='ltr'><strong>locum</strong></span> <span class='ocrx_word' id='word_1_125' title='bbox 1205 1991 1411 2040; x_wconf 82' lang='lat' dir='ltr'><strong>laudans</strong></span> <span class='ocrx_word' id='word_1_126' title='bbox 1431 1988 1609 2038; x_wconf 70' lang='lat' dir='ltr'><strong>anellis</strong></span> <span class='ocrx_word' id='word_1_127' title='bbox 1627 1989 1743 2039; x_wconf 87' lang='lat' dir='ltr'><strong>scri-</strong></span> 
     </span>
     <span class='ocr_line' id='line_1_20' title="bbox 714 2069 1742 2140; baseline -0.008 -14"><span class='ocrx_word' id='word_1_128' title='bbox 714 2080 817 2138; x_wconf 84' lang='lat' dir='ltr'><strong>bit;</strong></span> <span class='ocrx_word' id='word_1_129' title='bbox 846 2076 995 2140; x_wconf 88' lang='lat' dir='ltr'><strong>idque</strong></span> <span class='ocrx_word' id='word_1_130' title='bbox 1028 2081 1315 2136; x_wconf 80' lang='lat' dir='ltr'><strong>receperunt</strong></span> <span class='ocrx_word' id='word_1_131' title='bbox 1342 2072 1398 2118; x_wconf 84' lang='lat' dir='ltr'><strong>P.</strong></span> <span class='ocrx_word' id='word_1_132' title='bbox 1419 2069 1673 2118; x_wconf 82' lang='lat' dir='ltr'><strong>Manutius</strong></span> <span class='ocrx_word' id='word_1_133' title='bbox 1693 2082 1742 2118; x_wconf 89' lang='lat' dir='ltr'><strong>et</strong></span> 
     </span>
     <span class='ocr_line' id='line_1_21' title="bbox 715 2149 1742 2211; baseline -0.009 -6"><span class='ocrx_word' id='word_1_134' title='bbox 715 2156 881 2204; x_wconf 60' lang='lat' dir='ltr'><strong>lamb.</strong></span> <span class='ocrx_word' id='word_1_135' title='bbox 917 2153 1014 2202; x_wconf 84' lang='lat' dir='ltr'><strong>Sed</strong></span> <span class='ocrx_word' id='word_1_136' title='bbox 1048 2151 1236 2199; x_wconf 78' lang='lat' dir='ltr'><strong>nulium</strong></span> <span class='ocrx_word' id='word_1_137' title='bbox 1279 2151 1383 2211; x_wconf 85' lang='lat' dir='ltr'><strong>ejus</strong></span> <span class='ocrx_word' id='word_1_138' title='bbox 1422 2149 1653 2197; x_wconf 86' lang='lat' dir='ltr'><strong>lectionis</strong></span> <span class='ocrx_word' id='word_1_139' title='bbox 1690 2149 1742 2197; x_wconf 87' lang='lat' dir='ltr'><strong>in</strong></span> 
     </span>
     <span class='ocr_line' id='line_1_22' title="bbox 717 2228 1745 2292; baseline -0.006 -10"><span class='ocrx_word' id='word_1_140' title='bbox 717 2234 865 2282; x_wconf 83' lang='lat' dir='ltr'>codd.</span> <span class='ocrx_word' id='word_1_141' title='bbox 892 2239 1049 2279; x_wconf 82' lang='lat' dir='ltr'><strong>exstat</strong></span> <span class='ocrx_word' id='word_1_142' title='bbox 1079 2230 1362 2292; x_wconf 73' lang='lat' dir='ltr'><strong>vestiginm5</strong></span> <span class='ocrx_word' id='word_1_143' title='bbox 1399 2245 1488 2277; x_wconf 89' lang='lat' dir='ltr'><strong>nec</strong></span> <span class='ocrx_word' id='word_1_144' title='bbox 1515 2228 1631 2277; x_wconf 82' lang='lat' dir='ltr'><strong>slibi</strong></span> <span class='ocrx_word' id='word_1_145' title='bbox 1658 2245 1745 2277; x_wconf 82' lang='lat' dir='ltr'><strong>sn-</strong></span> 
     </span>
     <span class='ocr_line' id='line_1_23' title="bbox 717 2308 1375 2362; baseline -0.008 0"><span class='ocrx_word' id='word_1_146' title='bbox 717 2327 826 2362; x_wconf 85' lang='lat' dir='ltr'><strong>etor</strong></span> <span class='ocrx_word' id='word_1_147' title='bbox 844 2313 940 2360; x_wconf 84' lang='lat' dir='ltr'><strong>hsc</strong></span> <span class='ocrx_word' id='word_1_148' title='bbox 960 2326 1083 2359; x_wconf 81' lang='lat' dir='ltr'><strong>voce</strong></span> <span class='ocrx_word' id='word_1_149' title='bbox 1108 2308 1280 2358; x_wconf 85' lang='lat' dir='ltr'><strong>utitur.</strong></span> <span class='ocrx_word' id='word_1_150' title='bbox 1314 2309 1375 2357; x_wconf 82' lang='lat' dir='ltr'><strong>G.</strong></span> 
     </span>
    </p>

    <p class='ocr_par' dir='ltr' id='par_1_6' title="bbox 720 2387 1751 3156">
     <span class='ocr_line' id='line_1_24' title="bbox 789 2387 1745 2442; baseline -0.005 -2"><span class='ocrx_word' id='word_1_151' title='bbox 789 2395 854 2442; x_wconf 85' lang='grc' dir='ltr'><strong>ΙΙ.</strong></span> <span class='ocrx_word' id='word_1_152' title='bbox 898 2404 946 2441; x_wconf 85' lang='lat'><strong>1.</strong></span> <span class='ocrx_word' id='word_1_153' title='bbox 974 2393 1057 2438; x_wconf 78' lang='lat' dir='ltr'><strong>Ita</strong></span> <span class='ocrx_word' id='word_1_154' title='bbox 1082 2388 1211 2438; x_wconf 71' lang='lat' dir='ltr'><strong>enim</strong></span> <span class='ocrx_word' id='word_1_155' title='bbox 1235 2405 1289 2436; x_wconf 81' lang='lat' dir='ltr'><strong>se</strong></span> <span class='ocrx_word' id='word_1_156' title='bbox 1306 2387 1512 2437; x_wconf 72' lang='lat' dir='ltr'><strong>Athenis</strong></span> <span class='ocrx_word' id='word_1_157' title='bbox 1533 2387 1745 2437; x_wconf 77' lang='lat' dir='ltr'><strong>colloca·</strong></span> 
     </span>
     <span class='ocr_line' id='line_1_25' title="bbox 721 2466 1746 2532; baseline -0.009 -9"><span class='ocrx_word' id='word_1_158' title='bbox 721 2475 801 2523; x_wconf 72' lang='lat' dir='ltr'><strong>vie.</strong></span> <span class='ocrx_word' id='word_1_159' title='bbox 837 2471 1121 2527; x_wconf 87' lang='lat' dir='ltr'><strong>Nescimus,</strong></span> <span class='ocrx_word' id='word_1_160' title='bbox 1151 2467 1282 2516; x_wconf 90' lang='lat' dir='ltr'><strong>unde</strong></span> <span class='ocrx_word' id='word_1_161' title='bbox 1315 2468 1545 2532; x_wconf 77' lang='lat' dir='ltr'><strong>vulgatus</strong></span> <span class='ocrx_word' id='word_1_162' title='bbox 1568 2466 1746 2515; x_wconf 83' lang='lat' dir='ltr'><strong>verbo-</strong></span> 
     </span>
     <span class='ocr_line' id='line_1_26' title="bbox 720 2545 1743 2610; baseline -0.005 -10"><span class='ocrx_word' id='word_1_163' title='bbox 720 2569 829 2601; x_wconf 84' lang='lat' dir='ltr'><strong>rum</strong></span> <span class='ocrx_word' id='word_1_164' title='bbox 852 2550 980 2599; x_wconf 85' lang='lat' dir='ltr'><strong>ordo</strong></span> <span class='ocrx_word' id='word_1_165' title='bbox 997 2585 1012 2610; x_wconf 90' lang='lat'>,</span> <span class='ocrx_word' id='word_1_166' title='bbox 1036 2545 1245 2596; x_wconf 69' lang='lat' dir='ltr'><strong>Athenis</strong></span> <span class='ocrx_word' id='word_1_167' title='bbox 1270 2563 1351 2607; x_wconf 79' lang='lat' dir='ltr'><strong>se,</strong></span> <span class='ocrx_word' id='word_1_168' title='bbox 1378 2546 1630 2610; x_wconf 83' lang='lat' dir='ltr'><strong>profectus</strong></span> <span class='ocrx_word' id='word_1_169' title='bbox 1652 2546 1743 2595; x_wconf 80' lang='lat' dir='ltr'><strong>sit:</strong></span> 
     </span>
     <span class='ocr_line' id='line_1_27' title="bbox 722 2624 1747 2687; baseline -0.008 -8"><span class='ocrx_word' id='word_1_170' title='bbox 722 2647 832 2679; x_wconf 87' lang='lat' dir='ltr'><strong>nam</strong></span> <span class='ocrx_word' id='word_1_171' title='bbox 877 2627 1034 2677; x_wconf 82' lang='lat' dir='ltr'><strong>nostri</strong></span> <span class='ocrx_word' id='word_1_172' title='bbox 1086 2640 1257 2674; x_wconf 85' lang='lat' dir='ltr'><strong>omnes</strong></span> <span class='ocrx_word' id='word_1_173' title='bbox 1288 2658 1303 2683; x_wconf 90' lang='lat'>‚</span> <span class='ocrx_word' id='word_1_174' title='bbox 1338 2626 1485 2673; x_wconf 81' lang='lat' dir='ltr'><strong>Vien.</strong></span> <span class='ocrx_word' id='word_1_175' title='bbox 1531 2624 1747 2687; x_wconf 80' lang='lat' dir='ltr'><strong>editique</strong></span> 
     </span>
     <span class='ocr_line' id='line_1_28' title="bbox 722 2702 1749 2764; baseline -0.007 -7"><span class='ocrx_word' id='word_1_176' title='bbox 722 2721 842 2760; x_wconf 81' lang='lat' dir='ltr'><strong>vett.</strong></span> <span class='ocrx_word' id='word_1_177' title='bbox 867 2722 1037 2757; x_wconf 83' lang='lat' dir='ltr'><strong>omnes</strong></span> <span class='ocrx_word' id='word_1_178' title='bbox 1054 2739 1072 2764; x_wconf 83' lang='lat'>‚</span> <span class='ocrx_word' id='word_1_179' title='bbox 1097 2714 1155 2751; x_wconf 80' lang='lat' dir='ltr'><strong>ut</strong></span> <span class='ocrx_word' id='word_1_180' title='bbox 1190 2702 1435 2752; x_wconf 86' lang='lat' dir='ltr'><strong>dedimus.</strong></span> <span class='ocrx_word' id='word_1_181' title='bbox 1473 2703 1577 2751; x_wconf 85' lang='lat' dir='ltr'><strong>Nec</strong></span> <span class='ocrx_word' id='word_1_182' title='bbox 1609 2703 1749 2751; x_wconf 83' lang='lat' dir='ltr'><strong>aliter</strong></span> 
     </span>
     <span class='ocr_line' id='line_1_29' title="bbox 722 2781 1749 2846; baseline -0.01 -7"><span class='ocrx_word' id='word_1_183' title='bbox 722 2788 965 2839; x_wconf 81' lang='lat' dir='ltr'><strong>Davisius.</strong></span> <span class='ocrx_word' id='word_1_184' title='bbox 994 2786 1059 2834; x_wconf 76' lang='lat' dir='ltr'><strong>At</strong></span> <span class='ocrx_word' id='word_1_185' title='bbox 1085 2781 1256 2831; x_wconf 77' lang='lat' dir='ltr'><strong>scribae</strong></span> <span class='ocrx_word' id='word_1_186' title='bbox 1285 2793 1448 2829; x_wconf 80' lang='lat' dir='ltr'><strong>amant</strong></span> <span class='ocrx_word' id='word_1_187' title='bbox 1473 2797 1749 2846; x_wconf 74' lang='lat' dir='ltr'><strong>pronomen</strong></span> 
     </span>
     <span class='ocr_line' id='line_1_30' title="bbox 724 2859 1745 2933; baseline -0.01 -18"><span class='ocrx_word' id='word_1_188' title='bbox 724 2869 1030 2933; x_wconf 80' lang='lat' dir='ltr'><strong>reciprocum</strong></span> <span class='ocrx_word' id='word_1_189' title='bbox 1075 2859 1229 2909; x_wconf 81' lang='lat' dir='ltr'><strong>verbo</strong></span> <span class='ocrx_word' id='word_1_190' title='bbox 1275 2859 1492 2907; x_wconf 83' lang='lat' dir='ltr'><strong>vicinum</strong></span> <span class='ocrx_word' id='word_1_191' title='bbox 1534 2873 1745 2922; x_wconf 82' lang='lat' dir='ltr'><strong>ponere;</strong></span> 
     </span>
     <span class='ocr_line' id='line_1_31' title="bbox 724 2937 1751 3008; baseline -0.021 -9"><span class='ocrx_word' id='word_1_192' title='bbox 724 2946 1055 3008; x_wconf 78' lang='lat' dir='ltr'><strong>convenitque</strong></span> <span class='ocrx_word' id='word_1_193' title='bbox 1088 2949 1258 2989; x_wconf 82' lang='lat' dir='ltr'><strong>eontra</strong></span> <span class='ocrx_word' id='word_1_194' title='bbox 1299 2937 1401 2987; x_wconf 86' lang='lat' dir='ltr'><strong>loci</strong></span> <span class='ocrx_word' id='word_1_195' title='bbox 1427 2937 1590 2985; x_wconf 88' lang='lat' dir='ltr'><strong>sensui</strong></span> <span class='ocrx_word' id='word_1_196' title='bbox 1617 2954 1751 2986; x_wconf 57' lang='grc' dir='ltr'><strong>τωο.</strong></span> 
     </span>
     <span class='ocr_line' id='line_1_32' title="bbox 725 3015 1751 3093; baseline -0.014 -16"><span class='ocrx_word' id='word_1_197' title='bbox 725 3039 808 3093; x_wconf 84' lang='lat' dir='ltr'><strong>pta</strong></span> <span class='ocrx_word' id='word_1_198' title='bbox 832 3043 860 3074; x_wconf 84' lang='lat' dir='ltr'><strong>a</strong></span> <span class='ocrx_word' id='word_1_199' title='bbox 893 3021 1038 3072; x_wconf 83' lang='lat' dir='ltr'><strong>nobis</strong></span> <span class='ocrx_word' id='word_1_200' title='bbox 1073 3019 1219 3068; x_wconf 85' lang='lat' dir='ltr'><strong>series</strong></span> <span class='ocrx_word' id='word_1_201' title='bbox 1241 3052 1256 3079; x_wconf 91' lang='lat'>‚</span> <span class='ocrx_word' id='word_1_202' title='bbox 1291 3032 1442 3082; x_wconf 87' lang='lat' dir='ltr'><strong>quum</strong></span> <span class='ocrx_word' id='word_1_203' title='bbox 1470 3015 1525 3064; x_wconf 88' lang='lat' dir='ltr'><strong>in</strong></span> <span class='ocrx_word' id='word_1_204' title='bbox 1550 3015 1623 3065; x_wconf 77' lang='lat' dir='ltr'><strong>ica</strong></span> <span class='ocrx_word' id='word_1_205' title='bbox 1654 3017 1751 3080; x_wconf 83' lang='lat' dir='ltr'><strong>pri-</strong></span> 
     </span>
     <span class='ocr_line' id='line_1_33' title="bbox 721 3101 1153 3156; baseline -0.019 0"><span class='ocrx_word' id='word_1_206' title='bbox 721 3106 870 3156; x_wconf 78' lang='lat' dir='ltr'><strong>maria</strong></span> <span class='ocrx_word' id='word_1_207' title='bbox 895 3104 969 3151; x_wconf 83' lang='lat' dir='ltr'><strong>vis</strong></span> <span class='ocrx_word' id='word_1_208' title='bbox 991 3101 1072 3150; x_wconf 78' lang='lat' dir='ltr'><strong>sit.</strong></span> <span class='ocrx_word' id='word_1_209' title='bbox 1092 3102 1153 3149; x_wconf 81' lang='lat' dir='ltr'><strong>G.</strong></span> 
     </span>
    </p>

    <p class='ocr_par' dir='ltr' id='par_1_7' title="bbox 719 3173 1751 3963">
     <span class='ocr_line' id='line_1_34' title="bbox 796 3173 1751 3243; baseline -0.01 -9"><span class='ocrx_word' id='word_1_210' title='bbox 796 3201 845 3235; x_wconf 73' lang='lat' dir='ltr'><strong>a.</strong></span> <span class='ocrx_word' id='word_1_211' title='bbox 886 3185 950 3231; x_wconf 79' lang='lat' dir='ltr'><strong>Ue</strong></span> <span class='ocrx_word' id='word_1_212' title='bbox 968 3180 1024 3230; x_wconf 76' lang='lat' dir='ltr'><strong>id</strong></span> <span class='ocrx_word' id='word_1_213' title='bbox 1045 3179 1193 3228; x_wconf 77' lang='lat' dir='ltr'><strong>etiam</strong></span> <span class='ocrx_word' id='word_1_214' title='bbox 1222 3192 1493 3243; x_wconf 74' lang='lat' dir='ltr'><strong>cognomen</strong></span> <span class='ocrx_word' id='word_1_215' title='bbox 1514 3173 1751 3225; x_wconf 79' lang='lat' dir='ltr'><strong>videatur</strong></span> 
     </span>
     <span class='ocr_line' id='line_1_35' title="bbox 722 3261 1745 3324; baseline -0.012 -7"><span class='ocrx_word' id='word_1_216' title='bbox 722 3265 993 3317; x_wconf 63' lang='lat' dir='ltr'><strong>basiem-us.</strong></span> <span class='ocrx_word' id='word_1_217' title='bbox 1028 3261 1262 3310; x_wconf 80' lang='lat' dir='ltr'><strong>Nostrum</strong></span> <span class='ocrx_word' id='word_1_218' title='bbox 1294 3273 1493 3324; x_wconf 86' lang='lat' dir='ltr'><strong>quoque</strong></span> <span class='ocrx_word' id='word_1_219' title='bbox 1532 3267 1630 3306; x_wconf 84' lang='lat' dir='ltr'><strong>tres</strong></span> <span class='ocrx_word' id='word_1_220' title='bbox 1660 3273 1745 3306; x_wconf 85' lang='lat' dir='ltr'><strong>eo·</strong></span> 
     </span>
     <span class='ocr_line' id='line_1_36' title="bbox 719 3337 1745 3413; baseline -0.011 -16"><span class='ocrx_word' id='word_1_221' title='bbox 719 3347 954 3413; x_wconf 68' lang='lat' dir='ltr'><strong>gamin«</strong></span> <span class='ocrx_word' id='word_1_222' title='bbox 965 3378 983 3401; x_wconf 86' lang='lat'><em>,</em></span> <span class='ocrx_word' id='word_1_223' title='bbox 1003 3341 1091 3391; x_wconf 89' lang='lat' dir='ltr'><strong>sed</strong></span> <span class='ocrx_word' id='word_1_224' title='bbox 1106 3339 1281 3388; x_wconf 80' lang='lat' dir='ltr'><strong>vitiose</strong></span> <span class='ocrx_word' id='word_1_225' title='bbox 1294 3355 1310 3396; x_wconf 71' lang='grc' dir='ltr'>ς</span> <span class='ocrx_word' id='word_1_226' title='bbox 1329 3337 1582 3400; x_wconf 78' lang='lat' dir='ltr'><strong>ediditque</strong></span> <span class='ocrx_word' id='word_1_227' title='bbox 1597 3349 1745 3399; x_wconf 85' lang='lat' dir='ltr'><strong>recte,</strong></span> 
     </span>
     <span class='ocr_line' id='line_1_37' title="bbox 723 3415 1746 3491; baseline -0.01 -16"><span class='ocrx_word' id='word_1_228' title='bbox 723 3437 1016 3491; x_wconf 73' lang='lat' dir='ltr'><strong>quamquam</strong></span> <span class='ocrx_word' id='word_1_229' title='bbox 1045 3419 1191 3466; x_wconf 79' lang='lat' dir='ltr'><strong>tacite</strong></span> <span class='ocrx_word' id='word_1_230' title='bbox 1206 3453 1221 3477; x_wconf 91' lang='lat'>‚</span> <span class='ocrx_word' id='word_1_231' title='bbox 1247 3416 1474 3480; x_wconf 80' lang='lat' dir='ltr'><strong>exemplo</strong></span> <span class='ocrx_word' id='word_1_232' title='bbox 1496 3415 1746 3473; x_wconf 87' lang='lat' dir='ltr'><strong>Lambini,</strong></span> 
     </span>
     <span class='ocr_line' id='line_1_38' title="bbox 722 3494 1746 3565; baseline -0.009 -16"><span class='ocrx_word' id='word_1_233' title='bbox 722 3516 962 3565; x_wconf 71' lang='lat' dir='ltr'><strong>suasuque</strong></span> <span class='ocrx_word' id='word_1_234' title='bbox 991 3495 1201 3550; x_wconf 82' lang='lat' dir='ltr'><strong>Davisii,</strong></span> <span class='ocrx_word' id='word_1_235' title='bbox 1222 3494 1412 3542; x_wconf 74' lang='lat' dir='ltr'><strong>Ernest-</strong></span> <span class='ocrx_word' id='word_1_236' title='bbox 1439 3509 1706 3559; x_wconf 69' lang='lat' dir='ltr'><strong>eognomen</strong></span> <span class='ocrx_word' id='word_1_237' title='bbox 1729 3530 1746 3556; x_wconf 86' lang='lat'><strong>,</strong></span> 
     </span>
     <span class='ocr_line' id='line_1_39' title="bbox 719 3573 1738 3639; baseline -0.012 -7"><span class='ocrx_word' id='word_1_238' title='bbox 719 3583 851 3631; x_wconf 81' lang='lat' dir='ltr'><strong>binis</strong></span> <span class='ocrx_word' id='word_1_239' title='bbox 879 3578 975 3628; x_wconf 83' lang='lat' dir='ltr'><strong>iilis</strong></span> <span class='ocrx_word' id='word_1_240' title='bbox 999 3573 1180 3624; x_wconf 83' lang='lat' dir='ltr'><strong>nostris</strong></span> <span class='ocrx_word' id='word_1_241' title='bbox 1213 3589 1325 3621; x_wconf 85' lang='lat' dir='ltr'><strong>cum</strong></span> <span class='ocrx_word' id='word_1_242' title='bbox 1351 3574 1485 3622; x_wconf 87' lang='lat' dir='ltr'><strong>Crat.</strong></span> <span class='ocrx_word' id='word_1_243' title='bbox 1515 3573 1738 3639; x_wconf 84' lang='lat' dir='ltr'><strong>adstipu-</strong></span> 
     </span>
     <span class='ocr_line' id='line_1_40' title="bbox 719 3652 1739 3709; baseline -0.009 0"><span class='ocrx_word' id='word_1_244' title='bbox 719 3658 949 3709; x_wconf 83' lang='lat' dir='ltr'><strong>lantibus.</strong></span> <span class='ocrx_word' id='word_1_245' title='bbox 975 3657 1041 3705; x_wconf 72' lang='lat' dir='ltr'><strong>At</strong></span> <span class='ocrx_word' id='word_1_246' title='bbox 1065 3655 1121 3702; x_wconf 88' lang='lat' dir='ltr'><strong>in</strong></span> <span class='ocrx_word' id='word_1_247' title='bbox 1143 3668 1204 3701; x_wconf 80' lang='lat' dir='ltr'><strong>eo</strong></span> <span class='ocrx_word' id='word_1_248' title='bbox 1230 3652 1397 3703; x_wconf 84' lang='lat' dir='ltr'><strong>Lamb.</strong></span> <span class='ocrx_word' id='word_1_249' title='bbox 1421 3668 1527 3701; x_wconf 87' lang='lat' dir='ltr'><strong>non</strong></span> <span class='ocrx_word' id='word_1_250' title='bbox 1554 3662 1630 3700; x_wconf 78' lang='lat' dir='ltr'><strong>est</strong></span> <span class='ocrx_word' id='word_1_251' title='bbox 1656 3668 1739 3700; x_wconf 82' lang='lat' dir='ltr'><strong>su·</strong></span> 
     </span>
     <span class='ocr_line' id='line_1_41' title="bbox 719 3730 1735 3798; baseline -0.008 -9"><span class='ocrx_word' id='word_1_252' title='bbox 719 3738 929 3789; x_wconf 84' lang='lat' dir='ltr'><strong>diendus</strong></span> <span class='ocrx_word' id='word_1_253' title='bbox 950 3770 966 3798; x_wconf 92' lang='lat'>,</span> <span class='ocrx_word' id='word_1_254' title='bbox 1012 3749 1166 3798; x_wconf 89' lang='lat' dir='ltr'><strong>quum</strong></span> <span class='ocrx_word' id='word_1_255' title='bbox 1202 3732 1291 3797; x_wconf 77' lang='lat' dir='ltr'><strong>qui</strong></span> <span class='ocrx_word' id='word_1_256' title='bbox 1327 3731 1383 3780; x_wconf 76' lang='lat' dir='ltr'><strong>id</strong></span> <span class='ocrx_word' id='word_1_257' title='bbox 1418 3730 1566 3780; x_wconf 77' lang='lat' dir='ltr'><strong>etiam</strong></span> <span class='ocrx_word' id='word_1_258' title='bbox 1586 3764 1604 3790; x_wconf 88' lang='lat'>‚</span> <span class='ocrx_word' id='word_1_259' title='bbox 1641 3742 1735 3781; x_wconf 87' lang='lat' dir='ltr'><strong>etc.</strong></span> 
     </span>
     <span class='ocr_line' id='line_1_42' title="bbox 719 3809 1737 3876; baseline -0.009 -8"><span class='ocrx_word' id='word_1_260' title='bbox 719 3833 813 3868; x_wconf 82' lang='lat' dir='ltr'><strong>nec</strong></span> <span class='ocrx_word' id='word_1_261' title='bbox 850 3814 1015 3866; x_wconf 82' lang='lat' dir='ltr'><strong>Davis.</strong></span> <span class='ocrx_word' id='word_1_262' title='bbox 1055 3815 1143 3876; x_wconf 85' lang='lat' dir='ltr'><strong>qui</strong></span> <span class='ocrx_word' id='word_1_263' title='bbox 1182 3823 1233 3861; x_wconf 77' lang='lat' dir='ltr'><strong>ee</strong></span> <span class='ocrx_word' id='word_1_264' title='bbox 1267 3809 1326 3859; x_wconf 79' lang='lat' dir='ltr'><strong>id</strong></span> <span class='ocrx_word' id='word_1_265' title='bbox 1353 3810 1500 3859; x_wconf 61' lang='lat' dir='ltr'><strong>edam</strong></span> <span class='ocrx_word' id='word_1_266' title='bbox 1537 3809 1737 3872; x_wconf 87' lang='lat' dir='ltr'><strong>suadet;</strong></span> 
     </span>
     <span class='ocr_line' id='line_1_43' title="bbox 720 3889 1735 3963; baseline -0.005 -20"><span class='ocrx_word' id='word_1_267' title='bbox 720 3913 850 3963; x_wconf 61' lang='lat' dir='ltr'><strong>sape</strong></span> <span class='ocrx_word' id='word_1_268' title='bbox 876 3892 1007 3943; x_wconf 86' lang='lat' dir='ltr'><strong>enim</strong></span> <span class='ocrx_word' id='word_1_269' title='bbox 1028 3891 1099 3938; x_wconf 89' lang='lat' dir='ltr'><strong>sic</strong></span> <span class='ocrx_word' id='word_1_270' title='bbox 1122 3901 1176 3937; x_wconf 78' lang='lat' dir='ltr'><strong>ue</strong></span> <span class='ocrx_word' id='word_1_271' title='bbox 1190 3889 1380 3938; x_wconf 76' lang='lat' dir='ltr'><strong>auctori</strong></span> <span class='ocrx_word' id='word_1_272' title='bbox 1405 3890 1659 3953; x_wconf 88' lang='lat' dir='ltr'><strong>reperitur.</strong></span> <span class='ocrx_word' id='word_1_273' title='bbox 1672 3890 1735 3938; x_wconf 87' lang='lat' dir='ltr'><strong>G.</strong></span> 
     </span>
    </p>

    <p class='ocr_par' dir='ltr' id='par_1_8' title="bbox 719 3966 1741 4192">
     <span class='ocr_line' id='line_1_44' title="bbox 794 3966 1740 4033; baseline -0.012 -7"><span class='ocrx_word' id='word_1_274' title='bbox 794 3979 842 4026; x_wconf 86' lang='lat'><strong>3.</strong></span> <span class='ocrx_word' id='word_1_275' title='bbox 895 3975 994 4021; x_wconf 73' lang='lat' dir='ltr'><strong>Usu</strong></span> <span class='ocrx_word' id='word_1_276' title='bbox 1034 3969 1128 4019; x_wconf 73' lang='lat' dir='ltr'><strong>hoc</strong></span> <span class='ocrx_word' id='word_1_277' title='bbox 1163 3966 1362 4017; x_wconf 54' lang='lat' dir='ltr'><strong>eveno-e.</strong></span> <span class='ocrx_word' id='word_1_278' title='bbox 1419 3968 1492 4017; x_wconf 86' lang='lat' dir='ltr'><strong>Ita</strong></span> <span class='ocrx_word' id='word_1_279' title='bbox 1510 4005 1528 4029; x_wconf 82' lang='lat'><strong>,</strong></span> <span class='ocrx_word' id='word_1_280' title='bbox 1563 3978 1740 4033; x_wconf 65' lang='lat' dir='ltr'><strong>preter</strong></span> 
     </span>
     <span class='ocr_line' id='line_1_45' title="bbox 719 4047 1738 4122; baseline -0.016 -16"><span class='ocrx_word' id='word_1_281' title='bbox 719 4058 850 4122; x_wconf 79' lang='lat' dir='ltr'><strong>Spir.</strong></span> <span class='ocrx_word' id='word_1_282' title='bbox 868 4065 919 4102; x_wconf 86' lang='lat' dir='ltr'><strong>et</strong></span> <span class='ocrx_word' id='word_1_283' title='bbox 940 4051 1044 4100; x_wconf 77' lang='lat' dir='ltr'><strong>Erl.</strong></span> <span class='ocrx_word' id='word_1_284' title='bbox 1066 4048 1155 4113; x_wconf 88' lang='lat' dir='ltr'><strong>qui</strong></span> <span class='ocrx_word' id='word_1_285' title='bbox 1171 4064 1264 4096; x_wconf 77' lang='lat' dir='ltr'><strong>usu</strong></span> <span class='ocrx_word' id='word_1_286' title='bbox 1289 4047 1543 4111; x_wconf 75' lang='lat' dir='ltr'><strong>ignorant,</strong></span> <span class='ocrx_word' id='word_1_287' title='bbox 1569 4058 1620 4095; x_wconf 87' lang='lat' dir='ltr'><strong>et</strong></span> <span class='ocrx_word' id='word_1_288' title='bbox 1645 4063 1738 4096; x_wconf 73' lang='lat' dir='ltr'><strong>ve·</strong></span> 
     </span>
     <span class='ocr_line' id='line_1_46' title="bbox 719 4124 1741 4192; baseline -0.009 -8"><span class='ocrx_word' id='word_1_289' title='bbox 719 4136 825 4184; x_wconf 75' lang='lat' dir='ltr'><strong>nire</strong></span> <span class='ocrx_word' id='word_1_290' title='bbox 840 4130 1093 4191; x_wconf 78' lang='lat' dir='ltr'><strong>exhibent,</strong></span> <span class='ocrx_word' id='word_1_291' title='bbox 1121 4127 1293 4192; x_wconf 78' lang='lat' dir='ltr'><strong>scripti</strong></span> <span class='ocrx_word' id='word_1_292' title='bbox 1312 4141 1500 4175; x_wconf 87' lang='lat' dir='ltr'><strong>omnes.</strong></span> <span class='ocrx_word' id='word_1_293' title='bbox 1521 4126 1628 4175; x_wconf 85' lang='lat' dir='ltr'><strong>Nec</strong></span> <span class='ocrx_word' id='word_1_294' title='bbox 1648 4124 1741 4175; x_wconf 85' lang='lat' dir='ltr'><strong>du·</strong></span> 
     </span>
    </p>
   </div>
   <div class='ocr_carea' id='block_1_6' title="bbox 1813 1426 2852 3393">
    <p class='ocr_par' dir='ltr' id='par_1_9' title="bbox 1813 1426 2852 3393">
     <span class='ocr_line' id='line_1_47' title="bbox 1813 1426 2835 1517; baseline 0.013 -32"><span class='ocrx_word' id='word_1_295' title='bbox 1813 1437 2024 1489; x_wconf 80' lang='lat' dir='ltr'><strong>bitsmns</strong></span> <span class='ocrx_word' id='word_1_296' title='bbox 2043 1478 2058 1503; x_wconf 87' lang='lat'>,</span> <span class='ocrx_word' id='word_1_297' title='bbox 2088 1443 2210 1508; x_wconf 84' lang='lat' dir='ltr'><strong>quin</strong></span> <span class='ocrx_word' id='word_1_298' title='bbox 2233 1426 2333 1517; x_wconf 71' lang='lat' dir='ltr'><strong>vox</strong></span> <span class='ocrx_word' id='word_1_299' title='bbox 2359 1463 2450 1495; x_wconf 77' lang='lat' dir='ltr'><strong>usu</strong></span> <span class='ocrx_word' id='word_1_300' title='bbox 2473 1449 2550 1497; x_wconf 80' lang='lat' dir='ltr'><strong>vel</strong></span> <span class='ocrx_word' id='word_1_301' title='bbox 2574 1449 2835 1505; x_wconf 78' lang='lat' dir='ltr'><strong>exciderit,</strong></span> 
     </span>
     <span class='ocr_line' id='line_1_48' title="bbox 1814 1519 2834 1593; baseline 0.013 -28"><span class='ocrx_word' id='word_1_302' title='bbox 1814 1519 1890 1566; x_wconf 80' lang='lat' dir='ltr'><strong>vel</strong></span> <span class='ocrx_word' id='word_1_303' title='bbox 1921 1521 2191 1584; x_wconf 73' lang='lat' dir='ltr'><strong>ignorantia</strong></span> <span class='ocrx_word' id='word_1_304' title='bbox 2218 1524 2404 1587; x_wconf 80' lang='lat' dir='ltr'><strong>abjecta</strong></span> <span class='ocrx_word' id='word_1_305' title='bbox 2426 1528 2515 1589; x_wconf 88' lang='lat' dir='ltr'><strong>sit,</strong></span> <span class='ocrx_word' id='word_1_306' title='bbox 2547 1545 2694 1593; x_wconf 89' lang='lat' dir='ltr'><strong>quum</strong></span> <span class='ocrx_word' id='word_1_307' title='bbox 2716 1530 2834 1577; x_wconf 75' lang='lat' dir='ltr'><strong>talia</strong></span> 
     </span>
     <span class='ocr_line' id='line_1_49' title="bbox 1815 1598 2835 1657; baseline 0.013 -12"><span class='ocrx_word' id='word_1_308' title='bbox 1815 1598 1995 1649; x_wconf 85' lang='lat' dir='ltr'><strong>addere</strong></span> <span class='ocrx_word' id='word_1_309' title='bbox 2038 1601 2304 1652; x_wconf 83' lang='lat' dir='ltr'><strong>scribarum</strong></span> <span class='ocrx_word' id='word_1_310' title='bbox 2347 1622 2450 1654; x_wconf 89' lang='lat' dir='ltr'><strong>non</strong></span> <span class='ocrx_word' id='word_1_311' title='bbox 2490 1609 2571 1656; x_wconf 88' lang='lat' dir='ltr'><strong>sit.</strong></span> <span class='ocrx_word' id='word_1_312' title='bbox 2610 1611 2680 1656; x_wconf 80' lang='lat' dir='ltr'><strong>At</strong></span> <span class='ocrx_word' id='word_1_313' title='bbox 2715 1624 2835 1657; x_wconf 76' lang='lat' dir='ltr'><strong>vero</strong></span> 
     </span>
     <span class='ocr_line' id='line_1_50' title="bbox 1818 1678 2834 1752; baseline 0.01 -27"><span class='ocrx_word' id='word_1_314' title='bbox 1818 1678 2032 1744; x_wconf 79' lang='lat' dir='ltr'><strong>simplex·</strong></span> <span class='ocrx_word' id='word_1_315' title='bbox 2074 1682 2277 1730; x_wconf 79' lang='lat' dir='ltr'><strong>verbum</strong></span> <span class='ocrx_word' id='word_1_316' title='bbox 2316 1702 2409 1750; x_wconf 86' lang='lat' dir='ltr'><strong>pro</strong></span> <span class='ocrx_word' id='word_1_317' title='bbox 2455 1689 2729 1752; x_wconf 83' lang='lat' dir='ltr'><strong>composito</strong></span> <span class='ocrx_word' id='word_1_318' title='bbox 2767 1687 2834 1735; x_wconf 82' lang='lat' dir='ltr'><strong>ad</strong></span> 
     </span>
     <span class='ocr_line' id='line_1_51' title="bbox 1817 1757 2838 1830; baseline 0.009 -26"><span class='ocrx_word' id='word_1_319' title='bbox 1817 1757 1923 1806; x_wconf 81' lang='lat' dir='ltr'><strong>haec</strong></span> <span class='ocrx_word' id='word_1_320' title='bbox 1953 1771 2181 1809; x_wconf 79' lang='lat' dir='ltr'><strong>contexta</strong></span> <span class='ocrx_word' id='word_1_321' title='bbox 2208 1761 2471 1812; x_wconf 77' lang='lat' dir='ltr'><strong>admodum</strong></span> <span class='ocrx_word' id='word_1_322' title='bbox 2503 1766 2677 1830; x_wconf 70' lang='lat' dir='ltr'><strong>placet.</strong></span> <span class='ocrx_word' id='word_1_323' title='bbox 2707 1768 2838 1816; x_wconf 77' lang='lat' dir='ltr'><strong>Nam</strong></span> 
     </span>
     <span class='ocr_line' id='line_1_52' title="bbox 1817 1835 2838 1894; baseline 0.011 -10"><span class='ocrx_word' id='word_1_324' title='bbox 1817 1835 1940 1885; x_wconf 85' lang='lat' dir='ltr'><strong>bene</strong></span> <span class='ocrx_word' id='word_1_325' title='bbox 1974 1839 2180 1888; x_wconf 86' lang='lat' dir='ltr'><strong>tenenda</strong></span> <span class='ocrx_word' id='word_1_326' title='bbox 2214 1853 2287 1889; x_wconf 86' lang='lat' dir='ltr'><strong>est</strong></span> <span class='ocrx_word' id='word_1_327' title='bbox 2324 1841 2594 1893; x_wconf 85' lang='lat' dir='ltr'><strong>dictionum</strong></span> <span class='ocrx_word' id='word_1_328' title='bbox 2625 1861 2712 1892; x_wconf 77' lang='lat' dir='ltr'><strong>usu</strong></span> <span class='ocrx_word' id='word_1_329' title='bbox 2741 1861 2838 1894; x_wconf 71' lang='lat' dir='ltr'><strong>ve-</strong></span> 
     </span>
     <span class='ocr_line' id='line_1_53' title="bbox 1819 1918 2840 1978; baseline 0.007 -11"><span class='ocrx_word' id='word_1_330' title='bbox 1819 1918 1951 1978; x_wconf 71' lang='grc' dir='ltr'><em>πῖνε,</em></span> <span class='ocrx_word' id='word_1_331' title='bbox 1995 1932 2046 1970; x_wconf 92' lang='lat' dir='ltr'><strong>et</strong></span> <span class='ocrx_word' id='word_1_332' title='bbox 2080 1938 2171 1970; x_wconf 79' lang='lat' dir='ltr'><strong>usu</strong></span> <span class='ocrx_word' id='word_1_333' title='bbox 2203 1924 2389 1972; x_wconf 74' lang='lat' dir='ltr'><strong>evenire</strong></span> <span class='ocrx_word' id='word_1_334' title='bbox 2431 1924 2703 1974; x_wconf 82' lang='lat' dir='ltr'><strong>diversitas.</strong></span> <span class='ocrx_word' id='word_1_335' title='bbox 2747 1925 2840 1973; x_wconf 75' lang='lat'>111-</span> 
     </span>
     <span class='ocr_line' id='line_1_54' title="bbox 1821 1999 2843 2069; baseline 0.007 -23"><span class='ocrx_word' id='word_1_336' title='bbox 1821 1999 1952 2047; x_wconf 87' lang='lat' dir='ltr'><strong>enim</strong></span> <span class='ocrx_word' id='word_1_337' title='bbox 1971 2010 2072 2049; x_wconf 88' lang='lat' dir='ltr'><strong>tum</strong></span> <span class='ocrx_word' id='word_1_338' title='bbox 2095 2004 2310 2066; x_wconf 84' lang='lat' dir='ltr'><strong>ponitur,</strong></span> <span class='ocrx_word' id='word_1_339' title='bbox 2343 2005 2414 2067; x_wconf 88' lang='lat' dir='ltr'><strong>si,</strong></span> <span class='ocrx_word' id='word_1_340' title='bbox 2447 2021 2555 2069; x_wconf 78' lang='lat' dir='ltr'><strong>quae</strong></span> <span class='ocrx_word' id='word_1_341' title='bbox 2580 2006 2843 2066; x_wconf 82' lang='lat' dir='ltr'><strong>aecidunt‚</strong></span> 
     </span>
     <span class='ocr_line' id='line_1_55' title="bbox 1822 2080 2845 2143; baseline 0.009 -18"><span class='ocrx_word' id='word_1_342' title='bbox 1822 2080 1965 2126; x_wconf 78' lang='lat' dir='ltr'><strong>certis</strong></span> <span class='ocrx_word' id='word_1_343' title='bbox 1996 2081 2285 2143; x_wconf 76' lang='lat' dir='ltr'><strong>quibusdam</strong></span> <span class='ocrx_word' id='word_1_344' title='bbox 2321 2083 2687 2133; x_wconf 86' lang='lat' dir='ltr'><strong>conditionibus</strong></span> <span class='ocrx_word' id='word_1_345' title='bbox 2712 2101 2845 2133; x_wconf 87' lang='lat' dir='ltr'><strong>sem-</strong></span> 
     </span>
     <span class='ocr_line' id='line_1_56' title="bbox 1823 2158 2844 2228; baseline 0.009 -24"><span class='ocrx_word' id='word_1_346' title='bbox 1823 2170 1912 2221; x_wconf 80' lang='lat' dir='ltr'><strong>per</strong></span> <span class='ocrx_word' id='word_1_347' title='bbox 1937 2158 2061 2222; x_wconf 81' lang='lat' dir='ltr'><strong>sere,</strong></span> <span class='ocrx_word' id='word_1_348' title='bbox 2099 2171 2150 2208; x_wconf 88' lang='lat' dir='ltr'><strong>et</strong></span> <span class='ocrx_word' id='word_1_349' title='bbox 2180 2172 2307 2210; x_wconf 84' lang='lat' dir='ltr'><strong>certa</strong></span> <span class='ocrx_word' id='word_1_350' title='bbox 2332 2164 2543 2227; x_wconf 82' lang='lat' dir='ltr'><strong>quadam</strong></span> <span class='ocrx_word' id='word_1_351' title='bbox 2580 2181 2641 2212; x_wconf 85' lang='lat' dir='ltr'><strong>ex</strong></span> <span class='ocrx_word' id='word_1_352' title='bbox 2675 2164 2844 2228; x_wconf 78' lang='lat' dir='ltr'><strong>regula</strong></span> 
     </span>
     <span class='ocr_line' id='line_1_57' title="bbox 1824 2239 2846 2305; baseline 0.008 -20"><span class='ocrx_word' id='word_1_353' title='bbox 1824 2239 2048 2287; x_wconf 68' lang='lat' dir='ltr'><strong>evem&#39;unt</strong></span> <span class='ocrx_word' id='word_1_354' title='bbox 2078 2256 2098 2287; x_wconf 80' lang='lat'><strong>.-</strong></span> <span class='ocrx_word' id='word_1_355' title='bbox 2141 2241 2280 2305; x_wconf 84' lang='lat' dir='ltr'><strong>quod</strong></span> <span class='ocrx_word' id='word_1_356' title='bbox 2322 2259 2460 2292; x_wconf 88' lang='lat' dir='ltr'><strong>secus</strong></span> <span class='ocrx_word' id='word_1_357' title='bbox 2498 2256 2570 2293; x_wconf 87' lang='lat' dir='ltr'><strong>est</strong></span> <span class='ocrx_word' id='word_1_358' title='bbox 2607 2246 2660 2293; x_wconf 89' lang='lat' dir='ltr'><strong>in</strong></span> <span class='ocrx_word' id='word_1_359' title='bbox 2689 2244 2846 2293; x_wconf 82' lang='lat' dir='ltr'><strong>verbo</strong></span> 
     </span>
     <span class='ocr_line' id='line_1_58' title="bbox 1824 2320 2846 2384; baseline 0.005 -19"><span class='ocrx_word' id='word_1_360' title='bbox 1824 2320 2116 2382; x_wconf 72' lang='lat' dir='ltr'><strong>composito.</strong></span> <span class='ocrx_word' id='word_1_361' title='bbox 2152 2322 2264 2368; x_wconf 85' lang='lat' dir='ltr'><strong>Hoc</strong></span> <span class='ocrx_word' id='word_1_362' title='bbox 2295 2324 2570 2372; x_wconf 72' lang='lat' dir='ltr'><strong>summatim</strong></span> <span class='ocrx_word' id='word_1_363' title='bbox 2601 2324 2700 2384; x_wconf 82' lang='lat' dir='ltr'><strong>jsm</strong></span> <span class='ocrx_word' id='word_1_364' title='bbox 2735 2339 2846 2370; x_wconf 87' lang='lat' dir='ltr'><strong>mo·</strong></span> 
     </span>
     <span class='ocr_line' id='line_1_59' title="bbox 1825 2398 2848 2467; baseline 0.011 -24"><span class='ocrx_word' id='word_1_365' title='bbox 1825 2398 2043 2454; x_wconf 86' lang='lat' dir='ltr'><strong>nuimus,</strong></span> <span class='ocrx_word' id='word_1_366' title='bbox 2069 2398 2167 2447; x_wconf 91' lang='lat' dir='ltr'><strong>alio</strong></span> <span class='ocrx_word' id='word_1_367' title='bbox 2199 2398 2316 2448; x_wconf 84' lang='lat' dir='ltr'><strong>loco</strong></span> <span class='ocrx_word' id='word_1_368' title='bbox 2349 2403 2618 2452; x_wconf 78' lang='lat' dir='ltr'><strong>accuratius</strong></span> <span class='ocrx_word' id='word_1_369' title='bbox 2646 2403 2848 2467; x_wconf 74' lang='lat' dir='ltr'><strong>exposi-</strong></span> 
     </span>
     <span class='ocr_line' id='line_1_60' title="bbox 1825 2475 2844 2545; baseline 0.008 -24"><span class='ocrx_word' id='word_1_370' title='bbox 1825 2475 1954 2535; x_wconf 84' lang='lat' dir='ltr'><strong>turi;</strong></span> <span class='ocrx_word' id='word_1_371' title='bbox 1996 2492 2145 2539; x_wconf 88' lang='lat' dir='ltr'><strong>quum</strong></span> <span class='ocrx_word' id='word_1_372' title='bbox 2176 2476 2231 2524; x_wconf 80' lang='lat' dir='ltr'><strong>h.</strong></span> <span class='ocrx_word' id='word_1_373' title='bbox 2266 2478 2304 2527; x_wconf 90' lang='lat' dir='ltr'><strong>l.</strong></span> <span class='ocrx_word' id='word_1_374' title='bbox 2336 2481 2390 2527; x_wconf 89' lang='lat' dir='ltr'><strong>in</strong></span> <span class='ocrx_word' id='word_1_375' title='bbox 2426 2481 2519 2529; x_wconf 89' lang='lat' dir='ltr'><strong>hac</strong></span> <span class='ocrx_word' id='word_1_376' title='bbox 2549 2483 2844 2545; x_wconf 78' lang='lat' dir='ltr'><strong>scriptorum</strong></span> 
     </span>
     <span class='ocr_line' id='line_1_61' title="bbox 1825 2554 2846 2625; baseline 0.012 -26"><span class='ocrx_word' id='word_1_377' title='bbox 1825 2554 2070 2618; x_wconf 83' lang='lat' dir='ltr'><strong>paucitate</strong></span> <span class='ocrx_word' id='word_1_378' title='bbox 2094 2566 2144 2603; x_wconf 88' lang='lat' dir='ltr'><strong>et</strong></span> <span class='ocrx_word' id='word_1_379' title='bbox 2168 2556 2479 2622; x_wconf 76' lang='lat' dir='ltr'><strong>ambignitate</strong></span> <span class='ocrx_word' id='word_1_380' title='bbox 2500 2562 2737 2625; x_wconf 76' lang='lat' dir='ltr'><strong>corrigere</strong></span> <span class='ocrx_word' id='word_1_381' title='bbox 2754 2575 2846 2624; x_wconf 69' lang='lat' dir='ltr'><strong>pt-</strong></span> 
     </span>
     <span class='ocr_line' id='line_1_62' title="bbox 1826 2632 2846 2688; baseline 0.006 -10"><span class='ocrx_word' id='word_1_382' title='bbox 1826 2648 1935 2679; x_wconf 82' lang='lat' dir='ltr'><strong>rnm</strong></span> <span class='ocrx_word' id='word_1_383' title='bbox 1968 2632 2126 2682; x_wconf 72' lang='lat' dir='ltr'><strong>licent.</strong></span> <span class='ocrx_word' id='word_1_384' title='bbox 2161 2634 2223 2681; x_wconf 89' lang='lat' dir='ltr'><strong>G.</strong></span> <span class='ocrx_word' id='word_1_385' title='bbox 2259 2663 2330 2673; x_wconf 92' lang='lat'><em>-</em></span> <span class='ocrx_word' id='word_1_386' title='bbox 2372 2638 2527 2688; x_wconf 81' lang='lat' dir='ltr'><strong>anet</strong></span> <span class='ocrx_word' id='word_1_387' title='bbox 2564 2641 2720 2688; x_wconf 83' lang='lat' dir='ltr'><strong>Brem.</strong></span> <span class='ocrx_word' id='word_1_388' title='bbox 2753 2654 2846 2685; x_wconf 70' lang='lat' dir='ltr'><strong>usu</strong></span> 
     </span>
     <span class='ocr_line' id='line_1_63' title="bbox 1828 2709 2847 2783; baseline 0.007 -26"><span class='ocrx_word' id='word_1_389' title='bbox 1828 2709 1921 2757; x_wconf 79' lang='grc' dir='ltr'><strong><em>Ιιοσ</em></strong></span> <span class='ocrx_word' id='word_1_390' title='bbox 1955 2712 2131 2759; x_wconf 75' lang='lat' dir='ltr'><strong>venire</strong></span> <span class='ocrx_word' id='word_1_391' title='bbox 2167 2714 2347 2775; x_wconf 77' lang='lat' dir='ltr'><strong>scribi,</strong></span> <span class='ocrx_word' id='word_1_392' title='bbox 2384 2716 2619 2780; x_wconf 77' lang='lat' dir='ltr'><strong>laudans,</strong></span> <span class='ocrx_word' id='word_1_393' title='bbox 2643 2734 2750 2783; x_wconf 72' lang='lat' dir='ltr'><strong>quae</strong></span> <span class='ocrx_word' id='word_1_394' title='bbox 2778 2717 2847 2765; x_wconf 85' lang='lat' dir='ltr'><strong>ad</strong></span> 
     </span>
     <span class='ocr_line' id='line_1_64' title="bbox 1827 2789 2841 2857; baseline 0.009 -20"><span class='ocrx_word' id='word_1_395' title='bbox 1827 2789 2020 2838; x_wconf 75' lang='lat' dir='ltr'><strong>Cot-nel.</strong></span> <span class='ocrx_word' id='word_1_396' title='bbox 2050 2790 2179 2855; x_wconf 80' lang='lat' dir='ltr'><strong>Nep.</strong></span> <span class='ocrx_word' id='word_1_397' title='bbox 2206 2793 2420 2845; x_wconf 79' lang='lat' dir='ltr'><strong>Hsunib,</strong></span> <span class='ocrx_word' id='word_1_398' title='bbox 2449 2813 2509 2844; x_wconf 68' lang='grc' dir='ltr'><strong>ια</strong></span> <span class='ocrx_word' id='word_1_399' title='bbox 2530 2833 2546 2857; x_wconf 91' lang='grc'>,</span> <span class='ocrx_word' id='word_1_400' title='bbox 2574 2799 2632 2857; x_wconf 87' lang='grc'><strong>3,</strong></span> <span class='ocrx_word' id='word_1_401' title='bbox 2667 2798 2745 2846; x_wconf 85' lang='lat' dir='ltr'><strong>ed.</strong></span> <span class='ocrx_word' id='word_1_402' title='bbox 2776 2813 2806 2845; x_wconf 78' lang='lat' dir='ltr'><strong>a</strong></span> <span class='ocrx_word' id='word_1_403' title='bbox 2825 2833 2841 2856; x_wconf 82' lang='lat'><strong>‚</strong></span> 
     </span>
     <span class='ocr_line' id='line_1_65' title="bbox 1828 2869 2851 2928; baseline 0.01 -14"><span class='ocrx_word' id='word_1_404' title='bbox 1828 2869 2042 2928; x_wconf 85' lang='lat' dir='ltr'><strong>notavit,</strong></span> <span class='ocrx_word' id='word_1_405' title='bbox 2060 2869 2148 2918; x_wconf 86' lang='lat' dir='ltr'><strong>ubi</strong></span> <span class='ocrx_word' id='word_1_406' title='bbox 2176 2871 2373 2922; x_wconf 85' lang='lat' dir='ltr'><strong>dicendi</strong></span> <span class='ocrx_word' id='word_1_407' title='bbox 2400 2875 2606 2925; x_wconf 83' lang='lat' dir='ltr'><strong>sormam</strong></span> <span class='ocrx_word' id='word_1_408' title='bbox 2628 2893 2717 2924; x_wconf 79' lang='lat' dir='ltr'><strong>usu</strong></span> <span class='ocrx_word' id='word_1_409' title='bbox 2742 2893 2851 2924; x_wconf 69' lang='lat' dir='ltr'><strong>eve-</strong></span> 
     </span>
     <span class='ocr_line' id='line_1_66' title="bbox 1829 2946 2845 3019; baseline 0.012 -25"><span class='ocrx_word' id='word_1_410' title='bbox 1829 2946 1935 2995; x_wconf 81' lang='lat' dir='ltr'><strong>m&#39;re</strong></span> <span class='ocrx_word' id='word_1_411' title='bbox 1955 2964 2019 2995; x_wconf 90' lang='lat' dir='ltr'><strong>ne</strong></span> <span class='ocrx_word' id='word_1_412' title='bbox 2041 2947 2239 2999; x_wconf 85' lang='lat' dir='ltr'><strong>latinam</strong></span> <span class='ocrx_word' id='word_1_413' title='bbox 2259 2954 2459 3015; x_wconf 89' lang='lat' dir='ltr'><strong>quidem</strong></span> <span class='ocrx_word' id='word_1_414' title='bbox 2479 2972 2581 3005; x_wconf 85' lang='lat' dir='ltr'><strong>esse</strong></span> <span class='ocrx_word' id='word_1_415' title='bbox 2599 2955 2845 3019; x_wconf 77' lang='lat' dir='ltr'><strong>perhibet.</strong></span> 
     </span>
     <span class='ocr_line' id='line_1_67' title="bbox 1827 3025 2851 3097; baseline 0.007 -22"><span class='ocrx_word' id='word_1_416' title='bbox 1827 3025 1987 3075; x_wconf 80' lang='lat' dir='ltr'><strong>Nobis</strong></span> <span class='ocrx_word' id='word_1_417' title='bbox 1999 3027 2098 3088; x_wconf 77' lang='lat' dir='ltr'><strong>jem</strong></span> <span class='ocrx_word' id='word_1_418' title='bbox 2118 3030 2314 3093; x_wconf 84' lang='lat' dir='ltr'><strong>quidem</strong></span> <span class='ocrx_word' id='word_1_419' title='bbox 2338 3030 2436 3081; x_wconf 91' lang='lat' dir='ltr'><strong>hoc</strong></span> <span class='ocrx_word' id='word_1_420' title='bbox 2461 3050 2608 3083; x_wconf 89' lang='lat' dir='ltr'><strong>uuum</strong></span> <span class='ocrx_word' id='word_1_421' title='bbox 2627 3049 2851 3097; x_wconf 64' lang='lat' dir='ltr'><strong>querere</strong></span> 
     </span>
     <span class='ocr_line' id='line_1_68' title="bbox 1826 3104 2851 3172; baseline 0.01 -19"><span class='ocrx_word' id='word_1_422' title='bbox 1826 3104 1996 3165; x_wconf 81' lang='lat' dir='ltr'><strong>liceat,</strong></span> <span class='ocrx_word' id='word_1_423' title='bbox 2029 3124 2182 3172; x_wconf 87' lang='lat' dir='ltr'><strong>quum</strong></span> <span class='ocrx_word' id='word_1_424' title='bbox 2212 3126 2347 3158; x_wconf 67' lang='lat' dir='ltr'><strong>onore</strong></span> <span class='ocrx_word' id='word_1_425' title='bbox 2363 3145 2380 3171; x_wconf 87' lang='lat'>‚</span> <span class='ocrx_word' id='word_1_426' title='bbox 2413 3122 2570 3172; x_wconf 76' lang='lat' dir='ltr'><strong>sorte,</strong></span> <span class='ocrx_word' id='word_1_427' title='bbox 2595 3129 2714 3162; x_wconf 75' lang='lat' dir='ltr'><strong>casu</strong></span> <span class='ocrx_word' id='word_1_428' title='bbox 2738 3130 2851 3162; x_wconf 70' lang='lat' dir='ltr'><strong>eoe-</strong></span> 
     </span>
     <span class='ocr_line' id='line_1_69' title="bbox 1827 3183 2852 3253; baseline 0.011 -21"><span class='ocrx_word' id='word_1_429' title='bbox 1827 3183 1964 3242; x_wconf 81' lang='lat' dir='ltr'><strong>m’re‚</strong></span> <span class='ocrx_word' id='word_1_430' title='bbox 1995 3186 2237 3247; x_wconf 83' lang='lat' dir='ltr'><strong>dicantur,</strong></span> <span class='ocrx_word' id='word_1_431' title='bbox 2266 3190 2390 3253; x_wconf 84' lang='lat' dir='ltr'><strong>quid</strong></span> <span class='ocrx_word' id='word_1_432' title='bbox 2432 3206 2588 3240; x_wconf 77' lang='lat' dir='ltr'><strong>cansae</strong></span> <span class='ocrx_word' id='word_1_433' title='bbox 2627 3192 2720 3251; x_wconf 88' lang='lat' dir='ltr'><strong>sit,</strong></span> <span class='ocrx_word' id='word_1_434' title='bbox 2755 3209 2852 3243; x_wconf 87' lang='lat' dir='ltr'><strong>cnr</strong></span> 
     </span>
     <span class='ocr_line' id='line_1_70' title="bbox 1825 3264 2848 3335; baseline 0.009 -25"><span class='ocrx_word' id='word_1_435' title='bbox 1825 3278 1915 3311; x_wconf 77' lang='lat' dir='ltr'><strong>usu</strong></span> <span class='ocrx_word' id='word_1_436' title='bbox 1941 3264 2130 3313; x_wconf 71' lang='lat' dir='ltr'><strong>evenire</strong></span> <span class='ocrx_word' id='word_1_437' title='bbox 2154 3266 2360 3317; x_wconf 84' lang='lat' dir='ltr'><strong>latinum</strong></span> <span class='ocrx_word' id='word_1_438' title='bbox 2382 3284 2483 3317; x_wconf 87' lang='lat' dir='ltr'><strong>esse</strong></span> <span class='ocrx_word' id='word_1_439' title='bbox 2503 3268 2745 3335; x_wconf 80' lang='lat' dir='ltr'><strong>nequeat?</strong></span> <span class='ocrx_word' id='word_1_440' title='bbox 2782 3275 2848 3321; x_wconf 88' lang='lat' dir='ltr'><strong>G.</strong></span> 
     </span>
     <span class='ocr_line' id='line_1_71' title="bbox 1824 3341 2150 3393; baseline 0.015 -5"><span class='ocrx_word' id='word_1_441' title='bbox 1824 3341 1878 3388; x_wconf 89' lang='lat' dir='ltr'><strong>in</strong></span> <span class='ocrx_word' id='word_1_442' title='bbox 1900 3341 2150 3393; x_wconf 76' lang='lat' dir='ltr'><strong>Additsm.</strong></span> 
     </span>
    </p>
   </div>
   <div class='ocr_carea' id='block_1_7' title="bbox 1900 3414 2859 3485">
    <p class='ocr_par' dir='ltr' id='par_1_10' title="bbox 1900 3414 2859 3485">
     <span class='ocr_line' id='line_1_72' title="bbox 1900 3414 2859 3485; baseline 0.011 -26"><span class='ocrx_word' id='word_1_443' title='bbox 1900 3420 1949 3469; x_wconf 70' lang='grc'><strong>4.</strong></span> <span class='ocrx_word' id='word_1_444' title='bbox 1972 3414 2325 3480; x_wconf 69' lang='lat' dir='ltr'><strong>Metapontum.</strong></span> <span class='ocrx_word' id='word_1_445' title='bbox 2352 3418 2606 3483; x_wconf 81' lang='lat' dir='ltr'><strong>Oppidum</strong></span> <span class='ocrx_word' id='word_1_446' title='bbox 2635 3437 2663 3468; x_wconf 86' lang='lat' dir='ltr'><strong>a</strong></span> <span class='ocrx_word' id='word_1_447' title='bbox 2696 3420 2859 3485; x_wconf 72' lang='lat' dir='ltr'><strong>Pylii·</strong></span> 
     </span>
    </p>
   </div>
   <div class='ocr_carea' id='block_1_8' title="bbox 1827 3478 3026 3635">
    <p class='ocr_par' dir='ltr' id='par_1_11' title="bbox 1827 3478 3026 3635">
     <span class='ocr_line' id='line_1_73' title="bbox 1827 3478 3026 3567; baseline 0.011 -28"><span class='ocrx_word' id='word_1_448' title='bbox 1827 3490 2085 3541; x_wconf 85' lang='lat' dir='ltr'><strong>conditum</strong></span> <span class='ocrx_word' id='word_1_449' title='bbox 2119 3495 2172 3542; x_wconf 90' lang='lat' dir='ltr'><strong>in</strong></span> <span class='ocrx_word' id='word_1_450' title='bbox 2217 3496 2327 3545; x_wconf 89' lang='lat' dir='ltr'><strong>sinu</strong></span> <span class='ocrx_word' id='word_1_451' title='bbox 2368 3499 2636 3549; x_wconf 85' lang='lat' dir='ltr'><strong>Tarentino</strong></span> <span class='ocrx_word' id='word_1_452' title='bbox 2664 3534 2681 3559; x_wconf 82' lang='lat'>,</span> <span class='ocrx_word' id='word_1_453' title='bbox 2733 3512 2858 3563; x_wconf 81' lang='lat' dir='ltr'><strong>post</strong></span> <span class='ocrx_word' id='word_1_454' title='bbox 2927 3522 2932 3525; x_wconf 96' lang='lat'>·</span> <span class='ocrx_word' id='word_1_455' title='bbox 2981 3478 3026 3567; x_wconf 47' lang='grc' dir='ltr'><strong>’χε</strong></span> 
     </span>
     <span class='ocr_line' id='line_1_74' title="bbox 1828 3571 2966 3635; baseline 0.008 -16"><span class='ocrx_word' id='word_1_456' title='bbox 1828 3571 2010 3620; x_wconf 84' lang='lat' dir='ltr'><strong>bellum</strong></span> <span class='ocrx_word' id='word_1_457' title='bbox 2023 3574 2861 3635; x_wconf 81' lang='lat' dir='ltr'><strong>Troianum.PosteasSa1nnitibus</strong></span> <span class='ocrx_word' id='word_1_458' title='bbox 2953 3602 2966 3609; x_wconf 90' lang='lat'>-</span> 
     </span>
    </p>
   </div>
   <div class='ocr_carea' id='block_1_9' title="bbox 1828 3649 2861 3801">
    <p class='ocr_par' dir='ltr' id='par_1_12' title="bbox 1828 3649 2861 3801">
     <span class='ocr_line' id='line_1_75' title="bbox 1832 3649 2859 3722; baseline 0.009 -24"><span class='ocrx_word' id='word_1_459' title='bbox 1832 3649 2047 3699; x_wconf 85' lang='lat' dir='ltr'><strong>dirutum</strong></span> <span class='ocrx_word' id='word_1_460' title='bbox 2072 3652 2196 3704; x_wconf 81' lang='lat' dir='ltr'><strong>fuit:</strong></span> <span class='ocrx_word' id='word_1_461' title='bbox 2226 3665 2274 3702; x_wconf 87' lang='lat' dir='ltr'><strong>et</strong></span> <span class='ocrx_word' id='word_1_462' title='bbox 2292 3671 2425 3704; x_wconf 88' lang='lat' dir='ltr'><strong>nunc</strong></span> <span class='ocrx_word' id='word_1_463' title='bbox 2447 3658 2503 3705; x_wconf 87' lang='lat' dir='ltr'><strong>in</strong></span> <span class='ocrx_word' id='word_1_464' title='bbox 2527 3672 2588 3705; x_wconf 90' lang='lat' dir='ltr'><strong>eo</strong></span> <span class='ocrx_word' id='word_1_465' title='bbox 2609 3656 2725 3706; x_wconf 85' lang='lat' dir='ltr'><strong>loco</strong></span> <span class='ocrx_word' id='word_1_466' title='bbox 2747 3674 2859 3722; x_wconf 80' lang='lat' dir='ltr'><strong>quo</strong></span> 
     </span>
     <span class='ocr_line' id='line_1_76' title="bbox 1828 3732 2861 3801; baseline 0.009 -24"><span class='ocrx_word' id='word_1_467' title='bbox 1828 3732 2143 3791; x_wconf 79' lang='lat' dir='ltr'><strong>constiterat,</strong></span> <span class='ocrx_word' id='word_1_468' title='bbox 2171 3734 2295 3782; x_wconf 79' lang='lat' dir='ltr'><strong>nihil</strong></span> <span class='ocrx_word' id='word_1_469' title='bbox 2320 3748 2574 3801; x_wconf 79' lang='lat' dir='ltr'><strong>superest,</strong></span> <span class='ocrx_word' id='word_1_470' title='bbox 2605 3738 2698 3785; x_wconf 89' lang='lat' dir='ltr'><strong>nisi</strong></span> <span class='ocrx_word' id='word_1_471' title='bbox 2725 3739 2861 3786; x_wconf 85' lang='lat' dir='ltr'><strong>anti-</strong></span> 
     </span>
    </p>
   </div>
   <div class='ocr_carea' id='block_1_10' title="bbox 1828 3814 2864 3938">
    <p class='ocr_par' dir='ltr' id='par_1_13' title="bbox 1828 3814 2864 3938">
     <span class='ocr_line' id='line_1_77' title="bbox 1828 3814 2864 3878; baseline 0.006 -19"><span class='ocrx_word' id='word_1_472' title='bbox 1828 3825 1924 3873; x_wconf 83' lang='lat' dir='ltr'><strong>qua</strong></span> <span class='ocrx_word' id='word_1_473' title='bbox 1965 3814 2147 3871; x_wconf 76' lang='lat' dir='ltr'><strong>turris,</strong></span> <span class='ocrx_word' id='word_1_474' title='bbox 2187 3830 2335 3878; x_wconf 81' lang='lat' dir='ltr'><strong>qnam</strong></span> <span class='ocrx_word' id='word_1_475' title='bbox 2389 3827 2568 3865; x_wconf 84' lang='lat' dir='ltr'><strong>vocant</strong></span> <span class='ocrx_word' id='word_1_476' title='bbox 2616 3819 2765 3865; x_wconf 76' lang='lat' dir='ltr'><strong>Tor-re</strong></span> <span class='ocrx_word' id='word_1_477' title='bbox 2796 3817 2864 3865; x_wconf 69' lang='grc' dir='ltr'><strong>ἀι·</strong></span> 
     </span>
     <span class='ocr_line' id='line_1_78' title="bbox 1828 3905 1966 3938; baseline 0.014 -1"><span class='ocrx_word' id='word_1_478' title='bbox 1828 3905 1966 3938; x_wconf 80' lang='lat' dir='ltr'><strong>mare</strong></span> 
     </span>
    </p>
   </div>
   <div class='ocr_carea' id='block_1_11' title="bbox 1831 3927 2858 4196">
    <p class='ocr_par' dir='ltr' id='par_1_14' title="bbox 1831 3927 2858 4196">
     <span class='ocr_line' id='line_1_79' title="bbox 1903 3927 2854 4039; baseline 0.003 -22"><span class='ocrx_word' id='word_1_479' title='bbox 1903 3927 2093 4018; x_wconf 60' lang='lat' dir='ltr'><strong>5.⁰N00</strong></span> <span class='ocrx_word' id='word_1_480' title='bbox 2134 3971 2210 4019; x_wconf 82' lang='lat' dir='ltr'><strong>ad</strong></span> <span class='ocrx_word' id='word_1_481' title='bbox 2253 3971 2486 4039; x_wconf 69' lang='lat' dir='ltr'><strong>hospitem</strong></span> <span class='ocrx_word' id='word_1_482' title='bbox 2524 3986 2643 4023; x_wconf 73' lang='lat' dir='ltr'><strong>ante</strong></span> <span class='ocrx_word' id='word_1_483' title='bbox 2681 3973 2854 4023; x_wconf 68' lang='lat' dir='ltr'><strong>dever-</strong></span> 
     </span>
     <span class='ocr_line' id='line_1_80' title="bbox 1831 4047 2858 4116; baseline 0.007 -23"><span class='ocrx_word' id='word_1_484' title='bbox 1831 4047 1959 4097; x_wconf 75' lang='lat' dir='ltr'><strong>tisse.</strong></span> <span class='ocrx_word' id='word_1_485' title='bbox 1988 4050 2122 4098; x_wconf 83' lang='lat' dir='ltr'><strong>Goer.</strong></span> <span class='ocrx_word' id='word_1_486' title='bbox 2143 4050 2311 4099; x_wconf 81' lang='lat' dir='ltr'><strong>scribit</strong></span> <span class='ocrx_word' id='word_1_487' title='bbox 2327 4051 2594 4111; x_wconf 68' lang='lat' dir='ltr'><strong>divertisse,</strong></span> <span class='ocrx_word' id='word_1_488' title='bbox 2627 4063 2675 4101; x_wconf 88' lang='lat' dir='ltr'><strong>et</strong></span> <span class='ocrx_word' id='word_1_489' title='bbox 2696 4069 2858 4116; x_wconf 73' lang='lat' dir='ltr'><strong>neque</strong></span> 
     </span>
     <span class='ocr_line' id='line_1_81' title="bbox 1831 4129 2858 4196; baseline 0.007 -23"><span class='ocrx_word' id='word_1_490' title='bbox 1831 4143 1923 4191; x_wconf 81' lang='lat' dir='ltr'><strong>pro</strong></span> <span class='ocrx_word' id='word_1_491' title='bbox 1946 4144 2051 4177; x_wconf 76' lang='lat' dir='ltr'><strong>nec.</strong></span> <span class='ocrx_word' id='word_1_492' title='bbox 2087 4129 2289 4192; x_wconf 73' lang='lat' dir='ltr'><strong>Neque,</strong></span> <span class='ocrx_word' id='word_1_493' title='bbox 2337 4131 2527 4196; x_wconf 81' lang='lat' dir='ltr'><strong>inquit,</strong></span> <span class='ocrx_word' id='word_1_494' title='bbox 2564 4134 2718 4181; x_wconf 83' lang='lat' dir='ltr'><strong>nostri</strong></span> <span class='ocrx_word' id='word_1_495' title='bbox 2756 4149 2858 4180; x_wconf 78' lang='lat' dir='ltr'><strong>om·</strong></span> 
     </span>
    </p>
   </div>
   <div class='ocr_carea' id='block_1_12' title="bbox 3165 3440 3180 4267">
    <p class='ocr_par' dir='ltr' id='par_1_15' title="bbox 3165 3440 3180 4267">
     <span class='ocr_line' id='line_1_82' title="bbox 3165 3440 3180 4267; baseline 0 0"><span class='ocrx_word' id='word_1_496' title='bbox 3165 3440 3180 4267; x_wconf 95' lang='lat' dir='ltr'><strong> </strong></span> 
     </span>
    </p>
   </div>
  </div>
 </body>
</html>
