<?xml version="1.0" encoding="UTF-8"?>
<!DOCTYPE html PUBLIC "-//W3C//DTD XHTML 1.0 Transitional//EN"
    "http://www.w3.org/TR/xhtml1/DTD/xhtml1-transitional.dtd">
<html xmlns="http://www.w3.org/1999/xhtml" xml:lang="en" lang="en">
 <head>
  <title>
</title>
<meta http-equiv="Content-Type" content="text/html;charset=utf-8" />
  <meta name='ocr-system' content='tesseract 3.04.00' />
  <meta name='ocr-capabilities' content='ocr_page ocr_carea ocr_par ocr_line ocrx_word'/>
</head>
<body>
  <div class='ocr_page' id='page_1' title='image "./mtciceronisquae00clergoog/mtciceronisquae00clergoog_0016.png"; bbox 0 0 3217 4784; ppageno 0'>
   <div class='ocr_carea' id='block_1_1' title="bbox 641 411 2120 507">
    <p class='ocr_par' dir='ltr' id='par_1_1' title="bbox 641 411 2120 507">
     <span class='ocr_line' id='line_1_1' title="bbox 641 411 2120 507; baseline 0.002 -28"><span class='ocrx_word' id='word_1_1' title='bbox 641 411 732 507; x_wconf 72' lang='lat' dir='ltr'>xij</span> <span class='ocrx_word' id='word_1_2' title='bbox 1284 414 1559 483; x_wconf 78' lang='lat' dir='ltr'>Novl</span> <span class='ocrx_word' id='word_1_3' title='bbox 1623 416 2120 485; x_wconf 78' lang='lat' dir='ltr'>Enrroms</span> 
     </span>
    </p>
   </div>
   <div class='ocr_carea' id='block_1_2' title="bbox 639 547 2776 894">
    <p class='ocr_par' dir='ltr' id='par_1_2' title="bbox 639 547 2776 894">
     <span class='ocr_line' id='line_1_2' title="bbox 640 547 2776 647; baseline 0.002 -28"><span class='ocrx_word' id='word_1_4' title='bbox 640 547 951 619; x_wconf 87' lang='lat' dir='ltr'>multum</span> <span class='ocrx_word' id='word_1_5' title='bbox 986 548 1324 645; x_wconf 82' lang='lat' dir='ltr'>quaesivi,</span> <span class='ocrx_word' id='word_1_6' title='bbox 1365 573 1634 646; x_wconf 91' lang='lat' dir='ltr'>quum,</span> <span class='ocrx_word' id='word_1_7' title='bbox 1676 550 1814 619; x_wconf 91' lang='lat' dir='ltr'>nisi</span> <span class='ocrx_word' id='word_1_8' title='bbox 1850 549 2151 647; x_wconf 88' lang='lat' dir='ltr'>pessima</span> <span class='ocrx_word' id='word_1_9' title='bbox 2190 573 2496 647; x_wconf 84' lang='lat' dir='ltr'>quaeque</span> <span class='ocrx_word' id='word_1_10' title='bbox 2534 550 2776 623; x_wconf 88' lang='lat' dir='ltr'>decer-</span> 
     </span>
     <span class='ocr_line' id='line_1_3' title="bbox 639 670 2770 772; baseline 0.002 -27"><span class='ocrx_word' id='word_1_11' title='bbox 639 674 863 771; x_wconf 87' lang='lat' dir='ltr'>pserit</span> <span class='ocrx_word' id='word_1_12' title='bbox 892 670 997 744; x_wconf 91' lang='lat' dir='ltr'>Cl.</span> <span class='ocrx_word' id='word_1_13' title='bbox 1016 670 1496 770; x_wconf 86' lang='lat' dir='ltr'>Verburgius‚</span> <span class='ocrx_word' id='word_1_14' title='bbox 1533 671 1718 743; x_wconf 88' lang='lat' dir='ltr'>nihil</span> <span class='ocrx_word' id='word_1_15' title='bbox 1739 687 1944 744; x_wconf 85' lang='lat' dir='ltr'>tanto</span> <span class='ocrx_word' id='word_1_16' title='bbox 1971 673 2269 745; x_wconf 85' lang='lat' dir='ltr'>nomine</span> <span class='ocrx_word' id='word_1_17' title='bbox 2313 672 2616 772; x_wconf 84' lang='lat' dir='ltr'>dignum</span> <span class='ocrx_word' id='word_1_18' title='bbox 2656 703 2770 750; x_wconf 89' lang='lat' dir='ltr'>re-</span> 
     </span>
     <span class='ocr_line' id='line_1_4' title="bbox 640 809 1239 894; baseline -0.002 -27"><span class='ocrx_word' id='word_1_19' title='bbox 640 809 1158 894; x_wconf 61' lang='lat' dir='ltr'>praesentarent</span> <span class='ocrx_word' id='word_1_20' title='bbox 1184 827 1239 866; x_wconf 83' lang='grc'>».</span> 
     </span>
    </p>
   </div>
   <div class='ocr_carea' id='block_1_3' title="bbox 634 918 2776 1387">
    <p class='ocr_par' dir='ltr' id='par_1_3' title="bbox 634 918 2776 1387">
     <span class='ocr_line' id='line_1_5' title="bbox 732 918 2774 1019; baseline 0.002 -28"><span class='ocrx_word' id='word_1_21' title='bbox 732 925 920 991; x_wconf 86' lang='lat' dir='ltr'><strong>Ante</strong></span> <span class='ocrx_word' id='word_1_22' title='bbox 965 919 1215 992; x_wconf 89' lang='lat' dir='ltr'>oculos</span> <span class='ocrx_word' id='word_1_23' title='bbox 1258 918 1648 993; x_wconf 87' lang='lat' dir='ltr'>habuimus</span> <span class='ocrx_word' id='word_1_24' title='bbox 1683 945 1980 1019; x_wconf 90' lang='lat' dir='ltr'>quoque</span> <span class='ocrx_word' id='word_1_25' title='bbox 2016 919 2274 993; x_wconf 87' lang='lat' dir='ltr'>Oliveti</span> <span class='ocrx_word' id='word_1_26' title='bbox 2323 939 2774 995; x_wconf 89' lang='lat' dir='ltr'>commenta-</span> 
     </span>
     <span class='ocr_line' id='line_1_6' title="bbox 634 1024 2770 1143; baseline 0.001 -27"><span class='ocrx_word' id='word_1_27' title='bbox 634 1047 914 1116; x_wconf 82' lang='lat' dir='ltr'>riorum</span> <span class='ocrx_word' id='word_1_28' title='bbox 965 1024 1360 1133; x_wconf 82' lang='lat' dir='ltr'>delectum,</span> <span class='ocrx_word' id='word_1_29' title='bbox 1425 1058 1499 1115; x_wconf 92' lang='lat' dir='ltr'>et</span> <span class='ocrx_word' id='word_1_30' title='bbox 1550 1045 1862 1123; x_wconf 90' lang='lat' dir='ltr'>Ernestii</span> <span class='ocrx_word' id='word_1_31' title='bbox 1892 1084 1900 1091; x_wconf 91' lang='lat'><strong>·</strong></span> <span class='ocrx_word' id='word_1_32' title='bbox 1925 1045 2223 1143; x_wconf 83' lang='lat' dir='ltr'>(Lipsiae</span> <span class='ocrx_word' id='word_1_33' title='bbox 2249 1099 2268 1132; x_wconf 94' lang='lat'>,</span> <span class='ocrx_word' id='word_1_34' title='bbox 2324 1045 2549 1143; x_wconf 87' lang='lat'>1776)</span> <span class='ocrx_word' id='word_1_35' title='bbox 2618 1047 2770 1119; x_wconf 90' lang='lat' dir='ltr'>edi·</span> 
     </span>
     <span class='ocr_line' id='line_1_7' title="bbox 637 1166 2776 1268; baseline 0.001 -29"><span class='ocrx_word' id='word_1_36' title='bbox 637 1169 911 1239; x_wconf 89' lang='lat' dir='ltr'>tionem</span> <span class='ocrx_word' id='word_1_37' title='bbox 950 1166 1091 1265; x_wconf 79' lang='grc' dir='ltr'>(ι),</span> <span class='ocrx_word' id='word_1_38' title='bbox 1140 1182 1213 1238; x_wconf 88' lang='lat' dir='ltr'>et</span> <span class='ocrx_word' id='word_1_39' title='bbox 1268 1191 1423 1238; x_wconf 89' lang='lat' dir='ltr'>eam</span> <span class='ocrx_word' id='word_1_40' title='bbox 1477 1168 1857 1266; x_wconf 80' lang='lat' dir='ltr'><strong>specialem</strong></span> <span class='ocrx_word' id='word_1_41' title='bbox 1906 1192 2123 1265; x_wconf 88' lang='lat' dir='ltr'>quam</span> <span class='ocrx_word' id='word_1_42' title='bbox 2192 1169 2502 1259; x_wconf 81' lang='lat' dir='ltr'>(Turici,</span> <span class='ocrx_word' id='word_1_43' title='bbox 2550 1172 2776 1268; x_wconf 85' lang='lat'>1798)</span> 
     </span>
     <span class='ocr_line' id='line_1_8' title="bbox 638 1290 2772 1387; baseline 0.001 -24"><span class='ocrx_word' id='word_1_44' title='bbox 638 1296 913 1363; x_wconf 88' lang='lat' dir='ltr'>curavit</span> <span class='ocrx_word' id='word_1_45' title='bbox 971 1292 1291 1363; x_wconf 88' lang='lat' dir='ltr'>Bremius</span> <span class='ocrx_word' id='word_1_46' title='bbox 1349 1290 1502 1387; x_wconf 80' lang='lat'>(2);</span> <span class='ocrx_word' id='word_1_47' title='bbox 1577 1305 1651 1363; x_wconf 93' lang='lat' dir='ltr'>et</span> <span class='ocrx_word' id='word_1_48' title='bbox 1693 1291 2366 1365; x_wconf 87' lang='lat' dir='ltr'>Animadversiones</span> <span class='ocrx_word' id='word_1_49' title='bbox 2436 1296 2514 1364; x_wconf 90' lang='lat' dir='ltr'>in</span> <span class='ocrx_word' id='word_1_50' title='bbox 2587 1294 2772 1366; x_wconf 87' lang='lat' dir='ltr'>duos</span> 
     </span>
    </p>
   </div>
   <div class='ocr_carea' id='block_1_4' title="bbox 634 1491 2786 4215">
    <p class='ocr_par' dir='ltr' id='par_1_4' title="bbox 634 1491 2780 2525">
     <span class='ocr_line' id='line_1_9' title="bbox 714 1491 2774 1572; baseline 0.002 -22"><span class='ocrx_word' id='word_1_51' title='bbox 714 1492 801 1571; x_wconf 87' lang='lat'>(1)</span> <span class='ocrx_word' id='word_1_52' title='bbox 841 1492 1147 1552; x_wconf 81' lang='lat' dir='ltr'>Audienda</span> <span class='ocrx_word' id='word_1_53' title='bbox 1194 1504 1329 1552; x_wconf 88' lang='lat' dir='ltr'>sunt</span> <span class='ocrx_word' id='word_1_54' title='bbox 1378 1512 1508 1571; x_wconf 85' lang='lat' dir='ltr'>quae</span> <span class='ocrx_word' id='word_1_55' title='bbox 1559 1491 1633 1551; x_wconf 93' lang='lat' dir='ltr'>de</span> <span class='ocrx_word' id='word_1_56' title='bbox 1687 1493 1936 1552; x_wconf 88' lang='lat' dir='ltr'>Ernestii</span> <span class='ocrx_word' id='word_1_57' title='bbox 1981 1506 2040 1551; x_wconf 90' lang='lat' dir='ltr'>et</span> <span class='ocrx_word' id='word_1_58' title='bbox 2089 1494 2479 1572; x_wconf 90' lang='lat' dir='ltr'>quorumdam</span> <span class='ocrx_word' id='word_1_59' title='bbox 2526 1496 2774 1555; x_wconf 84' lang='lat' dir='ltr'>aliorum</span> 
     </span>
     <span class='ocr_line' id='line_1_10' title="bbox 635 1597 2777 1677; baseline 0.001 -19"><span class='ocrx_word' id='word_1_60' title='bbox 635 1611 768 1677; x_wconf 88' lang='lat' dir='ltr'>post</span> <span class='ocrx_word' id='word_1_61' title='bbox 803 1598 1097 1659; x_wconf 82' lang='lat' dir='ltr'>Davisium</span> <span class='ocrx_word' id='word_1_62' title='bbox 1129 1597 1423 1657; x_wconf 90' lang='lat' dir='ltr'>editorum</span> <span class='ocrx_word' id='word_1_63' title='bbox 1458 1599 1662 1657; x_wconf 90' lang='lat' dir='ltr'>critico</span> <span class='ocrx_word' id='word_1_64' title='bbox 1696 1598 1895 1657; x_wconf 87' lang='lat' dir='ltr'>labore</span> <span class='ocrx_word' id='word_1_65' title='bbox 1926 1612 2157 1658; x_wconf 82' lang='lat' dir='ltr'>censeat</span> <span class='ocrx_word' id='word_1_66' title='bbox 2176 1606 2245 1659; x_wconf 89' lang='lat' dir='ltr'>V.</span> <span class='ocrx_word' id='word_1_67' title='bbox 2279 1606 2352 1661; x_wconf 91' lang='lat' dir='ltr'>D.</span> <span class='ocrx_word' id='word_1_68' title='bbox 2376 1606 2445 1661; x_wconf 82' lang='lat' dir='ltr'>R.</span> <span class='ocrx_word' id='word_1_69' title='bbox 2479 1600 2631 1660; x_wconf 86' lang='lat' dir='ltr'>God.</span> <span class='ocrx_word' id='word_1_70' title='bbox 2657 1604 2777 1660; x_wconf 79' lang='lat' dir='ltr'>Ra-</span> 
     </span>
     <span class='ocr_line' id='line_1_11' title="bbox 637 1703 2775 1783; baseline 0.001 -20"><span class='ocrx_word' id='word_1_71' title='bbox 637 1703 826 1763; x_wconf 86' lang='lat' dir='ltr'>thins:</span> <span class='ocrx_word' id='word_1_72' title='bbox 858 1731 883 1757; x_wconf 74' lang='grc' dir='ltr'><strong>α</strong></span> <span class='ocrx_word' id='word_1_73' title='bbox 901 1703 1180 1775; x_wconf 86' lang='lat' dir='ltr'>Ernestii,</span> <span class='ocrx_word' id='word_1_74' title='bbox 1201 1704 1422 1762; x_wconf 89' lang='lat' dir='ltr'>Peareii</span> <span class='ocrx_word' id='word_1_75' title='bbox 1447 1716 1506 1762; x_wconf 89' lang='lat' dir='ltr'>et</span> <span class='ocrx_word' id='word_1_76' title='bbox 1530 1703 1917 1783; x_wconf 87' lang='lat' dir='ltr'>quorumdam</span> <span class='ocrx_word' id='word_1_77' title='bbox 1943 1705 2192 1764; x_wconf 89' lang='lat' dir='ltr'>aliorum</span> <span class='ocrx_word' id='word_1_78' title='bbox 2224 1726 2297 1765; x_wconf 86' lang='lat' dir='ltr'>ex</span> <span class='ocrx_word' id='word_1_79' title='bbox 2326 1706 2775 1781; x_wconf 88' lang='lat' dir='ltr'>recentioribus,</span> 
     </span>
     <span class='ocr_line' id='line_1_12' title="bbox 637 1808 2777 1891; baseline 0.001 -23"><span class='ocrx_word' id='word_1_80' title='bbox 637 1829 842 1888; x_wconf 84' lang='lat' dir='ltr'>magna</span> <span class='ocrx_word' id='word_1_81' title='bbox 870 1809 970 1869; x_wconf 89' lang='lat' dir='ltr'>illa</span> <span class='ocrx_word' id='word_1_82' title='bbox 997 1808 1235 1887; x_wconf 88' lang='lat' dir='ltr'>quidem</span> <span class='ocrx_word' id='word_1_83' title='bbox 1256 1808 1490 1867; x_wconf 88' lang='lat' dir='ltr'>nomina</span> <span class='ocrx_word' id='word_1_84' title='bbox 1522 1823 1657 1867; x_wconf 85' lang='lat' dir='ltr'>sunt</span> <span class='ocrx_word' id='word_1_85' title='bbox 1696 1830 1763 1868; x_wconf 90' lang='lat' dir='ltr'>ae</span> <span class='ocrx_word' id='word_1_86' title='bbox 1805 1811 2073 1888; x_wconf 83' lang='lat' dir='ltr'>grandia3</span> <span class='ocrx_word' id='word_1_87' title='bbox 2101 1811 2203 1872; x_wconf 87' lang='lat' dir='ltr'>sed</span> <span class='ocrx_word' id='word_1_88' title='bbox 2238 1833 2445 1872; x_wconf 89' lang='lat' dir='ltr'>eorum</span> <span class='ocrx_word' id='word_1_89' title='bbox 2476 1833 2656 1891; x_wconf 89' lang='lat' dir='ltr'>opera</span> <span class='ocrx_word' id='word_1_90' title='bbox 2685 1813 2777 1871; x_wconf 91' lang='lat' dir='ltr'>his</span> 
     </span>
     <span class='ocr_line' id='line_1_13' title="bbox 638 1912 2777 1995; baseline 0 -21"><span class='ocrx_word' id='word_1_91' title='bbox 638 1917 699 1973; x_wconf 89' lang='lat' dir='ltr'>in</span> <span class='ocrx_word' id='word_1_92' title='bbox 730 1914 891 1974; x_wconf 88' lang='lat' dir='ltr'>libris</span> <span class='ocrx_word' id='word_1_93' title='bbox 921 1914 1111 1993; x_wconf 86' lang='lat' dir='ltr'>posita</span> <span class='ocrx_word' id='word_1_94' title='bbox 1136 1912 1282 1972; x_wconf 85' lang='lat' dir='ltr'>adeo</span> <span class='ocrx_word' id='word_1_95' title='bbox 1318 1932 1498 1991; x_wconf 84' lang='lat' dir='ltr'>parva</span> <span class='ocrx_word' id='word_1_96' title='bbox 1536 1927 1625 1972; x_wconf 85' lang='lat' dir='ltr'>est</span> <span class='ocrx_word' id='word_1_97' title='bbox 1665 1927 1839 1990; x_wconf 86' lang='lat' dir='ltr'>atque</span> <span class='ocrx_word' id='word_1_98' title='bbox 1871 1917 2108 1994; x_wconf 84' lang='lat' dir='ltr'>exigua,</span> <span class='ocrx_word' id='word_1_99' title='bbox 2149 1930 2243 1990; x_wconf 88' lang='lat' dir='ltr'>ut,</span> <span class='ocrx_word' id='word_1_100' title='bbox 2289 1920 2338 1977; x_wconf 91' lang='lat' dir='ltr'>si</span> <span class='ocrx_word' id='word_1_101' title='bbox 2385 1920 2538 1976; x_wconf 84' lang='lat' dir='ltr'>forte</span> <span class='ocrx_word' id='word_1_102' title='bbox 2582 1919 2777 1995; x_wconf 89' lang='lat' dir='ltr'>suspi-</span> 
     </span>
     <span class='ocr_line' id='line_1_14' title="bbox 637 2006 2778 2099; baseline 0 -19"><span class='ocrx_word' id='word_1_103' title='bbox 637 2035 800 2081; x_wconf 84' lang='lat' dir='ltr'>cetur</span> <span class='ocrx_word' id='word_1_104' title='bbox 824 2020 1145 2099; x_wconf 88' lang='lat' dir='ltr'>quispiam,</span> <span class='ocrx_word' id='word_1_105' title='bbox 1186 2038 1278 2077; x_wconf 88' lang='lat' dir='ltr'>me</span> <span class='ocrx_word' id='word_1_106' title='bbox 1318 2038 1520 2077; x_wconf 88' lang='lat' dir='ltr'>eorum</span> <span class='ocrx_word' id='word_1_107' title='bbox 1548 2017 1823 2078; x_wconf 81' lang='lat' dir='ltr'>laudibus</span> <span class='ocrx_word' id='word_1_108' title='bbox 1850 2019 2178 2080; x_wconf 82' lang='lat' dir='ltr'>obtrectare</span> <span class='ocrx_word' id='word_1_109' title='bbox 2214 2006 2393 2095; x_wconf 78' lang='lat' dir='ltr'>velle,</span> <span class='ocrx_word' id='word_1_110' title='bbox 2434 2043 2569 2080; x_wconf 90' lang='lat' dir='ltr'>eum</span> <span class='ocrx_word' id='word_1_111' title='bbox 2604 2023 2778 2080; x_wconf 86' lang='lat' dir='ltr'>etiam</span> 
     </span>
     <span class='ocr_line' id='line_1_15' title="bbox 634 2126 2780 2208; baseline -0 -20"><span class='ocrx_word' id='word_1_112' title='bbox 634 2142 808 2206; x_wconf 87' lang='lat' dir='ltr'>atque</span> <span class='ocrx_word' id='word_1_113' title='bbox 848 2128 1021 2185; x_wconf 90' lang='lat' dir='ltr'>etiam</span> <span class='ocrx_word' id='word_1_114' title='bbox 1068 2145 1297 2203; x_wconf 83' lang='lat' dir='ltr'>rogem,</span> <span class='ocrx_word' id='word_1_115' title='bbox 1338 2140 1403 2185; x_wconf 90' lang='lat' dir='ltr'>ut</span> <span class='ocrx_word' id='word_1_116' title='bbox 1441 2146 1622 2184; x_wconf 84' lang='lat' dir='ltr'>unum</span> <span class='ocrx_word' id='word_1_117' title='bbox 1659 2126 1836 2187; x_wconf 91' lang='lat' dir='ltr'>modo</span> <span class='ocrx_word' id='word_1_118' title='bbox 1887 2129 2077 2186; x_wconf 89' lang='lat' dir='ltr'>locum</span> <span class='ocrx_word' id='word_1_119' title='bbox 2126 2128 2327 2208; x_wconf 86' lang='lat' dir='ltr'>paullo</span> <span class='ocrx_word' id='word_1_120' title='bbox 2374 2128 2579 2207; x_wconf 80' lang='lat' dir='ltr'>majori</span> <span class='ocrx_word' id='word_1_121' title='bbox 2625 2128 2780 2187; x_wconf 87' lang='lat' dir='ltr'>diffi-</span> 
     </span>
     <span class='ocr_line' id='line_1_16' title="bbox 640 2230 2774 2314; baseline 0 -21"><span class='ocrx_word' id='word_1_122' title='bbox 640 2233 853 2293; x_wconf 90' lang='lat' dir='ltr'>cultate</span> <span class='ocrx_word' id='word_1_123' title='bbox 881 2230 1245 2292; x_wconf 79' lang='lat' dir='ltr'>laborantem</span> <span class='ocrx_word' id='word_1_124' title='bbox 1277 2232 1572 2304; x_wconf 85' lang='lat' dir='ltr'>ostendat,</span> <span class='ocrx_word' id='word_1_125' title='bbox 1604 2254 1779 2314; x_wconf 90' lang='lat' dir='ltr'>quem</span> <span class='ocrx_word' id='word_1_126' title='bbox 1815 2234 1908 2293; x_wconf 90' lang='lat' dir='ltr'>isti</span> <span class='ocrx_word' id='word_1_127' title='bbox 1938 2234 2079 2306; x_wconf 82' lang='lat' dir='ltr'>viri,</span> <span class='ocrx_word' id='word_1_128' title='bbox 2105 2236 2223 2313; x_wconf 20' lang='lat' dir='ltr'>&#39;qui</span> <span class='ocrx_word' id='word_1_129' title='bbox 2261 2236 2475 2295; x_wconf 90' lang='lat' dir='ltr'>summi</span> <span class='ocrx_word' id='word_1_130' title='bbox 2510 2236 2622 2293; x_wconf 88' lang='lat' dir='ltr'>viri</span> <span class='ocrx_word' id='word_1_131' title='bbox 2663 2254 2774 2313; x_wconf 85' lang='lat' dir='ltr'>ap·-</span> 
     </span>
     <span class='ocr_line' id='line_1_17' title="bbox 641 2337 2780 2420; baseline -0.001 -21"><span class='ocrx_word' id='word_1_132' title='bbox 641 2338 1029 2420; x_wconf 85' lang='lat' dir='ltr'>pellabantur‚</span> <span class='ocrx_word' id='word_1_133' title='bbox 1058 2352 1151 2413; x_wconf 88' lang='lat' dir='ltr'>et,</span> <span class='ocrx_word' id='word_1_134' title='bbox 1188 2339 1237 2398; x_wconf 88' lang='lat' dir='ltr'>si</span> <span class='ocrx_word' id='word_1_135' title='bbox 1263 2337 1371 2398; x_wconf 88' lang='lat' dir='ltr'>diis</span> <span class='ocrx_word' id='word_1_136' title='bbox 1394 2340 1585 2418; x_wconf 86' lang='lat' dir='ltr'>placet</span> <span class='ocrx_word' id='word_1_137' title='bbox 1602 2382 1621 2410; x_wconf 87' lang='lat'>,</span> <span class='ocrx_word' id='word_1_138' title='bbox 1656 2342 1990 2402; x_wconf 88' lang='lat' dir='ltr'>criticorum</span> <span class='ocrx_word' id='word_1_139' title='bbox 2019 2342 2313 2419; x_wconf 85' lang='lat' dir='ltr'>principes</span> <span class='ocrx_word' id='word_1_140' title='bbox 2330 2383 2346 2410; x_wconf 90' lang='lat'>‚</span> <span class='ocrx_word' id='word_1_141' title='bbox 2380 2359 2487 2398; x_wconf 89' lang='lat' dir='ltr'>suo</span> <span class='ocrx_word' id='word_1_142' title='bbox 2518 2340 2780 2398; x_wconf 85' lang='lat' dir='ltr'>acumine</span> 
     </span>
     <span class='ocr_line' id='line_1_18' title="bbox 643 2443 1104 2525; baseline -0.009 -19"><span class='ocrx_word' id='word_1_143' title='bbox 643 2443 1044 2525; x_wconf 81' lang='lat' dir='ltr'>expediverint</span> <span class='ocrx_word' id='word_1_144' title='bbox 1060 2470 1104 2502; x_wconf 69' lang='grc' dir='ltr'>υ.</span> 
     </span>
    </p>

    <p class='ocr_par' dir='ltr' id='par_1_5' title="bbox 645 2546 2786 4215">
     <span class='ocr_line' id='line_1_19' title="bbox 723 2546 2782 2631; baseline -0 -23"><span class='ocrx_word' id='word_1_145' title='bbox 723 2548 807 2631; x_wconf 77' lang='lat'>(2)</span> <span class='ocrx_word' id='word_1_146' title='bbox 838 2554 967 2611; x_wconf 86' lang='lat' dir='ltr'>Hoc</span> <span class='ocrx_word' id='word_1_147' title='bbox 990 2549 1191 2608; x_wconf 84' lang='lat' dir='ltr'>titulo:</span> <span class='ocrx_word' id='word_1_148' title='bbox 1217 2575 1242 2601; x_wconf 86' lang='lat'>«</span> <span class='ocrx_word' id='word_1_149' title='bbox 1256 2554 1345 2609; x_wconf 90' lang='lat' dir='ltr'>De</span> <span class='ocrx_word' id='word_1_150' title='bbox 1360 2547 1601 2609; x_wconf 87' lang='lat' dir='ltr'>Finibus</span> <span class='ocrx_word' id='word_1_151' title='bbox 1619 2548 1759 2607; x_wconf 90' lang='lat' dir='ltr'>bon.</span> <span class='ocrx_word' id='word_1_152' title='bbox 1779 2561 1839 2607; x_wconf 88' lang='lat' dir='ltr'>et</span> <span class='ocrx_word' id='word_1_153' title='bbox 1858 2547 1992 2606; x_wconf 85' lang='lat' dir='ltr'>mal.</span> <span class='ocrx_word' id='word_1_154' title='bbox 2015 2546 2150 2606; x_wconf 85' lang='lat' dir='ltr'>libri</span> <span class='ocrx_word' id='word_1_155' title='bbox 2170 2548 2428 2626; x_wconf 85' lang='lat' dir='ltr'>quinque</span> <span class='ocrx_word' id='word_1_156' title='bbox 2442 2592 2461 2622; x_wconf 90' lang='lat'>,</span> <span class='ocrx_word' id='word_1_157' title='bbox 2487 2568 2562 2607; x_wconf 83' lang='lat' dir='ltr'>ex</span> <span class='ocrx_word' id='word_1_158' title='bbox 2583 2569 2782 2608; x_wconf 87' lang='lat' dir='ltr'>reeen-</span> 
     </span>
     <span class='ocr_line' id='line_1_20' title="bbox 645 2652 2778 2732; baseline -0.001 -17"><span class='ocrx_word' id='word_1_159' title='bbox 645 2657 806 2716; x_wconf 86' lang='lat' dir='ltr'>sione</span> <span class='ocrx_word' id='word_1_160' title='bbox 833 2667 893 2714; x_wconf 88' lang='lat' dir='ltr'>et</span> <span class='ocrx_word' id='word_1_161' title='bbox 917 2674 1047 2714; x_wconf 88' lang='lat' dir='ltr'>cum</span> <span class='ocrx_word' id='word_1_162' title='bbox 1074 2655 1229 2712; x_wconf 87' lang='lat' dir='ltr'>notis</span> <span class='ocrx_word' id='word_1_163' title='bbox 1253 2659 1348 2713; x_wconf 80' lang='lat' dir='ltr'>Jo.</span> <span class='ocrx_word' id='word_1_164' title='bbox 1373 2659 1551 2715; x_wconf 89' lang='lat' dir='ltr'>Henr.</span> <span class='ocrx_word' id='word_1_165' title='bbox 1578 2655 1832 2725; x_wconf 84' lang='lat' dir='ltr'>Bremii3</span> <span class='ocrx_word' id='word_1_166' title='bbox 1859 2653 2089 2725; x_wconf 87' lang='lat' dir='ltr'>Turiei,</span> <span class='ocrx_word' id='word_1_167' title='bbox 2117 2652 2274 2732; x_wconf 86' lang='lat' dir='ltr'>apud</span> <span class='ocrx_word' id='word_1_168' title='bbox 2293 2658 2362 2711; x_wconf 88' lang='lat' dir='ltr'>H.</span> <span class='ocrx_word' id='word_1_169' title='bbox 2386 2658 2741 2713; x_wconf 84' lang='lat' dir='ltr'>Gessnerum</span> <span class='ocrx_word' id='word_1_170' title='bbox 2761 2698 2778 2724; x_wconf 90' lang='lat'>,</span> 
     </span>
     <span class='ocr_line' id='line_1_21' title="bbox 650 2757 2780 2839; baseline -0.001 -18"><span class='ocrx_word' id='word_1_171' title='bbox 650 2764 820 2839; x_wconf 84' lang='lat'>1798.</span> <span class='ocrx_word' id='word_1_172' title='bbox 840 2788 865 2813; x_wconf 68' lang='lat' dir='ltr'>n</span> <span class='ocrx_word' id='word_1_173' title='bbox 887 2793 967 2805; x_wconf 89' lang='lat'><em>—</em></span> <span class='ocrx_word' id='word_1_174' title='bbox 988 2765 1132 2819; x_wconf 67' lang='lat' dir='ltr'>Tm</span> <span class='ocrx_word' id='word_1_175' title='bbox 1160 2758 1558 2819; x_wconf 86' lang='lat' dir='ltr'>tantummodo</span> <span class='ocrx_word' id='word_1_176' title='bbox 1589 2760 1815 2838; x_wconf 87' lang='lat' dir='ltr'>priores</span> <span class='ocrx_word' id='word_1_177' title='bbox 1844 2757 1980 2817; x_wconf 90' lang='lat' dir='ltr'>libri</span> <span class='ocrx_word' id='word_1_178' title='bbox 2007 2759 2173 2838; x_wconf 90' lang='lat' dir='ltr'>prelo</span> <span class='ocrx_word' id='word_1_179' title='bbox 2199 2757 2457 2817; x_wconf 85' lang='lat' dir='ltr'>mandati</span> <span class='ocrx_word' id='word_1_180' title='bbox 2485 2772 2651 2832; x_wconf 85' lang='lat' dir='ltr'>sunt;</span> <span class='ocrx_word' id='word_1_181' title='bbox 2679 2760 2780 2819; x_wconf 87' lang='lat' dir='ltr'>sed</span> 
     </span>
     <span class='ocr_line' id='line_1_22' title="bbox 646 2864 2782 2948; baseline -0.001 -21"><span class='ocrx_word' id='word_1_182' title='bbox 646 2869 888 2948; x_wconf 84' lang='lat' dir='ltr'>scriptas</span> <span class='ocrx_word' id='word_1_183' title='bbox 912 2868 972 2925; x_wconf 91' lang='lat' dir='ltr'>in</span> <span class='ocrx_word' id='word_1_184' title='bbox 1000 2880 1306 2946; x_wconf 83' lang='lat' dir='ltr'>sequentes</span> <span class='ocrx_word' id='word_1_185' title='bbox 1336 2866 1517 2925; x_wconf 79' lang='lat' dir='ltr'>libros</span> <span class='ocrx_word' id='word_1_186' title='bbox 1541 2879 1707 2925; x_wconf 88' lang='lat' dir='ltr'>notas</span> <span class='ocrx_word' id='word_1_187' title='bbox 1730 2866 1792 2924; x_wconf 89' lang='lat' dir='ltr'>in</span> <span class='ocrx_word' id='word_1_188' title='bbox 1819 2864 2083 2924; x_wconf 87' lang='lat' dir='ltr'>manibus</span> <span class='ocrx_word' id='word_1_189' title='bbox 2112 2864 2320 2925; x_wconf 81' lang='lat' dir='ltr'>habuit</span> <span class='ocrx_word' id='word_1_190' title='bbox 2345 2872 2609 2926; x_wconf 83' lang='lat' dir='ltr'>Goerenz.</span> <span class='ocrx_word' id='word_1_191' title='bbox 2634 2866 2782 2926; x_wconf 87' lang='lat' dir='ltr'>Vide</span> 
     </span>
     <span class='ocr_line' id='line_1_23' title="bbox 645 2969 2779 3052; baseline -0.002 -19"><span class='ocrx_word' id='word_1_192' title='bbox 645 2976 823 3047; x_wconf 84' lang='lat' dir='ltr'>infra,</span> <span class='ocrx_word' id='word_1_193' title='bbox 852 2979 1011 3035; x_wconf 88' lang='lat' dir='ltr'>Goer.</span> <span class='ocrx_word' id='word_1_194' title='bbox 1038 2974 1266 3052; x_wconf 82' lang='lat' dir='ltr'>praefat.</span> <span class='ocrx_word' id='word_1_195' title='bbox 1288 2993 1346 3052; x_wconf 92' lang='lat' dir='ltr'>p.</span> <span class='ocrx_word' id='word_1_196' title='bbox 1378 2982 1412 3042; x_wconf 79' lang='lat'>4</span> <span class='ocrx_word' id='word_1_197' title='bbox 1431 3014 1448 3043; x_wconf 93' lang='lat'>,</span> <span class='ocrx_word' id='word_1_198' title='bbox 1489 2971 1591 3029; x_wconf 89' lang='lat' dir='ltr'>lin.</span> <span class='ocrx_word' id='word_1_199' title='bbox 1625 2972 1680 3028; x_wconf 87' lang='grc'>6.</span> <span class='ocrx_word' id='word_1_200' title='bbox 1707 3004 1786 3015; x_wconf 91' lang='grc'>-</span> <span class='ocrx_word' id='word_1_201' title='bbox 1820 2969 2089 3050; x_wconf 86' lang='lat' dir='ltr'>Legenda</span> <span class='ocrx_word' id='word_1_202' title='bbox 2114 2986 2250 3032; x_wconf 87' lang='lat' dir='ltr'>sunt</span> <span class='ocrx_word' id='word_1_203' title='bbox 2277 2992 2411 3051; x_wconf 78' lang='lat' dir='ltr'>quae</span> <span class='ocrx_word' id='word_1_204' title='bbox 2438 2973 2697 3031; x_wconf 83' lang='lat' dir='ltr'>Bremins</span> <span class='ocrx_word' id='word_1_205' title='bbox 2721 2973 2779 3030; x_wconf 89' lang='lat' dir='ltr'>in</span> 
     </span>
     <span class='ocr_line' id='line_1_24' title="bbox 648 3076 2786 3157; baseline -0 -19"><span class='ocrx_word' id='word_1_206' title='bbox 648 3080 986 3157; x_wconf 84' lang='lat' dir='ltr'>praefatione</span> <span class='ocrx_word' id='word_1_207' title='bbox 1002 3079 1074 3138; x_wconf 89' lang='lat' dir='ltr'>de</span> <span class='ocrx_word' id='word_1_208' title='bbox 1088 3096 1197 3137; x_wconf 85' lang='lat' dir='ltr'>suo</span> <span class='ocrx_word' id='word_1_209' title='bbox 1213 3077 1319 3136; x_wconf 87' lang='lat' dir='ltr'>hos</span> <span class='ocrx_word' id='word_1_210' title='bbox 1339 3076 1519 3136; x_wconf 89' lang='lat' dir='ltr'>libros</span> <span class='ocrx_word' id='word_1_211' title='bbox 1536 3076 1748 3135; x_wconf 89' lang='lat' dir='ltr'>edendi</span> <span class='ocrx_word' id='word_1_212' title='bbox 1759 3077 2022 3149; x_wconf 88' lang='lat' dir='ltr'>consilio,</span> <span class='ocrx_word' id='word_1_213' title='bbox 2032 3091 2093 3136; x_wconf 89' lang='lat' dir='ltr'>et</span> <span class='ocrx_word' id='word_1_214' title='bbox 2105 3077 2177 3137; x_wconf 91' lang='lat' dir='ltr'>de</span> <span class='ocrx_word' id='word_1_215' title='bbox 2190 3078 2591 3157; x_wconf 88' lang='lat' dir='ltr'>superioribus</span> <span class='ocrx_word' id='word_1_216' title='bbox 2606 3077 2786 3137; x_wconf 88' lang='lat' dir='ltr'>edito·</span> 
     </span>
     <span class='ocr_line' id='line_1_25' title="bbox 648 3181 2783 3262; baseline 0 -21"><span class='ocrx_word' id='word_1_217' title='bbox 648 3183 808 3242; x_wconf 86' lang='lat' dir='ltr'>ribus</span> <span class='ocrx_word' id='word_1_218' title='bbox 834 3185 1092 3262; x_wconf 86' lang='lat' dir='ltr'>scripsit:</span> <span class='ocrx_word' id='word_1_219' title='bbox 1118 3211 1141 3235; x_wconf 71' lang='grc' dir='ltr'>α</span> <span class='ocrx_word' id='word_1_220' title='bbox 1164 3183 1375 3243; x_wconf 90' lang='lat' dir='ltr'>Omnia</span> <span class='ocrx_word' id='word_1_221' title='bbox 1401 3181 1696 3241; x_wconf 88' lang='lat' dir='ltr'>Ciceronis</span> <span class='ocrx_word' id='word_1_222' title='bbox 1726 3181 1938 3260; x_wconf 87' lang='lat' dir='ltr'>scripta</span> <span class='ocrx_word' id='word_1_223' title='bbox 1954 3225 1971 3255; x_wconf 91' lang='lat'>,</span> <span class='ocrx_word' id='word_1_224' title='bbox 1999 3181 2408 3261; x_wconf 86' lang='lat' dir='ltr'>philosophica</span> <span class='ocrx_word' id='word_1_225' title='bbox 2435 3185 2783 3262; x_wconf 76' lang='lat' dir='ltr'>praesertim,</span> 
     </span>
     <span class='ocr_line' id='line_1_26' title="bbox 645 3288 2783 3369; baseline 0 -21"><span class='ocrx_word' id='word_1_226' title='bbox 645 3290 954 3367; x_wconf 83' lang='lat' dir='ltr'>diligenter</span> <span class='ocrx_word' id='word_1_227' title='bbox 987 3291 1287 3362; x_wconf 82' lang='lat' dir='ltr'>evolvens,</span> <span class='ocrx_word' id='word_1_228' title='bbox 1317 3289 1616 3369; x_wconf 87' lang='lat' dir='ltr'>praecipuo</span> <span class='ocrx_word' id='word_1_229' title='bbox 1643 3288 1900 3367; x_wconf 89' lang='lat' dir='ltr'>quodam</span> <span class='ocrx_word' id='word_1_230' title='bbox 1936 3289 2109 3348; x_wconf 84' lang='lat' dir='ltr'>unius</span> <span class='ocrx_word' id='word_1_231' title='bbox 2142 3309 2339 3349; x_wconf 88' lang='lat' dir='ltr'>amore</span> <span class='ocrx_word' id='word_1_232' title='bbox 2360 3335 2375 3357; x_wconf 90' lang='lat'>‚</span> <span class='ocrx_word' id='word_1_233' title='bbox 2420 3303 2485 3348; x_wconf 91' lang='lat' dir='ltr'>ut</span> <span class='ocrx_word' id='word_1_234' title='bbox 2520 3289 2783 3350; x_wconf 86' lang='lat' dir='ltr'>accidere</span> 
     </span>
     <span class='ocr_line' id='line_1_27' title="bbox 646 3392 2785 3472; baseline 0 -19"><span class='ocrx_word' id='word_1_235' title='bbox 646 3396 828 3467; x_wconf 86' lang='lat' dir='ltr'>solet,</span> <span class='ocrx_word' id='word_1_236' title='bbox 857 3407 1060 3472; x_wconf 85' lang='lat' dir='ltr'>captus</span> <span class='ocrx_word' id='word_1_237' title='bbox 1097 3413 1254 3465; x_wconf 86' lang='lat' dir='ltr'>sum,</span> <span class='ocrx_word' id='word_1_238' title='bbox 1290 3393 1575 3452; x_wconf 87' lang='lat' dir='ltr'>librorum</span> <span class='ocrx_word' id='word_1_239' title='bbox 1616 3392 1689 3452; x_wconf 90' lang='lat' dir='ltr'>de</span> <span class='ocrx_word' id='word_1_240' title='bbox 1734 3393 1973 3452; x_wconf 87' lang='lat' dir='ltr'>Finibus</span> <span class='ocrx_word' id='word_1_241' title='bbox 2022 3393 2318 3452; x_wconf 88' lang='lat' dir='ltr'>bonorum</span> <span class='ocrx_word' id='word_1_242' title='bbox 2364 3408 2426 3452; x_wconf 90' lang='lat' dir='ltr'>et</span> <span class='ocrx_word' id='word_1_243' title='bbox 2469 3396 2785 3470; x_wconf 85' lang='lat' dir='ltr'>malorum,</span> 
     </span>
     <span class='ocr_line' id='line_1_28' title="bbox 648 3500 2785 3581; baseline 0.001 -22"><span class='ocrx_word' id='word_1_244' title='bbox 648 3515 767 3559; x_wconf 88' lang='lat' dir='ltr'>tum</span> <span class='ocrx_word' id='word_1_245' title='bbox 805 3513 1050 3579; x_wconf 84' lang='lat' dir='ltr'>propter</span> <span class='ocrx_word' id='word_1_246' title='bbox 1082 3519 1205 3558; x_wconf 89' lang='lat' dir='ltr'>rem</span> <span class='ocrx_word' id='word_1_247' title='bbox 1234 3501 1294 3557; x_wconf 88' lang='lat' dir='ltr'>in</span> <span class='ocrx_word' id='word_1_248' title='bbox 1330 3500 1398 3558; x_wconf 89' lang='lat' dir='ltr'>iis</span> <span class='ocrx_word' id='word_1_249' title='bbox 1439 3511 1774 3571; x_wconf 85' lang='lat' dir='ltr'>tractatam,</span> <span class='ocrx_word' id='word_1_250' title='bbox 1819 3511 1940 3558; x_wconf 86' lang='lat' dir='ltr'>tum</span> <span class='ocrx_word' id='word_1_251' title='bbox 1989 3513 2234 3577; x_wconf 89' lang='lat' dir='ltr'>propter</span> <span class='ocrx_word' id='word_1_252' title='bbox 2268 3500 2564 3560; x_wconf 82' lang='lat' dir='ltr'>scribendi</span> <span class='ocrx_word' id='word_1_253' title='bbox 2604 3522 2785 3581; x_wconf 86' lang='lat' dir='ltr'>genus</span> 
     </span>
     <span class='ocr_line' id='line_1_29' title="bbox 651 3603 2786 3685; baseline 0.001 -20"><span class='ocrx_word' id='word_1_254' title='bbox 651 3607 948 3684; x_wconf 86' lang='lat' dir='ltr'>aliquanto</span> <span class='ocrx_word' id='word_1_255' title='bbox 993 3605 1336 3664; x_wconf 86' lang='lat' dir='ltr'>accuratius.</span> <span class='ocrx_word' id='word_1_256' title='bbox 1383 3604 1636 3663; x_wconf 86' lang='lat' dir='ltr'>Ernestii</span> <span class='ocrx_word' id='word_1_257' title='bbox 1679 3616 1907 3663; x_wconf 92' lang='lat' dir='ltr'>tantum</span> <span class='ocrx_word' id='word_1_258' title='bbox 1951 3603 2208 3664; x_wconf 91' lang='lat' dir='ltr'>editione</span> <span class='ocrx_word' id='word_1_259' title='bbox 2249 3620 2418 3666; x_wconf 90' lang='lat' dir='ltr'>utens</span> <span class='ocrx_word' id='word_1_260' title='bbox 2466 3609 2786 3685; x_wconf 88' lang='lat' dir='ltr'>permultos</span> 
     </span>
     <span class='ocr_line' id='line_1_30' title="bbox 651 3709 2786 3790; baseline 0.001 -19"><span class='ocrx_word' id='word_1_261' title='bbox 651 3714 844 3772; x_wconf 87' lang='lat' dir='ltr'>statim</span> <span class='ocrx_word' id='word_1_262' title='bbox 875 3712 1036 3771; x_wconf 89' lang='lat' dir='ltr'>locos</span> <span class='ocrx_word' id='word_1_263' title='bbox 1064 3709 1445 3769; x_wconf 87' lang='lat' dir='ltr'>animadverti</span> <span class='ocrx_word' id='word_1_264' title='bbox 1472 3712 1561 3769; x_wconf 88' lang='lat' dir='ltr'>vel</span> <span class='ocrx_word' id='word_1_265' title='bbox 1590 3724 1930 3790; x_wconf 86' lang='lat' dir='ltr'>corruptos,</span> <span class='ocrx_word' id='word_1_266' title='bbox 1957 3712 2048 3770; x_wconf 87' lang='lat' dir='ltr'>vel</span> <span class='ocrx_word' id='word_1_267' title='bbox 2077 3711 2225 3770; x_wconf 86' lang='lat' dir='ltr'>male</span> <span class='ocrx_word' id='word_1_268' title='bbox 2253 3711 2516 3788; x_wconf 86' lang='lat' dir='ltr'>habitos,</span> <span class='ocrx_word' id='word_1_269' title='bbox 2557 3714 2646 3773; x_wconf 87' lang='lat' dir='ltr'>vel</span> <span class='ocrx_word' id='word_1_270' title='bbox 2677 3714 2786 3773; x_wconf 86' lang='lat' dir='ltr'>hac</span> 
     </span>
     <span class='ocr_line' id='line_1_31' title="bbox 650 3817 2783 3898; baseline 0 -22"><span class='ocrx_word' id='word_1_271' title='bbox 650 3820 822 3877; x_wconf 87' lang='lat' dir='ltr'>illave</span> <span class='ocrx_word' id='word_1_272' title='bbox 862 3817 937 3877; x_wconf 89' lang='lat' dir='ltr'>de</span> <span class='ocrx_word' id='word_1_273' title='bbox 980 3837 1153 3878; x_wconf 88' lang='lat' dir='ltr'>causa</span> <span class='ocrx_word' id='word_1_274' title='bbox 1197 3817 1475 3881; x_wconf 82' lang='lat' dir='ltr'>difficiles,</span> <span class='ocrx_word' id='word_1_275' title='bbox 1514 3821 1782 3891; x_wconf 89' lang='lat' dir='ltr'>Quorum</span> <span class='ocrx_word' id='word_1_276' title='bbox 1814 3836 1995 3894; x_wconf 88' lang='lat' dir='ltr'>quum</span> <span class='ocrx_word' id='word_1_277' title='bbox 2026 3836 2289 3896; x_wconf 85' lang='lat' dir='ltr'>magnam</span> <span class='ocrx_word' id='word_1_278' title='bbox 2330 3832 2556 3898; x_wconf 88' lang='lat' dir='ltr'>partem</span> <span class='ocrx_word' id='word_1_279' title='bbox 2599 3819 2690 3878; x_wconf 86' lang='lat' dir='ltr'>vel</span> <span class='ocrx_word' id='word_1_280' title='bbox 2726 3822 2783 3878; x_wconf 92' lang='lat' dir='ltr'>in</span> 
     </span>
     <span class='ocr_line' id='line_1_32' title="bbox 648 3923 2785 4003; baseline 0.001 -20"><span class='ocrx_word' id='word_1_281' title='bbox 648 3926 934 4003; x_wconf 87' lang='lat' dir='ltr'>integrum</span> <span class='ocrx_word' id='word_1_282' title='bbox 960 3925 1292 3997; x_wconf 87' lang='lat' dir='ltr'>restituere,</span> <span class='ocrx_word' id='word_1_283' title='bbox 1332 3924 1424 3983; x_wconf 82' lang='lat' dir='ltr'>vel</span> <span class='ocrx_word' id='word_1_284' title='bbox 1466 3923 1676 3983; x_wconf 88' lang='lat' dir='ltr'>rectius</span> <span class='ocrx_word' id='word_1_285' title='bbox 1718 3923 2038 4003; x_wconf 86' lang='lat' dir='ltr'>explicare,</span> <span class='ocrx_word' id='word_1_286' title='bbox 2088 3925 2176 3981; x_wconf 86' lang='lat' dir='ltr'>vel</span> <span class='ocrx_word' id='word_1_287' title='bbox 2226 3925 2456 3986; x_wconf 87' lang='lat' dir='ltr'>tandem</span> <span class='ocrx_word' id='word_1_288' title='bbox 2488 3926 2785 3985; x_wconf 83' lang='lat' dir='ltr'>vindicare</span> 
     </span>
     <span class='ocr_line' id='line_1_33' title="bbox 648 4028 2780 4114; baseline 0 -24"><span class='ocrx_word' id='word_1_289' title='bbox 648 4032 791 4091; x_wconf 88' lang='lat' dir='ltr'>mihi</span> <span class='ocrx_word' id='word_1_290' title='bbox 822 4051 992 4114; x_wconf 85' lang='lat' dir='ltr'>posse</span> <span class='ocrx_word' id='word_1_291' title='bbox 1018 4031 1266 4104; x_wconf 87' lang='lat' dir='ltr'>viderer,</span> <span class='ocrx_word' id='word_1_292' title='bbox 1297 4031 1551 4103; x_wconf 86' lang='lat' dir='ltr'>institui,</span> <span class='ocrx_word' id='word_1_293' title='bbox 1576 4044 1786 4088; x_wconf 86' lang='lat' dir='ltr'>cuncta</span> <span class='ocrx_word' id='word_1_294' title='bbox 1801 4072 1818 4101; x_wconf 89' lang='lat'>,</span> <span class='ocrx_word' id='word_1_295' title='bbox 1848 4049 1977 4107; x_wconf 81' lang='lat' dir='ltr'>quae</span> <span class='ocrx_word' id='word_1_296' title='bbox 1999 4028 2240 4091; x_wconf 86' lang='lat' dir='ltr'>aderant</span> <span class='ocrx_word' id='word_1_297' title='bbox 2256 4074 2273 4103; x_wconf 91' lang='lat'>,</span> <span class='ocrx_word' id='word_1_298' title='bbox 2296 4031 2579 4104; x_wconf 86' lang='lat' dir='ltr'>subsidia,</span> <span class='ocrx_word' id='word_1_299' title='bbox 2604 4053 2780 4091; x_wconf 85' lang='lat' dir='ltr'>excu-</span> 
     </span>
     <span class='ocr_line' id='line_1_34' title="bbox 655 4134 2786 4215; baseline 0 -19"><span class='ocrx_word' id='word_1_300' title='bbox 655 4153 806 4211; x_wconf 82' lang='lat' dir='ltr'>tere,</span> <span class='ocrx_word' id='word_1_301' title='bbox 846 4160 997 4199; x_wconf 87' lang='lat' dir='ltr'>nova</span> <span class='ocrx_word' id='word_1_302' title='bbox 1031 4138 1403 4215; x_wconf 81' lang='lat' dir='ltr'>conquirere,</span> <span class='ocrx_word' id='word_1_303' title='bbox 1442 4134 1704 4213; x_wconf 83' lang='lat' dir='ltr'>diligenti</span> <span class='ocrx_word' id='word_1_304' title='bbox 1740 4135 2004 4214; x_wconf 81' lang='lat' dir='ltr'>inprimis</span> <span class='ocrx_word' id='word_1_305' title='bbox 2033 4135 2333 4197; x_wconf 86' lang='lat' dir='ltr'>Ciceronis</span> <span class='ocrx_word' id='word_1_306' title='bbox 2362 4137 2607 4196; x_wconf 79' lang='lat' dir='ltr'>lectione</span> <span class='ocrx_word' id='word_1_307' title='bbox 2626 4138 2786 4215; x_wconf 86' lang='lat' dir='ltr'>judi-</span> 
     </span>
    </p>
   </div>
   <div class='ocr_carea' id='block_1_5' title="bbox 2979 4088 3074 4479">
    <p class='ocr_par' dir='ltr' id='par_1_6' title="bbox 2979 4092 3019 4449">
     <span class='ocr_line' id='line_1_35' title="bbox 2979 4092 3019 4449; textangle 90"><span class='ocrx_word' id='word_1_308' title='bbox 2997 4420 3008 4449; x_wconf 67' lang='grc' dir='ltr'>ι·</span> <span class='ocrx_word' id='word_1_309' title='bbox 2993 4310 3010 4381; x_wconf 55' lang='grc'>’.14</span> <span class='ocrx_word' id='word_1_310' title='bbox 2979 4266 3002 4279; x_wconf 42' lang='lat' dir='ltr'>x-</span> <span class='ocrx_word' id='word_1_311' title='bbox 2979 4228 2994 4237; x_wconf 55' lang='grc' dir='ltr'>ι</span> <span class='ocrx_word' id='word_1_312' title='bbox 2997 4184 3019 4207; x_wconf 48' lang='lat'>:⁴</span> <span class='ocrx_word' id='word_1_313' title='bbox 2995 4092 3016 4163; x_wconf 45' lang='lat'>‘10-</span> 
     </span>
    </p>

    <p class='ocr_par' dir='ltr' id='par_1_7' title="bbox 3005 4088 3074 4479">
     <span class='ocr_line' id='line_1_36' title="bbox 3005 4092 3048 4449; textangle 90"><span class='ocrx_word' id='word_1_314' title='bbox 3028 4442 3036 4449; x_wconf 87' lang='lat'><strong>.</strong></span> <span class='ocrx_word' id='word_1_315' title='bbox 3005 4240 3048 4293; x_wconf 49' lang='grc' dir='ltr'>,εἷ</span> <span class='ocrx_word' id='word_1_316' title='bbox 3017 4092 3028 4103; x_wconf 89' lang='lat'><em>·</em></span> 
     </span>
     <span class='ocr_line' id='line_1_37' title="bbox 3033 4088 3066 4479; textangle 90"><span class='ocrx_word' id='word_1_317' title='bbox 3033 4424 3052 4479; x_wconf 42' lang='grc' dir='ltr'>ἢν.</span> <span class='ocrx_word' id='word_1_318' title='bbox 3033 4334 3066 4387; x_wconf 56' lang='grc'>.-,</span> <span class='ocrx_word' id='word_1_319' title='bbox 3047 4198 3056 4207; x_wconf 45' lang='grc' dir='ltr'><strong>μ</strong></span> <span class='ocrx_word' id='word_1_320' title='bbox 3041 4088 3050 4095; x_wconf 62' lang='lat'><strong>·</strong></span> 
     </span>
     <span class='ocr_line' id='line_1_38' title="bbox 3065 4096 3074 4365; textangle 90"><span class='ocrx_word' id='word_1_321' title='bbox 3065 4360 3070 4365; x_wconf 88' lang='lat'>·</span> <span class='ocrx_word' id='word_1_322' title='bbox 3065 4096 3074 4105; x_wconf 73' lang='lat' dir='ltr'>a</span> 
     </span>
    </p>
   </div>
   <div class='ocr_carea' id='block_1_6' title="bbox 3176 2726 3190 3730">
    <p class='ocr_par' dir='ltr' id='par_1_8' title="bbox 3176 2726 3190 3730">
     <span class='ocr_line' id='line_1_39' title="bbox 3176 2726 3190 3730; baseline 0 0"><span class='ocrx_word' id='word_1_323' title='bbox 3176 2726 3190 3730; x_wconf 95' lang='lat' dir='ltr'> </span> 
     </span>
    </p>
   </div>
  </div>
 </body>
</html>
