3217 4784
789 414 914 481 DE
966 412 1139 481 FIN.
1188 410 1395 478 BoN.
1447 411 1561 478 ET
1614 409 1830 475 MAL.
1887 409 1990 493 11,
2049 429 2150 475 ιο.

2409 409 2539 502 189

508 532 652 598 Nec
682 542 924 599 tamen
963 540 1467 623 argumentum
1500 524 1641 594 hoc
1669 526 2023 619 Epicurus
2059 546 2099 592 a
2141 522 2374 618 parvis
2406 545 2533 618 pe·
2576 547 2639 598 3,

415 637 601 722 tivit,
657 651 782 707 aut
837 637 1047 707 etiam
1114 658 1156 704 a
1212 634 1492 719 bestiis,
1546 657 1709 730 quae
1771 648 1976 729 putat
2040 655 2196 703 esse
2249 633 2537 728 specula

412 759 684 841 naturae
700 756 791 827 ²⁰,
823 759 902 816 ut
932 740 1202 815 {liceret
1222 797 1241 828 ,
1279 741 1371 812 ab
1403 742 1552 825 his,
1586 741 1772 812 duce
1804 757 2094 829 natura,
2122 742 2310 813 hanc
2342 742 2541 812 volu-

409 869 679 950 ptatem
708 856 949 952 expeti
988 853 1169 923 nihil
1196 852 1506 923 dolendi.
1550 856 1808 947 Neque
1845 855 2038 923 enim
2075 853 2225 925 haec
2253 878 2541 924 movere

410 978 650 1060 potest
677 967 1075 1060 appetitum
1114 963 1370 1047 animi3
1411 986 1545 1032 nec
1575 962 1801 1031 ullum
1841 959 2060 1032 habet
2093 965 2354 1043 ictum,
2396 987 2541 1058 quo

411 1073 633 1170 pellat
660 1075 980 1143 animum
1009 1082 1307 1142 status-²¹
1343 1071 1459 1142 hic
1488 1095 1637 1140 non
1669 1068 1982 1140 dolendi.
2018 1074 2267 1168 Itaque
2300 1075 2372 1142 in
2407 1071 2544 1144 hoc

413 1181 671 1253 eodem
712 1197 953 1279 peccat
991 1183 1471 1279 Hieronymus
1490 1193 1578 1251 ²².
1621 1186 1710 1251 At
1739 1181 1856 1251 ille
1887 1178 2190 1279 pellit²³‚
2229 1184 2354 1279 qui
2388 1208 2544 1281 per-

412 1392 489 1422 ma
531 1374 779 1438 voluptate
796 1408 811 1433 ‚
847 1373 1136 1444 ἀναλγησὶᾳ,
1163 1371 1434 1438 proficisci-

412 1465 494 1502 tur
514 1476 558 1502 ··.
587 1455 698 1501 Boc
719 1454 1031 1502 certissimum
1054 1471 1179 1511 esse,
1203 1454 1277 1500 vel
1297 1470 1357 1500 ex
1377 1468 1436 1499 eo

412 1542 574 1596 patet,
614 1534 751 1596 quod
790 1532 933 1581 verba
974 1533 1200 1598 superius
1240 1532 1399 1596 posita
1419 1564 1435 1588 ,

413 1633 439 1652 ο
456 1611 754 1675 Simulatque
773 1624 937 1659 nutum
959 1612 1136 1660 animal
1155 1633 1205 1666 ..,
1232 1609 1294 1657 ad
1317 1624 1437 1655 cun-

413 1701 517 1748 cta,
537 1705 644 1753 quoe
667 1691 763 1738 vita
782 1691 1023 1745 fruuntur,
1050 1691 1311 1752 pertinent.
1353 1687 1431 1733 Cs.

415 1770 438 1815 1
454 1802 470 1827 ‚
502 1786 534 1832 9
550 1804 564 1826 ‚
591 1771 657 1817 3ο
680 1785 694 1819 :
723 1792 749 1813 ιι
769 1772 926 1815 Omne
946 1768 1124 1814 animal
1149 1765 1438 1827 simulatque

414 1858 581 1896 natum
622 1849 712 1909 sit,
755 1859 851 1894 etc.
872 1867 899 1889 ιο
934 1860 1160 1908 expresse
1205 1845 1348 1890 etiam
1386 1843 1438 1889 in

416 1926 653 1987 proximis
681 1924 711 1989 S
737 1941 838 1987 seq.
859 1923 1000 1988 parvi
1022 1939 1047 1969 n
1076 1921 1236 1970 bestiis
1260 1921 1435 1968 distin-

417 2014 646 2065 guuntur.
692 2003 993 2051 Brevissimis
1028 2014 1187 2050 nutem
1223 2001 1274 2048 h.
1316 2001 1353 2050 l.
1381 1999 1439 2047 fit

416 2078 677 2127 bestiarum
709 2082 917 2140 mentio,
950 2082 1132 2144 quippe
1159 2080 1220 2128 de
1260 2080 1439 2143 quibus

416 2156 549 2222 533.
576 2158 723 2205 Unde
749 2158 871 2205 nihil
896 2158 1037 2205 nobis
1062 2158 1296 2221 reliquum
1317 2158 1437 2222 fuit,

420 2252 565 2301 quam
612 2248 666 2284 ut
710 2237 901 2284 veritati
945 2238 1222 2284 cederemus
1237 2271 1251 2294 ‚
1295 2248 1438 2299 atque

417 2315 560 2364 aliud
588 2316 667 2364 edi
696 2316 990 2377 juberemus.
1018 2317 1238 2365 Ceterum
1273 2332 1336 2362 ne
1366 2315 1438 2361 of·

419 2394 583 2442 fendat
611 2407 681 2441 ee.
703 2430 717 2443 .
740 2420 788 2443 a
812 2427 825 2441 .
860 2410 956 2441 non
973 2428 987 2451 ,
1007 2410 1160 2457 quum
1195 2409 1283 2440 nec
1323 2393 1440 2455 poni

419 2474 690 2538 potuisset:
718 2489 908 2537 semper
930 2474 1058 2521 enim
1084 2475 1154 2519 sic
1183 2483 1372 2523 auctor.
1399 2472 1441 2518 si

420 2552 473 2599 in
488 2553 747 2617 negatione
773 2552 845 2599 vis
868 2551 1097 2599 cernitur.
1123 2554 1275 2598 Prave
1296 2550 1439 2598 etiam

419 2630 598 2694 vulgo,
629 2643 741 2679 ante
774 2647 886 2694 quoe
913 2641 983 2678 est
1014 2629 1162 2678 colon
1193 2631 1441 2694 positum,

419 2709 555 2771 quod
597 2725 709 2756 cnm
754 2708 943 2770 virgula
992 2709 1437 2756 commutavimus:

419 2804 530 2834 nam
562 2802 787 2835 «summa
830 2787 918 2832 ista
957 2787 1224 2851 voluptas»
1263 2788 1441 2835 intelli-

421 2867 566 2930 gitur,
580 2882 689 2929 quai
712 2864 924 2928 Epicuro
941 2865 993 2912 in
1010 2865 1278 2914 indolentia
1296 2867 1440 2931 poni·

423 2946 698 2993 tun—Nec
719 2955 881 2990 tanuen
902 2959 993 3006 pro
1011 2944 1111 2991 Sed
1127 2956 1290 2992 menen
1310 2963 1407 2993 non
1424 2982 1439 3003 ,

424 3025 703 3087 frtquenter
728 3033 918 3070 auctor.
939 3025 1087 3087 Legg.
1117 3027 1165 3071 11
1181 3059 1195 3082 ‚
1229 3041 1292 3072 2²
1308 3060 1322 3081 ‚
1342 3027 1408 3093 57
1430 3040 1444 3074 :

423 3125 449 3145 ιι
466 3103 569 3151 Nec
596 3114 756 3150 tamen
775 3113 886 3149 ante
904 3103 1176 3166 sepulcrum
1197 3115 1286 3160 est,
1302 3121 1445 3167 quam

418 3184 549 3244 justa
568 3182 692 3229 sacta
706 3192 782 3240 ‚et
795 3197 974 3244 corpus
994 3181 1232 3243 ingestum
1247 3193 1316 3229 est
1328 3205 1368 3231 n.
1380 3186 1446 3232 G.

438 3272 445 3275 “
496 3276 581 3309 oo.
611 3265 889 3325 Quoeputat
904 3275 1002 3307 esse
1020 3261 1219 3324 specula
1238 3273 1446 3317 natur-er,

423 3339 506 3387 Ad
549 3355 663 3404 quoe
710 3340 870 3403 cogita
910 3354 1089 3401 parvos
1142 3349 1190 3386 et
1238 3336 1412 3388 bestias
1431 3377 1447 3403 ,

425 3419 658 3478 relativo,
684 3433 842 3482 graeco
865 3417 986 3474 ritu,
1011 3416 1197 3489 adiseq.
1223 3417 1419 3481 specula
1435 3455 1450 3480 ‚

422 3509 479 3547 ut
500 3514 629 3564 saepe
645 3532 662 3558 ‚
679 3507 867 3562 aptat03
888 3497 955 3544 cf.
976 3497 1133 3543 Brem.
1160 3494 1222 3543 de
1241 3500 1375 3554 Fato,
1397 3501 1447 3552 1,

424 3595 478 3643 p.
503 3585 552 3634 4.
577 3577 757 3641 Quoad
777 3592 876 3624 rem
897 3575 1116 3623 similiter
1139 3576 1262 3623 infra
1283 3578 1345 3634 V,
1364 3591 1445 3632 υ,

424 3659 487 3705 61
518 3671 532 3706 ε
565 3680 591 3700 ιι
612 3655 834 3704 Iudicsnt
861 3654 997 3719 pueri
1020 3666 1035 3701 τ
1070 3655 1121 3701 in
1149 3653 1327 3717 quibus
1348 3688 1363 3713 ‚
1392 3666 1446 3703 ut

422 3738 474 3785 iu
522 3736 760 3801 speculis,
798 3744 968 3782 natura
1017 3733 1230 3782 cernitur
1256 3756 1297 3783 n.
1351 3735 1446 3782 Sed

422 3815 616 3864 videtur
656 3824 824 3862 nostro
863 3814 976 3861 loco
1017 3812 1276 3860 verborum
1322 3828 1441 3861 con·

427 3905 588 3942 textus
611 3894 811 3940 innuere
828 3929 842 3952 ,
870 3891 932 3939 ab
956 3891 1173 3955 Epicuro
1197 3892 1307 3956 ipso
1336 3907 1445 3940 vere

424 3988 630 4037 parvos,
672 3982 720 4019 et
764 3971 940 4020 bestias
957 4005 977 4032 2
1017 3968 1226 4037 (compe.
1268 3968 1446 4038 φύσεως

427 4067 530 4099 esse
565 4051 850 4117 appellatos.
892 4051 1042 4113 Quod
1077 4052 1120 4099 si
1159 4060 1258 4107 est,
1301 4050 1447 4098 debet

431 4127 551 4176 alter
565 4128 702 4177 locus
720 4129 781 4177 ab
799 4130 1015 4193 Epicuro
1039 4129 1252 4177 imitatus
1269 4130 1445 4192 putari.

1523 1373 1700 1420 Sensus
1719 1372 1870 1420 totius
1895 1370 2249 1418 sententiae·hic
2277 1383 2379 1422 est:
2408 1395 2433 1416 α
2453 1376 2545 1422 sed

1522 1460 1683 1498 tamen
1712 1451 1951 1514 Epicurus
1972 1448 2068 1495 hoc
2092 1462 2427 1511 argumentum
2447 1470 2548 1502 uon

1524 1530 1588 1577 ita
1626 1546 1652 1576 a
1686 1530 1878 1590 parvis,
1909 1539 1958 1575 et
1993 1526 2219 1574 bestiis..
2242 1564 2253 1575 .
2290 1529 2458 1589 duxit,
2492 1543 2547 1580 ut

1522 1617 1781 1661 statueret,
1813 1605 1876 1652 ab
1910 1604 1985 1651 his
2014 1617 2199 1652 nature
2229 1606 2378 1655 ductu
2406 1608 2549 1659 ἀναλ-

1522 1681 1693 1752 γησίαν
1707 1683 1897 1745 expeti:
1921 1699 2031 1730 nam
2049 1683 2152 1730 haec
2172 1694 2303 1732 stans
2326 1688 2547 1752 voluptas

1525 1777 1684 1825 neque
1724 1763 1969 1826 appetitus
2010 1762 2221 1810 excitare
2266 1763 2420 1823 valet,
2459 1781 2549 1814 nec

1523 1850 1676 1889 status
1700 1839 1782 1888 ille
1805 1840 2086 1888 indolentiae
2111 1841 2265 1890 ullum
2289 1844 2548 1907 impulsum

1521 1919 1763 1978 admittit,
1799 1936 1901 1982 quo
1928 1919 2109 1983 impelli
2148 1920 2338 1967 animus
2379 1925 2547 1985 possit.

1526 2001 1698 2047 Peccat
1732 1999 1900 2062 igitur,
1929 2008 2020 2045 etc.
2044 2020 2068 2039 υ
2097 2001 2158 2047 G.

1597 2093 1658 2124 αι
1673 2112 1686 2125 .
1709 2079 1814 2124 Nec
1832 2076 1980 2125 ullum
2003 2076 2151 2124 habet
2168 2078 2313 2125 ictum
2328 2114 2340 2125 .
2363 2112 2375 2125 .
2397 2117 2410 2129 .
2441 2081 2546 2126 ani·

1525 2173 1652 2204 mum
1671 2167 1845 2205 status.
1861 2156 1940 2205 At.
1957 2155 2091 2203 illum
2117 2156 2546 2220 legunt.—Ieemn.

1526 2224 1688 2301 ὁρμὴν
1731 2235 1940 2293 Graecis3
1980 2234 2042 2282 de
2077 2252 2162 2293 eo,
2203 2237 2340 2301 quod
2385 2255 2551 2286 seusus

1527 2314 1702 2360 acriter
1730 2329 1957 2370 movens,
1996 2314 2280 2363 vividiorcm
2311 2318 2359 2364 in
2388 2319 2551 2366 animo

1526 2390 1889 2453 impressionem
1927 2392 2055 2441 facit.
2100 2394 2208 2454 Qua
2246 2410 2366 2443 voce
2401 2399 2552 2444 utitur

1526 2471 1800 2533 frequenter
1827 2472 2038 2530 Seneca3
2074 2471 2137 2517 cf.
2172 2470 2304 2520 hunc
2335 2491 2376 2521 ν.
2418 2491 2463 2523 c.
2492 2476 2550 2525 de

1527 2551 1630 2604 Ira,
1662 2551 1813 2610 11‚2‚
1848 2550 1907 2604 3,
1943 2555 2002 2604 4.
2037 2560 2131 2597 etc.
2162 2552 2337 2615 Scripti
2358 2570 2554 2619 quoque

1527 2628 1684 2674 nostri
1730 2627 1891 2675 anim
1928 2638 2104 2675 statum
2150 2630 2362 2679 referunt
2402 2649 2415 2682 :
2468 2635 2552 2681 sed

1528 2707 1722 2769 vulgata
1770 2716 1841 2753 est
1879 2708 2120 2755 verissima
2145 2743 2160 2765 ‚
2207 2726 2355 2773 quum
2392 2724 2554 2760 statuas

1528 2801 1717 2849 semper
1728 2784 1788 2832 de
1802 2785 2083 2834 conditione
2101 2786 2236 2836 firma
2253 2801 2477 2852 ponatur.
2490 2793 2550 2837 G.

1602 2881 1688 2912 αα.
1717 2865 2033 2927 Hieronymus
2052 2878 2211 2915 sutem
2231 2869 2344 2915 inde
2357 2882 2554 2932 peccat,

1529 2944 1669 3009 quod
1706 2961 1946 2993 summum
1979 2945 2166 2992 bonum
2203 2946 2254 2992 in
2286 2947 2388 2993 sola
2420 2947 2555 2993 indo·

1530 3023 1683 3071 leucia
1704 3025 1914 3087 positum
1938 3022 2165 3086 putabatz
2189 3024 2253 3070 cf.
2271 3022 2304 3086 S
2330 3024 2375 3070 8.
2403 3025 2461 3070 G.

1605 3101 1690 3150 23.
1715 3108 1782 3150 At
1797 3103 1879 3150 ille
1891 3099 2043 3164 pellit.
2064 3103 2121 3146 In
2145 3100 2221 3148 his
2239 3113 2367 3149 recte
2388 3104 2553 3151 navis.

1531 3192 1711 3228 stanam
1726 3180 1931 3241 cogitat,
1954 3178 2193 3240 probante
2212 3179 2367 3227 Brem.
2407 3182 2556 3228 Prave

1533 3258 1616 3305 ulii
1663 3256 1808 3303 ictum
1857 3255 2134 3320 intelligunt
2174 3271 2188 3306 :
2231 3258 2371 3321 peius
2411 3261 2554 3307 etiam

1534 3336 1699 3383 Lamb.
1722 3357 1749 3378 σι
1768 3335 1846 3382 illa
1865 3351 2000 3398 quoe.
2019 3372 2033 3385 .
2055 3369 2071 3384 .
2098 3336 2322 3402 voluptas
2342 3360 2367 3380 ιο
2385 3337 2447 3387 de
2465 3356 2555 3387 suo

1535 3416 1756 3479 corrigit.
1777 3415 1828 3464 Si
1840 3427 2002 3465 autem
2016 3418 2173 3464 Brem.
2190 3429 2320 3466 statu
2339 3419 2554 3468 animum

1535 3496 1605 3542 sic
1628 3494 1814 3558 impelli
1833 3494 1977 3555 dicit,
2004 3505 2057 3542 ut
2081 3495 2208 3543 idem
2238 3513 2336 3545 non
2365 3499 2480 3546 forti
2508 3511 2554 3547 et

1539 3571 1811 3621 vehementi
1845 3576 1984 3639 quasi
2015 3576 2358 3641 impressione,
2389 3579 2473 3627 sed
2501 3597 2555 3629 en

1534 3666 1840 3716 quacumque
1857 3653 2112 3714 afficiatur,
2142 3656 2316 3706 dubito
2336 3674 2398 3706 an
2426 3670 2556 3708 recte

1534 3730 1697 3778 locum
1754 3735 1936 3797 ceperit
1957 3767 1972 3789 ‚
2033 3736 2170 3796 cujus
2221 3752 2391 3785 seusus
2449 3750 2554 3788 est:

1535 3812 1742 3857 «Status
1778 3810 2059 3862 indolentiae
2093 3813 2200 3862 talis
2240 3827 2342 3874 est,
2369 3817 2422 3864 in
2456 3834 2556 3881 quo

1536 3905 1637 3937 nou
1682 3890 1838 3953 possit
1871 3893 2062 3940 animus
2105 3892 2281 3942 fortius
2325 3896 2552 3960 impelli:

1534 3980 1583 4017 at
1635 3969 1783 4034 (nam
1823 3971 1896 4018 vel
1937 3972 1988 4019 in
2029 3971 2300 4022 indolentia
2336 3987 2560 4024 movetur

1534 4049 1752 4109 animus,
1781 4050 1850 4097 sic
1874 4061 2059 4109 tamen,
2086 4064 2140 4100 ut
2153 4060 2284 4101 ‘statu
2305 4069 2395 4101 suo
2414 4055 2554 4116 quie·

1541 4138 1591 4174 to
1646 4143 1747 4174 non
1800 4128 2031 4191 excidat)
2086 4141 2238 4178 status
2295 4132 2559 4194 voluptatis
