3217 4784
604 450 746 534 444

1277 449 1374 515 Μ.
1425 448 1501 513 Τ.
1556 440 2051 513 CICERONIS

602 597 720 643 res
760 572 835 640 in
880 583 1119 667 partes
1161 565 1546 653 dividatur,
1588 563 1664 634 id
1705 577 1777 634 et
1813 559 1895 632 fit
1946 557 2038 631 ab
2084 557 2261 645 illis,
2307 570 2416 643 et,
2475 578 2737 651 quem-

604 678 998 753 admodum
1034 677 1192 748 fieri
1215 689 1581 774 oporteat,
1621 669 1950 744 traditur.
1983 674 2166 740 Item
2197 664 2289 736 de
2317 664 2735 736 contrariis:

608 819 649 866 a
675 780 971 890 quibus3
1006 786 1099 858 ad
1130 811 1394 885 genera
1412 842 1431 873 ,
1459 784 1871 880 formasque
1892 800 2241 879 generum
2262 772 2736 845 devenerunt.

605 906 759 973 Jam
797 898 1231 995 argumenti,
1274 898 1556 969 ratione
1600 891 1964 977 conclusi,
2012 899 2230 984 caput
2269 908 2420 955 esse
2464 881 2740 954 faciunt

608 1036 730 1098 ea,
766 1032 927 1106 quae
956 1010 1327 1106 perspicua
1358 1006 1661 1079 dicunt4
1697 1031 1713 1073 ε
1760 998 2023 1073 deinde
2052 990 2388 1070 ordinEm
2424 1018 2739 1092 sequun-

608 1110 816 1193 tux-⁵:
849 1134 1044 1207 tum,
1073 1118 1252 1216 quid
1290 1141 1544 1189 verum
1589 1117 1680 1187 sit
1719 1115 1794 1183 in
1833 1109 2172 1208 singulis,
2210 1123 2527 1179 extrema
2564 1128 2740 1176 con-

541 1259 576 1308 9
612 1230 840 1302 clusio
884 1243 1013 1301 est.
1058 1233 1348 1320 Quanta
1389 1241 1631 1298 autem
1673 1221 1764 1294 ab
1809 1220 1945 1292 illis
1998 1222 2302 1290 varietas
2358 1239 2742 1314 argumen-

613 1355 892 1427 torum,
936 1343 1218 1427 ratione
1269 1333 1895 1418 concludentium,
1952 1352 2356 1424 eorumque
2409 1351 2574 1398 cum
2627 1349 2742 1397 ca-

612 1450 863 1547 ptiosis
897 1442 1589 1545 interrogationibus
1625 1439 2131 1515 dissimilitudo
2158 1434 2236 1508 ⁶?
2264 1436 2460 1528 Quid
2485 1492 2504 1528 ,
2542 1436 2744 1533 quod

685 1654 734 1701 3.
767 1654 816 1700 A
840 1651 1012 1718 quibus
1041 1686 1055 1700 .
1076 1685 1090 1698 .
1112 1684 1126 1698 .
1170 1650 1479 1700 devenerunt.
1500 1651 1636 1699 Goer.

614 1732 784 1781 scribit
836 1742 1080 1779 venerunt
1114 1765 1129 1787 ‚
1191 1741 1427 1794 notatque
1466 1746 1481 1777 e
1536 1731 1636 1778 Da—

614 1814 704 1861 vis.
728 1826 789 1859 ex
811 1822 1024 1875 quatuor
1047 1810 1147 1858 suis
1160 1842 1175 1868 ,
1194 1819 1244 1857 et
1260 1809 1546 1858 Victoriana
1563 1809 1637 1857 sic

615 1906 709 1956 pro
734 1890 930 1954 vulgata
953 1889 1261 1940 devenerunt.
1287 1891 1356 1936 At
1383 1889 1504 1936 Em.
1537 1888 1637 1936 hoc

614 1971 839 2031 retraxit,
865 1986 1015 2035 quum
1029 1986 1055 2017 a
1077 1967 1331 2017 contrariis
1347 1967 1411 2014 ad
1430 1982 1602 2032 genera
1618 2002 1634 2023 ,

617 2050 678 2098 ab
697 2051 869 2115 hisque
903 2048 969 2097 sd
994 2047 1376 2097 horum'forruns
1404 2062 1525 2094 uere
1555 2046 1640 2094 de-

616 2128 892 2176 scendatur.
918 2126 1015 2175 Sed
1038 2143 1132 2174 nos
1155 2141 1394 2189 nusquam
1416 2147 1441 2167 α
1458 2124 1520 2173 ab
1545 2126 1638 2175 ali-

618 2222 718 2268 quo
758 2204 824 2253 ad
867 2204 1057 2268 aliquid
1087 2204 1311 2252 devenire
1336 2225 1361 2246 ι·
1401 2214 1642 2253 structum

614 2284 840 2347 legimus,
871 2298 1062 2348 semper
1103 2283 1256 2332 verbo
1291 2284 1500 2349 simplici
1527 2300 1543 2346 ;
1591 2295 1643 2332 et

616 2362 773 2411 nostri
817 2362 965 2413 codd.
1016 2379 1184 2412 omnes
1199 2398 1216 2423 ‚
1271 2380 1383 2413 cum
1425 2364 1643 2428 quinque

621 2447 788 2492 Oxou.
822 2443 968 2492 Vien.
992 2445 1142 2494 Mars.
1168 2444 1298 2493 Crat.
1318 2443 1522 2508 aliique
1544 2444 1642 2490 im·

619 2523 794 2587 pressis
824 2532 945 2572 vett.
970 2524 1067 2571 hoc
1093 2522 1470 2587 amplectuntur.
1505 2521 1643 2570 Nihil

618 2602 770 2666 igitur
807 2600 1138 2649 dubitavimus
1180 2601 1433 2665 probatius
1469 2602 1641 2665 sequi,

619 2679 1071 2742 compositumque,
1105 2690 1163 2726 ut
1199 2694 1227 2725 a
1257 2678 1521 2726 scribarum
1563 2695 1642 2728 sa-

626 2757 807 2823 pientia
828 2757 1129 2822 profectum,
1157 2756 1374 2817 rejicere.

693 2845 743 2893 4.
762 2834 1049 2901 Argumenti
1073 2867 1086 2882 .
1106 2872 1120 2884 .
1142 2869 1157 2884 .
1179 2844 1326 2898 eaput
1342 2850 1439 2882 esse
1439 2834 1649 2900 jaciunt

622 2933 683 2964 ea
696 2950 712 2972 ,
749 2932 863 2980 quoe
870 2913 1136 2980 perspicua
1162 2913 1342 2961 dicunt.
1360 2915 1518 2962 Brem.
1536 2913 1648 2962 infl-

620 2997 714 3045 nit.
738 3011 839 3044 esse
852 2994 984 3043 salva
1010 2993 1250 3042 latinitate
1267 3008 1333 3040 an
1345 3005 1470 3041 stare
1489 2995 1647 3056 possit

622 3076 674 3122 in
699 3091 789 3124 nn.
813 3091 877 3124 ss.
919 3072 1128 3122 dubitat.
1161 3071 1256 3121 Sed
1282 3073 1348 3121 cf.
1371 3072 1437 3123 N.
1464 3073 1531 3123 D.
1561 3076 1611 3121 11
1631 3109 1647 3132 ,

626 3155 692 3203 30
710 3190 726 3217 ‚
755 3152 855 3205 8&
880 3176 907 3197 ιι
931 3155 1037 3218 Age
1065 3162 1113 3201 et
1138 3152 1215 3201 bis
1238 3152 1493 3201 vocabulis
1527 3152 1647 3202 deos

623 3250 725 3281 esse
752 3234 1006 3292 faciamus,
1034 3232 1214 3296 quibus
1245 3248 1271 3279 a
1311 3232 1457 3281 nobis
1489 3234 1649 3287 nomi-

623 3324 802 3361 nantur
816 3336 856 3362 a.
877 3312 1161 3362 Notandum
1180 3312 1307 3359 enim
1325 3323 1397 3360 est
1409 3312 1612 3376 ,sineere
1629 3350 1645 3377 ,

621 3392 819 3440 infinito
845 3403 1064 3456 tempore
1081 3390 1285 3449 addito,
1323 3391 1394 3438 sic
1422 3393 1572 3457 poni,
1591 3403 1649 3441 ut

605 3470 824 3538 fingere,
837 3482 1035 3533 putare,
1053 3480 1282 3528 statuere,
1307 3479 1399 3517 etc.
1415 3486 1509 3534 pro
1527 3487 1650 3519 con-

624 3558 870 3596 textorum
886 3556 1057 3595 teuore
1074 3546 1245 3597 valeat.
1266 3549 1332 3596 N.
1348 3549 1411 3597 D.
1424 3551 1466 3607 l,
1488 3550 1536 3606 8,
1558 3563 1648 3614 19:

626 3625 855 3689 ..Quibus
877 3626 1006 3674 enim
1031 3625 1190 3674 oculis
1215 3627 1362 3675 animi
1390 3628 1552 3692 potuit
1573 3629 1652 3675 in-

627 3706 748 3754 tueri
776 3716 934 3753 vester
958 3705 1096 3753 Plato
1114 3704 1346 3754 fabricam
1372 3702 1503 3754 illam
1526 3707 1651 3755 tanti

624 3786 817 3851 operis,
858 3800 954 3848 qua
994 3786 1210 3832 construi
1263 3801 1292 3832 a
1332 3787 1466 3845 Deo,
1504 3796 1649 3849 atque

625 3864 858 3915 aedificari
885 3864 1119 3913 mnndum
1148 3866 1265 3913 facit
1278 3887 1320 3915 ιι.
1346 3866 1540 3915 Acadd.
1569 3869 1648 3926 11,

627 3964 726 4006 αα,
765 3962 865 4007 70,
901 3966 927 3986 ι
957 3944 1078 4006 quid
1106 3946 1129 3992 ἲ
1176 3956 1341 4004 erant,
1384 3945 1471 4010 qui
1509 3946 1650 3994 illum

625 4026 793 4090 gloriae
813 4040 955 4073 cansa
971 4023 1184 4071 facerent
1194 4041 1385 4089 sperare
1397 4046 1418 4066 ι
1433 4061 1447 4074 .
1466 4025 1647 4073 Eadem
1663 4066 1670 4087 ,

626 4108 815 4154 ratione
842 4104 1019 4152 Graeci.
1041 4104 1104 4151 G.

700 4188 747 4234 5.
774 4185 961 4236 Deinde
988 4185 1094 4233 ord.
1117 4196 1399 4250 sequuntur,
1419 4195 1512 4235 etc.
1534 4185 1649 4236 Em.

1722 1649 1809 1714 qui
1828 1647 1926 1696 hoc
1947 1646 2063 1696 loco
2081 1645 2277 1711 querit,
2290 1644 2513 1709 quisnam
2529 1643 2652 1692 ordo
2672 1645 2750 1694 in·

1721 1726 2015 1792 telligendus
2027 1726 2109 1786 sit,
2124 1736 2172 1775 et
2190 1725 2334 1774 simul
2357 1725 2417 1773 de
2437 1724 2750 1788 ambiguitate

1721 1808 2053 1871 conqueritur,
2070 1820 2244 1871 perum
2264 1803 2371 1875 haec
2389 1813 2625 1852 contexta
2644 1819 2751 1868 per-

1722 1887 1911 1953 cepisse
1933 1885 2140 1933 videtur.
2150 1907 2176 1927 u
2189 1888 2543 1948 Argumentum
2560 1883 2752 1930 ratione

1722 1966 2009 2013 conclusum
2029 1986 2056 2008 υ
2101 1974 2175 2013 est
2212 1959 2519 2032 συλλογισμὸς
2553 1996 2570 2021 ,
2611 1962 2752 2023 cujus

1723 2045 1879 2105 maior
1904 2044 2181 2108 propositio
2212 2052 2365 2107 eaput
2383 2043 2574 2089 auctori
2599 2056 2749 2088 voca-

1725 2135 1807 2172 tur
1825 2140 1840 2181 ς
1862 2123 1979 2173 alias
1989 2122 2203 2187 pn'mum
2224 2120 2439 2186 appellat
2462 2119 2654 2168 Acadd.
2673 2121 2753 2181 11,

1728 2218 1789 2253 π
1811 2237 1828 2264 ,
1847 2204 1912 2265 67
1930 2238 1944 2262 ,
1963 2219 2067 2267 seq.
2086 2194 2755 2268 Haecperspicuastrpddnka,

1725 2284 1981 2332 continere
2002 2281 2148 2331 debet
2164 2316 2179 2337 .
2211 2281 2245 2330 i.
2269 2297 2316 2330 e.
2342 2276 2408 2330 τὰ
2426 2278 2615 2331 αὐτόθεν
2634 2279 2751 2329 ὑπο·

1724 2359 1966 2413 πίπτοντα
1993 2361 2099 2417 ταῖς
2118 2377 2172 2411 τι
2192 2356 2430 2413 αἰσθήσεσι
2455 2356 2540 2409 καὶ
2560 2362 2620 2424 τῇ
2643 2354 2755 2409 δια-

1726 2439 1860 2508 νοίᾳ,
1886 2443 1952 2490 cf.
1967 2444 2104 2491 Sext.
2128 2440 2271 2504 Emp.
2292 2439 2749 2504 V111,adv.1.ogic.

1727 2525 1779 2569 11
1798 2558 1814 2582 ,
1851 2538 1904 2585 p.
1952 2530 2068 2578 141.
2105 2523 2164 2568 In
2213 2520 2554 2585 propositione
2578 2518 2754 2568 deinde

1728 2601 1918 2651 minore
1942 2599 2164 2647 ordinem
2190 2599 2516 2663 sequebantur
2544 2613 2560 2646 z
2597 2598 2649 2649 id
2677 2608 2752 2644 est

1728 2689 1953 2729 accurate
1995 2694 2101 2727 eom
2143 2694 2255 2727 cum
2291 2680 2474 2741 maiore
2508 2678 2753 2726 cohaeren-

1731 2773 1825 2810 tem
1837 2795 1851 2819 ,
1877 2770 1929 2808 et
1948 2775 2008 2808 ex
2022 2775 2078 2807 ea
2097 2769 2479 2822 consequentem
2500 2756 2756 2818 volebant3

1730 2839 1861 2888 unde
1914 2854 2071 2903 graece
2125 2837 2411 2905 συνημμένον
2427 2874 2441 2898 ,
2497 2834 2718 2904 ἑπόμενυν
2741 2872 2757 2894 ,

1731 2915 2032 2968 mannaim
2061 2918 2286 2985 (λῆιμα)
2311 2916 2600 2983 appellatur.
2627 2917 2760 2966 con-

1733 2997 1889 3045 clusio
1912 2997 2126 3061 denique
2140 3031 2155 3056 ,
2182 2996 2320 3061 quod
2342 2997 2397 3045 in
2416 3008 2624 3061 utreque
2642 3009 2762 3057 pro-

1730 3077 1978 3143 positione
2019 3076 2038 3140 (
2062 3086 2235 3125 suctor
2274 3077 2395 3125 dicit
2439 3076 2488 3124 in
2516 3071 2714 3139 singulis
2742 3105 2759 3131 ,

1735 3154 2004 3225 ἑκατέροις)
2020 3192 2035 3217 ,
2055 3167 2304 3221 sumptum
2324 3165 2424 3203 erat
2440 3187 2455 3213 ,
2472 3168 2640 3200 verum
2657 3166 2762 3200 esso

1733 3236 1942 3300 colligit.
1973 3236 2038 3283 G.

1804 3317 1853 3364 6.
1883 3317 2083 3379 Quanta
2107 3324 2297 3363 autem.
2318 3346 2330 3360 .
2352 3347 2365 3360 .
2390 3309 2762 3359 dissirnilieudo?

1735 3394 1894 3443 Vertit
1931 3395 2058 3459 iutp.
2082 3393 2285 3459 gallicus
2314 3406 2329 3440 :
2369 3392 2431 3439 Ee
2449 3390 2514 3439 de
2538 3387 2757 3436 combiem

1734 3473 1798 3521 de
1831 3485 1982 3521 sortes
2013 3473 2332 3538 d'argumetts
2377 3470 2502 3518 done
2545 3485 2609 3516 on
2640 3479 2763 3532 peuce

1735 3554 1852 3601 tie-er
1876 3554 1939 3601 de
1954 3553 2111 3619 justes
2132 3550 2433 3601 conclusione
2447 3585 2462 3609 ,
2490 3565 2552 3596 ne
2569 3549 2767 3597 sont-ils

1726 3649 1825 3697 pas
1852 3644 2052 3681 auteurs
2070 3637 2099 3679 θ
2116 3647 2180 3679 ne
2205 3647 2330 3679 nous
2354 3626 2530 3677 ont-1⁶15
2552 3644 2646 3693 pas
2674 3644 2765 3693 ap-

1730 3710 1833 3777 pris
1850 3711 1884 3759 ὰ
1900 3711 1967 3759 les
1989 3708 2254 3776 distinguer
2274 3710 2360 3757 des
2380 3707 2767 3771 interrog-atium

1735 3789 2046 3854 captieuses?
2068 3789 2164 3838 Sed
2201 3788 2479 3836 dubitamus
2506 3801 2570 3832 an
2598 3786 2661 3833 sit
2682 3785 2768 3834 hic

1738 3885 1878 3917 verns
1912 3883 2107 3931 sensus;
2142 3867 2258 3931 quia
2285 3865 2590 3913 constructio
2619 3863 2767 3925 jubet

1737 3964 1910 3997 vocem
1939 3958 2131 4012 quanta
2167 3956 2277 3993 suto
2310 3941 2649 3992 dissimilitudo
2677 3960 2767 3990 co·

1738 4029 1976 4091 gitatione
2025 4024 2178 4092 repeti
2193 4058 2208 4081 ‚
2256 4033 2312 4071 ut
2333 4066 2344 4072 -
2360 4023 2507 4071 uobis
2547 4024 2771 4073 videatur

1739 4118 1908 4155 auctor
1927 4124 1980 4155 ea
2000 4112 2277 4168 argumenta
2302 4119 2559 4170 opponere
2581 4104 2780 4154 stoice».

1742 4202 1847 4234 rum
1880 4182 2374 4248 interrogatiunculis.
