3217 4784
709 367 846 440 302

1388 370 1485 436 M.
1539 370 1617 435 T.
1672 368 2164 438 CICERONIS

709 506 782 564 et
814 488 1128 577 homini,
1153 491 1280 586 qui
1308 489 1563 559 ceteris
1590 486 2502 585 animantibusplurimum
2535 502 2849 586 praestat‚

712 599 1057 700 praecipui
1089 622 1130 669 a
1156 611 1417 668 natura
1453 591 1719 668 nihi1¹⁶
1755 596 2007 669 datum
2047 621 2199 668 esse
2240 596 2608 669 dicemus?

808 712 1130 780 XXXIV.
1186 710 1335 778 Nos
1384 731 1603 795 vero,
1652 710 1709 779 si
1769 706 2064 806 quidem
2126 711 2204 778 in
2251 709 2622 806 voluptate
2674 723 2853 779 sunt

714 821 992 906 omnia,
1044 817 1261 915 longe
1303 817 1769 917 multumque
1809 844 2238 919 superamur
2274 844 2315 891 a
2350 819 2641 907 bestiis3
2680 819 2853 916 qui-

713 932 854 1005 bus
887 932 1041 1027 ipsa
1076 942 1266 1000 terra
1300 926 1545 1000 fundit
1577 955 1668 1002 ex
1706 954 1860 1001 sese
1903 945 2151 1028 pastus
2198 932 2462 1017 varios,
2502 931 2849 1027 varieque

714 1041 1172 1116 abundantes
1190 1052 1212 1086 ¹
1250 1041 1434 1111 nihil
1461 1039 2008 1113 laborantibus:
2039 1040 2253 1113 nobis
2280 1055 2524 1112 autem
2553 1055 2678 1111 aut
2706 1041 2851 1127 vix,

715 1168 841 1227 aut
864 1178 961 1224 ne
986 1153 1106 1222 vix
1140 1151 1436 1248 quidem
1458 1163 1513 1240 ²,
1546 1165 1952 1251 suppetunt
1981 1153 2214 1224 multo
2247 1152 2494 1225 labore
2526 1175 2851 1249 quaeren-

718 1264 933 1338 tibus.
987 1265 1137 1335 Nec
1172 1275 1417 1334 tamen
1453 1262 1605 1335 ullo
1651 1261 1875 1334 modo
1928 1287 2298 1333 summum
2337 1254 2681 1361 pecudis³
2715 1260 2855 1332 bo-

718 1399 896 1448 num
919 1428 938 1460 ,
971 1387 1043 1444 et
1078 1370 1428 1461 hominis,
1459 1372 1657 1445 idem
1688 1372 1870 1443 mihi
1894 1370 2120 1443 videri
2145 1384 2407 1468 potest.
2436 1371 2632 1463 Quid
2661 1372 2853 1444 enim

720 1500 925 1559 tanto
966 1507 1154 1581 opus
1191 1497 1301 1555 est
1332 1481 1872 1554 instrumento⁴
1916 1485 1993 1552 in
2030 1482 2326 1580 optimis
2361 1479 2640 1553 artibus
2664 1504 2858 1552 com-

796 1740 817 1770 ι
827 1721 877 1771 6.
915 1715 1174 1785 Proecipui.
1188 1753 1201 1765 .
1216 1752 1230 1765 .
1241 1715 1379 1764 nihil.
1395 1717 1577 1782 Scripti
1591 1718 1750 1766 nostri

725 1813 935 1868 quatuor
979 1817 1089 1849 cum
1131 1796 1339 1846 totidem
1384 1797 1751 1846 oxoniensibus

723 1881 996 1947 praecipue,·
1016 1895 1106 1927 nec
1124 1892 1263 1925 secus
1282 1877 1434 1924 Mars.
1465 1876 1598 1926 cm.
1622 1875 1749 1926 alite.

730 1960 862 2011 Gud.
890 1976 935 2017 1,
948 1957 1263 2023 Rroecipuum.
1296 1954 1393 2004 Sed
1412 1971 1474 2003 ne
1500 1955 1751 2018 vulgatum

732 2042 846 2090 inde
876 2040 1037 2086 minus
1071 2051 1240 2083 verum
1272 2045 1418 2099 putes
1448 2050 1462 2083 ε
1487 2034 1558 2082 sic
1591 2034 1755 2083 solent

732 2113 1385 2180 scribae,quumobnotionis
1402 2114 1501 2161 vim
1520 2112 1756 2179 gignendi

732 2213 870 2245 casus
923 2194 1249 2259 praeponitur,
1285 2192 1521 2241 adverbio
1559 2202 1755 2257 regente

733 2275 975 2340 posterius
1000 2272 1209 2334 adjecto.
1232 2274 1304 2319 Ita
1328 2269 1552 2321 similiter
1571 2272 1756 2338 ubique

732 2371 872 2421 paeue
888 2354 941 2400 in
961 2351 1136 2417 reliqui
1152 2350 1412 2418 nihilfecit
1426 2344 1670 2403 turbatur.
1691 2352 1755 2403 G.

803 2435 1048 2483 XXXIV.
1109 2447 1153 2481 1.
1221 2430 1397 2480 Varios
1428 2468 1448 2491 ,
1515 2432 1758 2497 varieque

732 2513 1057 2562 abundantes.
1082 2511 1211 2577 Spir.
1236 2523 1287 2560 et
1312 2511 1412 2561 Erl.
1450 2527 1546 2576 pro
1589 2510 1760 2559 varie-

734 2610 856 2657 que,
899 2603 1050 2656 atque
1075 2589 1297 2655 prebent
1312 2625 1329 2653 ‚
1352 2590 1505 2655 idque
1529 2592 1718 2656 recepit
1739 2623 1757 2651 ‚

734 2674 790 2722 P.
836 2671 1047 2720 Manutii
1107 2669 1357 2733 exemplo,
1388 2686 1453 2718 ex
1494 2670 1675 2719 Eliens.
1725 2687 1754 2718 ²

734 2752 900 2800 Davis.
942 2751 1007 2797 Et
1032 2750 1118 2796 vix
1157 2764 1272 2795 saue
1308 2747 1512 2797 dubium
1548 2760 1650 2811 est,
1686 2751 1757 2798 sic

735 2830 878 2879 etism
906 2829 1008 2877 Pal.
1043 2842 1065 2875 ι
1083 2861 1098 2885 ,
1130 2826 1386 2886 exhibere,
1433 2829 1619 2893 quippe
1646 2847 1758 2878 cum

735 2926 836 2975 quo
855 2909 908 2957 hi
931 2919 1026 2956 tres
1042 2916 1293 2971 tantopere
1311 2906 1757 2970 conspirent.Gud.

738 3006 768 3038 α
804 2991 998 3054 ignorat
1050 2985 1239 3035 varios.
1283 2987 1396 3037 Nisi
1440 3002 1533 3034 nos
1592 2990 1759 3037 omnia

738 3070 913 3119 fallunt
940 3104 954 3127 ‚
1009 3067 1207 3132 scripsit
1258 3078 1463 3125 auctor,
1510 3067 1760 3116 varietate

740 3148 1068 3197 abundantes.
1095 3148 1259 3209 Quum
1283 3146 1411 3194 euim
1437 3145 1608 3195 scribae
1632 3147 1760 3197 hanc

737 3227 936 3276 dicendi
959 3226 1200 3274 rationem
1224 3224 1359 3274 baud
1375 3239 1759 3292 assequerentur,

736 3317 849 3353 natu
876 3316 948 3354 est
973 3304 1160 3369 duplex
1177 3304 1327 3354 lectio
1347 3341 1361 3365 ‚
1385 3306 1559 3356 varios
1581 3317 1632 3356 et
1656 3323 1759 3355 va·

737 3385 833 3442 rie,
856 3399 1008 3447 eaque
1036 3384 1214 3432 deinde
1239 3395 1476 3450 utraque,
1509 3397 1565 3435 ut
1586 3386 1647 3435 fit
1663 3423 1678 3447 ,
1709 3386 1762 3433 in
1803 3398 1807 3404 ·

738 3474 872 3512 texts
888 3474 1083 3527 recepta
1101 3473 1173 3510 est
1188 3496 1205 3522 ‚
1244 3480 1341 3528 que
1360 3464 1564 3527 sdJecta'.
1588 3465 1763 3514 Cicero

739 3553 867 3590 certe
888 3541 1029 3590 istam
1047 3552 1339 3590 structuram
1352 3559 1453 3591 nou
1462 3545 1760 3608 frequentat:

742 3622 906 3668 Livius
928 3620 996 3667 ita
1016 3620 1144 3668 solet
1164 3656 1178 3683 ,
1207 3632 1258 3669 et
1281 3619 1379 3669 alii.
1407 3622 1581 3671 Nostra
1598 3633 1760 3671 autem

742 3701 865 3749 ratio
900 3715 1013 3747 vere
1049 3700 1264 3748 auctoris
1292 3711 1393 3758 est,
1436 3702 1502 3753 cf.
1538 3704 1659 3750 Orat
1679 3705 1755 3759 Π,

746 3785 840 3837 14,
870 3776 937 3828 58
987 3792 1001 3827 ε
1041 3779 1293 3826 «Timoeus
1323 3796 1483 3827 rerum
1507 3782 1680 3845 copia,
1708 3794 1759 3832 et

740 3858 1089 3906 sententiarum
1139 3858 1369 3907 varietate
1393 3859 1755 3910 abundantissi-

740 3954 847 3986 mus
863 3962 907 3988 ιο.
933 3937 1157 4001 Pingitur
1181 3947 1341 3985 sutem
1373 3955 1434 3987 ex
1461 3941 1758 4004 compendio

738 4006 901 4068 vare}
916 4015 1010 4064 Sed
1036 4032 1098 4063 ne
1115 4015 1296 4081 cupide
1316 4029 1485 4066 nostra
1502 4018 1763 4072 defendere

737 4099 1008 4154 videamur,
1030 4093 1140 4144 vide
1159 4112 1302 4161 supra
1318 4134 1333 4159 ,
1354 4099 1383 4147 3
1404 4132 1419 4157 ,
1453 4114 1540 4161 ro,
1567 4121 1593 4142 α
1620 4098 1760 4150 dissi-

1835 1717 2035 1766 milibus
2061 1716 2206 1767 rebus
2223 1752 2239 1776 ,
2280 1716 2575 1766 dissimiliter
2599 1714 2860 1766 efficienti-

1835 1797 1931 1847 bus
1956 1798 2231 1863 voluptates
2257 1818 2298 1849 ι.
2317 1801 2382 1848 G.

1909 1894 1958 1928 α.
1989 1878 2149 1927 Nobis
2176 1890 2340 1927 autem
2380 1889 2471 1926 am
2498 1876 2626 1937 vix,
2671 1888 2765 1925 aut
2797 1894 2860 1925 ne

1835 1955 1937 2005 via·
1964 1957 2181 2022 quidem.
2205 1959 2521 2016 Dubitamus‚
2562 1973 2688 2006 sune
2723 1957 2862 2023 prior

1838 2048 1930 2083 aue
1962 2052 2023 2085 ex
2045 2038 2155 2086 Bas.
2204 2048 2253 2086 et
2294 2038 2426 2087 Gud.
2460 2055 2482 2087 1
2524 2037 2730 2086 delenda
2757 2038 2858 2087 sit:

1840 2117 2024 2181 quippe
2041 2107 2190 2181 duam
2212 2117 2409 2179 scribae,
2441 2116 2588 2166 semel
2615 2118 2825 2182 positam
2845 2151 2862 2176 ,

1840 2196 2013 2245 iterare
2034 2209 2198 2247 ament
2216 2234 2231 2257 ‚
2266 2209 2532 2263 auctorque
2552 2197 2669 2246 alias
2695 2196 2787 2244 hac
2806 2197 2862 2243 in

1842 2276 1997 2324 forma
2024 2277 2237 2343 simplici
2280 2279 2377 2326 fere
2417 2288 2510 2327 aue
2548 2276 2759 2337 scribat3
2798 2276 2861 2324 cf.

1829 2355 1967 2411 ,infra
2008 2356 2115 2405 Fiu.
2153 2358 2254 2415 IV,
2299 2358 2394 2416 13,
2433 2357 2527 2416 32,
2567 2367 2617 2404 et
2641 2356 2865 2404 similiter

1843 2437 1949 2486 Att.
1969 2437 2046 2483 111
2064 2468 2080 2495 ‚
2107 2450 2185 2498 ep.
2209 2436 2271 2483 23
2296 2449 2311 2484 τ
2333 2455 2360 2475 α
2374 2435 2479 2482 Scis
2502 2434 2736 2484 Clodium
2758 2450 2863 2491 spn-

1842 2516 1994 2574 xisse,
2016 2523 2072 2561 ut
2088 2514 2202 2571 vix,
2237 2523 2321 2559 ant
2348 2512 2551 2559 omniuo
2578 2527 2681 2559 nou
2693 2523 2862 2575 posset

1853 2627 1868 2641 .
1888 2627 1902 2641 .
1922 2627 1936 2639 .
1963 2590 2194 2640 infirmari
2212 2606 2297 2637 sus
2317 2589 2448 2637 lex».
2467 2588 2701 2646 Accedit,
2722 2589 2860 2652 quod

1842 2670 1896 2719 in
1923 2680 2071 2735 pnrtt.
2101 2680 2264 2716 autem
2297 2680 2389 2716 aut
2420 2668 2598 2733 saepius
2632 2668 2862 2716 alterutra

1842 2765 1868 2797 s
1897 2748 2068 2797 scribis
2091 2746 2312 2796 sdhaesit.
2352 2747 2434 2795 Sic
2478 2758 2644 2795 autem
2678 2746 2863 2794 delebis

1843 2830 1943 2878 Off.
1967 2830 2021 2891 1,
2045 2830 2106 2887 3,
2130 2845 2155 2890 7
2182 2840 2196 2874 ε
2221 2850 2243 2872 ι
2266 2830 2395 2876 Tum
2411 2839 2570 2877 autem
2587 2838 2672 2875 sut
2690 2826 2864 2891 anqui-

1843 2920 1984 2969 runt,
2013 2920 2097 2957 aut
2125 2909 2439 2958 consultant»
2462 2945 2479 2972 ,
2524 2906 2863 2957 vacillantibus

1841 2993 1971 3039 inter
1989 3000 2243 3054 utramque
2264 2989 2536 3038 codicibus.
2558 2986 2652 3035 Sed
2674 3002 2864 3051 oppor-

1846 3083 1963 3120 tune
1990 3073 2297 3119 meminimus
2318 3103 2335 3129 ,
2375 3079 2619 3117 auctorem
2646 3066 2829 3130 ubique
2849 3102 2864 3123 ‚

1846 3170 1871 3192 αι
1896 3161 1986 3198 aut
2007 3149 2093 3197 vix
2113 3160 2199 3198 sut
2225 3149 2365 3197 nullo
2402 3147 2552 3196 modo
2568 3168 2592 3187 υ
2612 3182 2628 3208 ,
2667 3144 2828 3194 dicere
2847 3162 2864 3203 ς

1846 3231 1910 3279 cf.
1936 3230 2039 3278 off.
2070 3247 2095 3292 7
2112 3265 2127 3289 ,
2162 3246 2245 3279 ao.
2273 3230 2396 3278 Inde
2419 3228 2549 3276 enim
2573 3227 2761 3275 cautius
2780 3226 2865 3286 ju-

1848 3310 2010 3360 dicare
2040 3310 2281 3375 cogimur.
2306 3310 2369 3358 G.

1919 3391 1971 3438 3.
1996 3391 2242 3437 Summum
2251 3385 2469 3454 pecudis.
2500 3388 2682 3434 Omnes
2711 3382 2868 3431 nostri

1837 3470 2086 3535 pecudum
2115 3487 2136 3528 ,·
2193 3485 2284 3517 nec
2336 3482 2506 3525 secus,
2550 3479 2676 3530 quos
2731 3460 2866 3517 vidi,

1848 3549 1969 3596 editi
2006 3560 2126 3599 vett.
2171 3548 2341 3598 itidem
2384 3558 2482 3597 tres
2525 3548 2727 3593 Oxouu.
2771 3539 2869 3588 Sed

1847 3628 2055 3692 vulgstae
2077 3628 2286 3693 simplex
2309 3641 2537 3675 numerus
2555 3623 2697 3672 unice
2723 3636 2869 3668 verus

1843 3718 1932 3756 est.
1950 3709 2019 3757 G.

1916 3795 1965 3844 4.
1987 3788 2121 3853 Quid
2142 3787 2268 3835 enim
2291 3798 2428 3834 tanto
2452 3799 2569 3850 opus
2587 3793 2658 3831 est
2691 3780 2869 3828 insem-

1846 3879 2023 3917 πωπω.
2054 3871 2287 3931 Ignorant
2321 3877 2392 3914 ese
2423 3863 2553 3912 Gud.
2604 3878 2625 3910 1
2663 3870 2714 3910 et
2759 3861 2867 3907 Bas.

1846 3960 1896 3994 at
1925 3946 2056 3994 Gud.
2104 3963 2133 3992 α
2177 3946 2307 3993 idem
2331 3943 2606 4008 transponit
2628 3943 2679 3989 in
2702 3940 2868 3987 locum

1852 4026 2102 4089 particulae
2132 4023 2260 4071 enim
2275 4059 2288 4080 ‚
2328 4039 2472 4086 quam
2509 4022 2717 4087 ignorat.
2755 4020 2868 4065 Hoc

1851 4106 1958 4153 scrri
1996 4120 2095 4152 uon
2125 4112 2321 4168 potest,
2345 4118 2494 4168 quum
2521 4103 2593 4152 vis
2617 4097 2869 4150 sententie
