3217 4784
822 375 949 441 DE
999 373 1167 441 FIN.
1220 374 1426 440 BON.
1482 370 1594 438 ET
1637 371 1851 439 MAL.
1906 362 2037 457 lv,
2084 370 2189 445 18.

2425 373 2568 468 495

435 497 673 586 ‹labit3
717 497 992 594 quippe
1035 495 1162 592 qui
1216 492 1685 565 valitudinem
1711 547 1729 579 ‚
1776 495 1960 564 vires
1986 548 2006 582 ,
2049 493 2370 584 divitias,
2416 497 2571 594 glo-

434 609 637 695 riam,
665 604 894 676 multa
919 603 1079 691 alia,
1101 601 1296 674 bona
1336 627 1489 673 esse
1525 602 1769 673 (licant
1786 600 1839 691 ⁵,
1877 603 2258 676 laudabilia
2293 631 2438 676 non
2473 608 2577 678 di-

436 733 621 787 cant.
642 720 729 786 Et
751 714 819 785 hi
844 714 1139 812 quidem
1160 707 1310 783 ita-⁶
1331 735 1478 781 non
1501 711 1650 782 sola
1676 714 1940 784 virtute
1968 711 2188 785 finem
2207 712 2573 786 bonorum

432 826 788 899 contineri
835 837 1131 921 putant,
1180 834 1261 891 ut
1300 819 1521 891 rebus
1562 834 1804 891 tamen
1852 822 2196 896 omnibus
2233 826 2571 898 virtutem

430 947 900 1032 anteponant.
942 929 1138 1019 Quid
1182 952 1431 999 censes
1477 952 1602 999 eos
1644 953 1798 999 esse
1831 927 2150 1024 facturos
2171 946 2227 1020 7,
2256 935 2386 1031 qui
2412 960 2571 1006 ome·

432 1047 608 1115 nino
640 1046 980 1112 virtutem
1018 1063 1061 1109 a
1093 1035 1463 1109 bonorum
1494 1036 1642 1108 fine
1680 1059 2272 1136 segregaverunt,
2304 1048 2571 1142 Epicu-

433 1178 593 1223 rum
620 1206 641 1237 ‚
684 1151 1240 1246 Hieronymum,
1283 1147 1446 1219 illos
1489 1149 1705 1218 etiam
1731 1200 1750 1234 ‚
1801 1150 1864 1218 si
1907 1152 2036 1245 qui
2076 1153 2571 1225 Carneadeum

431 1264 649 1334 finem
689 1265 872 1335 tueri
910 1262 1210 1334 volunt?
1252 1267 1404 1333 Jam
1445 1276 1569 1332 aut
1601 1260 1974 1359 callipho,
2010 1278 2134 1333 aut
2171 1266 2573 1356 Diodoru5‚
2613 1289 2679 1340 50

430 1374 804 1472 quomodo
835 1364 1232 1473 poterunt⁸
1268 1372 1395 1444 tibi
1435 1370 1627 1442 istud
1668 1371 2066 1444 concedere
2093 1429 2113 1463 ,
2148 1377 2276 1470 qui
2317 1377 2407 1447 ad
2438 1378 2571 1449 ho-

433 1499 778 1557 nestatem
828 1483 1023 1555 aliud
1078 1484 1562 1579 adjungant9‚
1614 1480 1816 1578 quod
1862 1506 1952 1552 ex
1998 1483 2256 1554 eodem
2308 1510 2571 1581 genere

430 1620 578 1665 non
611 1595 744 1667 sit?
778 1595 1015 1665 Placet
1058 1594 1277 1690 igitur
1303 1591 1469 1676 tibi,
1503 1594 1718 1675 Cat0‚
1756 1615 1985 1690 quum
2021 1617 2139 1664 res
2180 1599 2570 1692 sumpseris

432 1730 580 1774 non
632 1729 1040 1791 concessas,
1093 1728 1184 1776 ex
1234 1702 1375 1773 illis
1423 1700 1748 1789 efficere,
1801 1700 1999 1799 quod
2057 1703 2360 1775 velis10?
2413 1711 2568 1778 Jam

430 1813 547 1885 ille
584 1817 870 1902 sorites,
904 1837 1056 1908 quo
1100 1810 1277 1882 nihil
1311 1813 1580 1909 putatis
1609 1836 1764 1888 esse
1791 1814 2190 1885 vitiosius¹¹
2230 1842 2245 1885 ε
2293 1845 2327 1882 c<
2349 1818 2568 1907 Quod

506 2050 552 2095 5.
578 2050 718 2095 Bona
740 2063 843 2096 esse
858 2048 1044 2096 dicant.
1063 2046 1201 2097 Gud.
1223 2062 1253 2095 a
1271 2058 1322 2096 et
1344 2048 1452 2095 Bas.

432 2148 457 2168 κ
482 2126 611 2174 bona
648 2142 751 2174 eaae
786 2126 997 2174 ‹licunt-
1015 2159 1029 2184 ,
1056 2125 1245 2173 omia-is
1268 2125 1454 2185 verbis,

432 2228 456 2246 ιι
476 2204 735 2253 laudabilia
760 2221 867 2253 non
891 2205 1111 2255 dieunt».
1133 2204 1230 2252 Sed
1256 2204 1393 2253 Gnd.
1425 2221 1445 2251 ι

428 2295 477 2332 et
498 2287 697 2333 Monac.
725 2285 811 2348 qui
842 2284 974 2331 idem
1009 2283 1184 2332 dieunt
1216 2284 1452 2341 referunt,

426 2364 603 2412 omiasa
627 2363 812 2428 integre
831 2374 1026 2411 servant
1046 2380 1059 2410 ε
1083 2377 1242 2425 neque
1259 2373 1448 2418 auctor,

428 2455 481 2491 ut
518 2443 637 2491 alibi
671 2442 988 2500 monuimus,
1026 2440 1089 2489 ad
1129 2440 1337 2506 quippe,
1363 2439 1451 2504 qui

425 2522 743 2570 indicativum
773 2521 954 2585 jungit.
976 2522 1101 2569 Ven.
1135 2528 1267 2581 1494
1306 2531 1447 2568 ntro·

425 2616 521 2663 qne
545 2599 741 2663 quidem
778 2600 893 2648 loco
931 2597 1131 2658 dicunt,
1170 2598 1258 2647 sed
1287 2597 1444 2656 unde,

427 2679 583 2728 videa.
609 2680 774 2727 Daris.
803 2680 927 2726 adeo
963 2678 1191 2727 consulto
1227 2695 1291 2727 ex
1318 2678 1449 2727 binis

422 2758 521 2805 suis
538 2792 553 2816 ,
580 2770 630 2807 et
654 2759 938 2807 Victoriana
967 2757 1136 2807 dicunt
1145 2791 1262 2808 .....
1275 2758 1445 2807 dicant

422 2837 661 2886 correxit!
682 2836 853 2901 Neque
872 2838 1006 2901 prius
1025 2837 1197 2886 dicant
1211 2836 1443 2897 abjicien-

424 2915 541 2963 dum
564 2915 794 2979 putabia:
833 2917 905 2963 aie
940 2917 1071 2963 enim
1107 2915 1312 2964 verbum
1344 2917 1441 2965 hoc

422 2993 610 3041 auctori
630 3008 690 3039 ex
712 3007 850 3039 more
873 2993 1093 3040 iteratur.
1120 2992 1181 3040 G.

491 3072 547 3122 6.
569 3073 667 3121 Ita.
691 3072 830 3118 Hanc
854 3085 1027 3118 vocem
1059 3072 1266 3119 Monac.
1302 3070 1445 3133 iguo-

424 3161 497 3197 rat
516 3183 533 3208 ,
558 3164 723 3213 prave.
753 3151 813 3197 G.

495 3244 543 3290 7.
586 3230 721 3294 Quid
754 3243 925 3277 censes
961 3242 1048 3277 eos
1077 3243 1177 3275 esse
1187 3225 1441 3291 facturos.

421 3310 557 3355 Goer.
584 3306 714 3356 delet
730 3324 845 3355 esse.
864 3306 1092 3355 Gudiano
1121 3321 1142 3354 1
1171 3316 1220 3354 et
1241 3307 1442 3357 Cratan-

421 3387 565 3446 driae,
598 3387 786 3449 inquit,
811 3385 1082 3449 parendum
1119 3385 1228 3434 fnit.
1256 3387 1316 3432 In
1351 3384 1442 3432 hac

420 3466 548 3513 euim
572 3477 811 3513 structura
845 3474 1019 3512 auctor
1052 3462 1257 3511 verbum
1289 3463 1441 3510 nnbat.

419 3560 520 3592 non
543 3545 774 3592 admittit.
795 3545 929 3592 Orat.
948 3544 995 3603 1,
1026 3559 1110 3604 ν),
1144 3558 1212 3609 79
1234 3556 1249 3589 ε
1277 3563 1301 3584 α
1320 3542 1441 3607 quid

419 3638 610 3675 censen.
631 3658 645 3672 .
667 3660 681 3673 .
710 3624 901 3687 qualem
928 3622 1067 3669 illum
1106 3633 1349 3670 oratorem
1390 3632 1441 3670 et

417 3712 653 3765 quantun
679 3694 931 3749 futurum?
957 3722 982 3742 n
1010 3699 1115 3747 Off.
1144 3702 1226 3761 11,
1251 3717 1300 3763 7,
1333 3715 1392 3747 η
1423 3714 1439 3749 :

423 3803 443 3824 ιι
467 3781 604 3844 Quid
625 3782 754 3829 enim
782 3795 1032 3827 censemus
1058 3780 1362 3844 superiorem
1376 3781 1439 3827 il·

418 3858 517 3906 lum
534 3860 827 3925 Dionysium
844 3894 858 3917 ,
894 3874 995 3922 quo
1013 3859 1231 3907 cruciatu
1248 3858 1436 3906 timori·

418 3936 527 3998 angi
546 3938 781 3987 solitum?
808 3958 831 3980 ι
868 3937 1080 4001 Philipp.
1099 3938 1308 4003 xn‚9‚
1337 3953 1434 3986 aa:

423 4034 445 4055 ι
465 4014 599 4075 Quid
621 4017 863 4065 censetis?
896 4032 1046 4082 quum
1072 4015 1162 4062 iter
1188 4017 1436 4080 ingressu·

419 4106 502 4138 ero
525 4092 722 4157 longum
750 4098 1041 4159 praeaerfim,
1069 4093 1290 4143 nullasne
1321 4095 1441 4143 inab,

1545 2047 1651 2095 dias
1679 2048 2124 2113 pertimescendas?
2147 2072 2173 2092 ι·
2200 2052 2430 2101 Similiter
2459 2070 2566 2103 ver-

1541 2124 1659 2173 bum
1704 2126 1859 2175 subet.
1902 2137 2020 2191 post
2067 2143 2136 2174 an
2178 2145 2344 2177 censes
2385 2129 2568 2181 subau-

1542 2201 1692 2252 ditur.

1612 2283 1661 2330 8.
1686 2283 1939 2344 Quomodo
1953 2295 2203 2347 poterunt.
2244 2287 2316 2333 Ita
2344 2303 2409 2336 ex
2434 2286 2566 2336 binis

1537 2360 1638 2409 auia
1662 2361 1829 2410 Davia.
1857 2377 1951 2426 pro
1979 2362 2182 2425 vulgato
2220 2381 2333 2427 quo.
2375 2369 2564 2415 Verum

1536 2450 1776 2488 testantur
1798 2441 1953 2487 nostri
1978 2456 2149 2488 omne·
2169 2455 2182 2488 ε
2211 2457 2322 2489 nam
2343 2446 2434 2493 etsi
2453 2447 2562 2508 qui-

1536 2517 1646 2565 dem
1690 2516 1823 2566 Gud.
1872 2533 1894 2564 1
1940 2533 2038 2581 quo
2084 2518 2137 2565 iu
2181 2529 2320 2567 textu
2341 2553 2357 2579 ,
2403 2532 2564 2570 tamen

1533 2598 1782 2661 quomodo
1830 2599 2214 2663 superscriptum
2266 2600 2430 2650 refert.
2486 2603 2562 2649 De

1532 2675 1633 2724 hoo
1653 2676 1895 2740 frequenti
1917 2677 2042 2726 vitio
2065 2693 2211 2742 snpra
2230 2679 2433 2743 egimus.
2457 2682 2561 2729 Nec

1529 2766 1702 2803 auctor
1731 2756 1803 2804 sie
1842 2756 2041 2805 scribit:
2086 2757 2331 2821 posuisset
2368 2759 2485 2824 qui,
2520 2762 2564 2807 si

1528 2834 1671 2883 aliter
1687 2834 1934 2886 voluisset.
1954 2838 2016 2886 G.

1600 2927 1653 2975 9.
1679 2912 1984 2979 Adjungane.
2010 2915 2131 2962 Tres
2167 2915 2325 2962 nostri
2364 2914 2553 2980 adjun-

1526 2988 1985 3057 gunt.'Perperam;
2007 2993 2223 3056 optative
2251 2992 2380 3040 enim
2406 2994 2556 3055 poni-

1530 3079 1629 3117 tur.
1660 3072 1724 3119 G.

1607 3163 1686 3195 xo.
1734 3146 1910 3195 Velis?
1942 3146 2282 3210 lutet-rogandi
2328 3149 2563 3211 signum.

1531 3224 1668 3288 quod
1703 3223 1853 3288 vulgo
1886 3223 2109 3288 ponitur,
2136 3226 2275 3289 quasi
2301 3225 2426 3274 nihil
2461 3228 2557 3276 huc

1529 3303 1820 3366 pertineret,
1845 3303 2041 3351 sustulit
2067 3304 2203 3353 Goer.

1606 3396 1685 3429 ιι.
1724 3383 1832 3444 Quo
1878 3380 2003 3429 nihil
2030 3381 2221 3446 putatis
2270 3399 2374 3431 esse
2410 3384 2558 3433 vitio-

1528 3459 1645 3507 sius.
1667 3461 1800 3508 Inter
1825 3460 2038 3509 editores
2063 3462 2180 3509 satis
2203 3473 2399 3512 constat
2419 3461 2553 3512 hunc

1526 3537 1692 3587 locum
1726 3555 1830 3587 este
1866 3550 2190 3604 corruptum:
2230 3540 2403 3590 Cicero
2426 3544 2560 3591 enim·

1528 3619 1630 3668 hae
1653 3619 1714 3668 de
1740 3619 1919 3668 Stoicis
1939 3619 2089 3683 dicit,
2114 3621 2295 3685 quibus
2319 3623 2412 3671 iate
2436 3625 2557 3673 sori-

1524 3708 1596 3747 tes
1651 3699 1960 3748 vehementer
2001 3700 2186 3765 placuit
2201 3735 2218 3761 ‚
2270 3702 2456 3766 quique
2494 3720 2560 3752 eo·

1525 3789 1770 3843 perpetuo
1794 3779 1893 3827 fere
1917 3781 1996 3827 usi
2016 3791 2150 3829 sunt.
2180 3781 2309 3844 Ergo
2338 3781 2466 3830 illud
2488 3784 2552 3831 ad

1524 3858 1720 3907 stoicon
1760 3874 1872 3906 vere
1926 3858 2024 3907 diei
2066 3875 2169 3907 nou
2212 3860 2409 3924 potuit,
2455 3879 2554 3927 quo

1527 3936 1715 4000 (sorite)
1735 3936 1863 3985 nihil
1871 3937 2054 4000 putatis
2073 3953 2174 3986 esse
2192 3937 2438 3988 vitiosius.
2464 3942 2511 3987 11
2516 3940 2566 3986 is·

1528 4016 1589 4064 de
1619 4016 1777 4065 causis
1803 4017 2028 4064 Davisius
2064 4033 2128 4065 ex
2154 4032 2256 4065 uno
2296 4019 2386 4067 MS
2414 4018 2558 4082 legit,-

1528 4111 1625 4159 quo
1668 4092 1792 4143 nihil
1819 4094 2007 4159 putatis
2037 4111 2137 4143 esse
2171 4095 2357 4144 melius.
2393 4096 2561 4142 Aliam
