3217 4784
900 360 1027 426 DE
1074 359 1247 427 FIN.
1302 359 1506 428 BON.

1561 360 1677 426 ET
1723 360 1942 431 MAL.
1996 365 2051 447 1,
2091 390 2155 435 2.
2497 368 2587 440 33

472 474 775 550 delectet
807 502 931 550 eos
960 479 1234 577 patrius
1268 501 1540 566 Serme,
1575 503 1806 575 quum
1836 479 2052 554 iidem
2089 483 2385 560 fabellas
2427 489 2587 562 lati·

468 612 596 659 nas
615 643 635 675 ‚
663 588 1070 661 adverbum
1103 586 1194 659 de
1222 591 1464 685 graecis
1486 611 1889 685 expressaS‚
1914 617 2065 663 non
2098 597 2300 667 inviti
2319 598 2582 696 legant.

467 701 647 789 Quis
687 703 875 770 enim
912 713 1057 770 tam
1102 701 1432 768 inimicus
1490 722 1690 793 paene
1733 704 2011 772 nomini
2053 710 2405 778 romano‘*
2442 726 2586 799 est,

470 813 598 906 qui
629 810 840 879 Ennii
881 807 1204 880 Medeam
1235 861 1254 894 ‚
1296 822 1418 878 aut
1470 807 1904 905 Antiopam⁵
1936 816 2219 885 Pacuvii
2256 836 2587 915 spernat,

467 933 590 989 aut
625 920 950 1014 rejiciat?
991 920 1119 1015 qui
1159 943 1234 989 se
1270 916 1521 988 iisdem
1552 918 1913 1015 Euripidis
1955 920 2212 995 fabulis
2248 926 2588 1002 delectari

467 1026 654 1100 dicat
676 1028 966 1127 [latinas
1001 1025 1269 1099 literas⁶
1298 1024 1580 1123 oderit]
1600 1030 2113 1127 Synephebos⁷
2135 1061 2294 1133 ege,
2321 1040 2583 1138 inquit,

466 1140 707 1237 potius
733 1138 989 1210 Caecilii
1008 1194 1027 1223 ‚
1055 1152 1180 1210 aut
1206 1137 1538 1207 Andriam
1563 1142 1917 1230 Terentii,
1951 1168 2170 1239 quam
2201 1162 2585 1248 utramque

464 1247 858 1325 Menandri,
901 1246 1171 1345 legam?
1233 1252 1293 1318 A
1337 1245 1606 1343 quihus
1663 1261 1943 1321 tanturn
1994 1252 2338 1328 dissentio
2358 1252 2410 1347 ⁸,
2471 1275 2584 1350 ut,
2624 1278 2656 1335 5

466 1380 695 1451 quum
714 1355 1104 1453 Sophocles
1130 1356 1239 1428 vel
1260 1359 1531 1452 optime
1551 1359 1917 1456 scripserit
1944 1361 2316 1454 Electram,
2340 1372 2587 1443 tame'il

464 1466 648 1537 male
698 1478 1159 1538 conversam9
1223 1466 1445 1536 Attilii
1499 1465 1680 1537 mihi
1730 1469 2102 1566 legendam
2152 1491 2425 1571 putem.
2477 1486 2586 1556 De

462 1618 732 1685 exemplum
768 1621 963 1685 ignoro.
1011 1619 1108 1670 Sed
1150 1629 1276 1667 amat
1308 1612 1482 1669 Cicero

462 1698 665 1746 formam
693 1722 718 1742 α
737 1699 833 1748 hoc
870 1712 970 1759 est,
1005 1701 1061 1747 in
1085 1715 1185 1763 quo
1232 1698 1481 1759 dubitem,

461 1776 595 1824 laeter
614 1813 631 1835 ,
661 1789 755 1827 etc.
779 1801 805 1820 a
848 1780 1119 1843 Saepissime
1161 1789 1319 1826 sutem
1368 1776 1478 1825 cie.

460 1854 703 1904 admirari
730 1857 792 1906 de
818 1858 901 1915 iis,
932 1873 1141 1921 quorum
1167 1854 1406 1904 sentiendi
1432 1865 1483 1902 et

460 1935 632 1997 egendi
662 1938 785 1985 ratio
810 1938 1251 1986 non'conveniunt.
1276 1937 1339 1984 G.

534 2018 586 2067 4.
625 2013 854 2063 Inimicus
886 2032 1032 2079 paene
1056 2013 1244 2064 nomini
1274 2015 1332 2064 11.
1360 2015 1478 2063 Tres

462 2092 559 2136 mei
576 2107 721 2153 poene
758 2105 873 2156 post
918 2094 1117 2142 nomini.
1153 2093 1478 2143 Offenderunt

462 2167 633 2215 scriba
673 2169 724 2215 in
767 2173 903 2218 vocis
947 2175 1113 2235 positu
1132 2206 1147 2231 ,
1199 2173 1477 2235 ignorantes

462 2246 638 2308 subjici
661 2263 766 2295 eam
797 2250 950 2296 solere
970 2283 985 2307 ,
1024 2251 1066 2297 si
1085 2250 1369 2298 senteutiam
1394 2252 1478 2297 mi-

463 2326 597 2389 tiget.
628 2327 691 2375 G.

532 2404 579 2452 5.
598 2403 863 2467 Antiopam
886 2404 1097 2454 Pacuvii.
1114 2405 1360 2469 Euripidis
1390 2415 1480 2454 trs·

459 2485 689 2547 goedism‚
717 2500 862 2547 quam
880 2487 1116 2534 Pacuvius
1140 2486 1282 2533 Ennii
1304 2501 1473 2551 nepos,

458 2564 511 2611 in
538 2564 741 2611 latinum
764 2574 987 2614 verterat.
1019 2564 1156 2613 Illius
1181 2575 1300 2628 trag.
1337 2582 1473 2629 quae·

458 2642 567 2690 dam
584 2642 844 2704 fragments
861 2654 1118 2707 supersunt
1137 2677 1151 2703 ,
1174 2646 1224 2691 in
1248 2645 1471 2709 Euripid.

458 2719 572 2769 edit.
601 2724 815 2777 Bar-nes,
854 2720 1119 2771 Camborit.
1148 2724 1296 2785 1694.

528 2800 577 2847 6.
604 2800 809 2847 Latinas
845 2799 915 2846 lie.
945 2799 1117 2848 oderit.
1157 2802 1236 2848 Sic
1260 2803 1393 2851 J.V.
1417 2806 1470 2851 L.

456 2893 568 2927 cum
584 2877 789 2941 vulgatis
799 2877 913 2927 edd.
935 2879 1142 2927 Goerenz
1160 2896 1251 2944 pro
1262 2882 1471 2947 quilegit

458 2957 615 3019 quod,
639 2967 687 3005 et
721 2957 801 3003 illa
838 2972 947 3018 quae
973 2968 1085 3020 post
1123 2958 1257 3006 dicat
1282 2961 1471 3009 addun-

456 3044 563 3091 tur,
598 3051 771 3100 nempe
809 3058 834 3077 κ
852 3037 1044 3083 Latinas
1073 3036 1232 3085 literas
1263 3039 1422 3087 oderit
1441 3062 1466 3082 ι·

456 3116 828 3180 ejicit.—Quae,
853 3116 1007 3164 delete
1033 3132 1059 3163 a
1086 3118 1252 3177 nobis,
1282 3121 1466 3183 inquit,

455 3210 607 3258 quum
622 3196 846 3243 Davis.in
864 3195 1009 3241 Paris.
1027 3211 1054 3241 α
1080 3210 1180 3243 non
1200 3198 1467 3261 reperisset,

454 3283 507 3320 ut
534 3272 699 3335 spuria
726 3273 862 3320 uncis
888 3274 1101 3321 coercuit
1118 3290 1133 3333 ς
1153 3290 1255 3322 non
1282 3278 1467 3338 impro-

451 3350 598 3399 bante
636 3352 753 3399 Ern.
788 3353 946 3400 Bremi
986 3363 1184 3411 contra,
1240 3355 1467 3404 Gulielmi

452 3429 674 3494 exemplo
694 3465 709 3489 ‚
742 3430 890 3478 modo
933 3448 984 3480 v.
1022 3431 1185 3480 literas
1214 3433 1278 3481 sd
1310 3450 1465 3484 uncos

453 3506 972 3573 dsmmvit.’lgnoraut
1001 3510 1165 3559 eadem
1193 3512 1323 3562 Gud.
1348 3530 1377 3561 a
1414 3525 1464 3565 et

450 3588 661 3651 Spin-ens.
685 3589 832 3652 idque
853 3590 1040 3638 merito.
1065 3590 1158 3638 Sed
1178 3603 1305 3640 recte
1323 3593 1461 3643 vide-

450 3664 569 3714 bant
595 3667 739 3714 iidem
758 3699 773 3724 ,
810 3667 887 3714 vel
904 3678 1007 3715 tum
1028 3669 1250 3718 noudum
1280 3671 1459 3736 reliqua

452 3745 586 3793 coire
614 3761 627 3793 :
657 3746 820 3794 Davis.
858 3746 1007 3809 igitur
1043 3748 1219 3812 quique
1244 3766 1322 3809 se,
1350 3767 1461 3800 eum

453 3824 648 3883 Eliensi‚
662 3825 777 3872 Em.
797 3841 944 3884 quum
965 3842 1044 3886 se,
1061 3826 1120 3875 de
1137 3844 1227 3876 suo
1242 3862 1256 3887 ,
1276 3831 1461 3880 suadet.

451 3904 555 3951 Nos
579 3902 774 3965 quidem
801 3920 861 3951 ex
884 3905 1013 3954 Gud.
1039 3922 1068 3953 τι
1090 3943 1106 3967 ,
1137 3908 1237 3956 Eri.
1273 3920 1320 3957 et
1356 3911 1462 3959 Bes.

454 3983 538 4043 qui
558 3981 695 4045 quod
709 3982 754 4030 si
770 3983 1019 4042 exhibent,
1039 3987 1178 4049 quod
1186 3990 1464 4054 recepimus

454 4058 597 4123 idque
636 4060 853 4124 prebent
894 4063 951 4112 E.
977 4073 1027 4111 et
1063 4059 1109 4122 ξ.
1148 4067 1461 4132 simpliciter:

595 4148 681 4214 Π.
737 4161 831 4210 cic.
860 4178 979 4228 pars
1001 4163 1150 4214 tertia.

1565 1634 1678 1667 nam
1703 1620 1839 1670 lectt.
1864 1623 1981 1686 qui,
2006 1624 2213 1689 quique,
2249 1638 2299 1675 et
2315 1629 2366 1676 iu
2392 1631 2469 1681 his
2492 1651 2585 1684 no·

1566 1699 1679 1745 stris
1698 1699 1742 1746 si
1758 1733 1773 1759 ‚
1818 1717 1878 1749 ex
1907 1718 1968 1750 eo
2009 1705 2117 1767 ipso
2165 1716 2290 1753 nate
2319 1708 2583 1775 videntur,

1565 1776 1700 1839 quod
1717 1778 1886 1828 scribae
1903 1782 1975 1828 sic
1993 1798 2207 1846 pennum
2228 1782 2370 1835 istum
2389 1804 2582 1840 assuen-

1565 1854 1684 1903 dum
1735 1858 1987 1922 putabant.
2043 1862 2214 1926 Neque
2256 1864 2427 1915 melin·
2468 1870 2582 1920 loeo

1562 1934 1863 1995 consulitur,
1895 1938 1936 1985 si
1971 1940 2122 1989 modo
2165 1941 2330 1990 literas
2376 1944 2578 2009 deletis,

1559 2030 1739 2078 quum,
1768 2032 1876 2079 quae
1902 2028 2007 2066 tum
2034 2018 2279 2084 resident,
2307 2039 2410 2072 nou
2430 2030 2581 2093 magis

1558 2094 1795 2142 Cicerone
1832 2096 1976 2159 digne
2004 2098 2212 2147 evadent
2238 2114 2254 2149 ε
2290 2104 2474 2169 quippe
2492 2110 2580 2172 qui

1558 2182 1607 2219 et
1632 2171 1744 2220 illas
1771 2174 2032 2223 addidisset
2048 2212 2064 2235 ‚
2098 2189 2148 2226 et
2171 2190 2266 2228 tam
2292 2196 2436 2244 grave
2466 2203 2577 2235 ver-

1558 2249 1676 2297 bum
1702 2254 1914 2303 vitssset.
1937 2257 2088 2320 Quod
2107 2269 2266 2308 sutem
2293 2274 2390 2321 est,
2413 2280 2474 2312 ea
2492 2283 2577 2315 ra-

1558 2330 1690 2378 tione
1708 2333 1860 2396 quod,
1887 2345 1943 2383 ut
1967 2338 2242 2400 saepissime.
2264 2343 2576 2407 Relinquitur

1558 2411 1708 2474 igitur
1744 2430 1837 2461 nos
1870 2431 1932 2462 ex
1963 2418 2254 2481 scriptorum
2289 2427 2575 2477 auctoritate

1557 2489 1669 2537 loco
1732 2489 1856 2540 bene
1914 2495 2227 2546 cousuluisse.
2297 2502 2575 2555 Laudentur

1555 2579 1716 2616 autem
1751 2569 1827 2617 hae
1869 2573 2011 2620 Ennii
2053 2584 2100 2621 et
2147 2578 2345 2626 Pacuvii
2392 2593 2572 2647 tragoe-

1556 2648 1679 2702 diae,
1706 2658 1760 2697 ut
1800 2666 1863 2698 ex
1901 2668 1991 2701 suo
2026 2668 2199 2718 genere
2238 2657 2361 2706 inter
2398 2661 2569 2713 latinas

1555 2729 1772 2792 optimae.

1629 2826 1677 2870 7.
1703 2808 2018 2873 &nephebosu
2043 2813 2086 2861 1.
2113 2829 2157 2861 e.
2169 2814 2373 2874 juvenes
2392 2818 2567 2867 eondi-

1551 2886 1744 2950 scipuli,
1761 2889 2015 2937 Menandri
2029 2893 2286 2951 comoedis,
2309 2911 2336 2941 a
2352 2897 2566 2957 Caecilio,

1550 2966 1698 3013 Ennii
1722 2982 1892 3014 coaevo
1915 2967 2412 3033 translata—Inquit.
2435 2975 2566 3024 Note

1551 3042 1816 3105 objiciendi
1837 3046 2004 3092 forms.
2030 3045 2232 3108 supple,
2243 3049 2561 3104 adversarius.

1624 3124 1673 3171 8.
1705 3126 1751 3170 A
1777 3124 1947 3186 quibus
1967 3134 2157 3170 cantum
2175 3124 2284 3174 diss.
2305 3130 2511 3179 Goerenz
2529 3150 2561 3182 a

1551 3201 1724 3264 quibus
1748 3211 1847 3248 tam
1868 3201 1977 3248 diss.
2000 3204 2171 3257 Recte,
2186 3203 2344 3268 inquit
2359 3242 2374 3261 ,
2403 3211 2560 3262 Brenni

1549 3291 1651 3326 eam
1675 3291 1868 3328 revocet
1885 3315 1900 3338 ‚
1942 3280 2076 3344 quod
2102 3282 2267 3334 Devis.
2289 3298 2337 3335 et
2362 3289 2479 3338 Ern-
2507 3293 2560 3342 in

1548 3366 1737 3405 camum
1763 3369 2002 3407 mutarent
2028 3375 2042 3409 :
2071 3362 2219 3411 modo
2237 3367 2370 3428 quod
2390 3384 2558 3432 perum

1548 3447 1677 3484 recte
1699 3435 1761 3484 sd
1792 3437 1955 3487 locum
1982 3455 2125 3504 supra
2146 3443 2200 3500 1,
2244 3459 2265 3490 ι
2288 3479 2303 3502 ,
2339 3446 2557 3511 ableget,

1547 3516 1599 3565 in
1625 3532 1725 3580 quo
1762 3518 1957 3580 penitus
1980 3518 2071 3566 elis
2101 3520 2224 3570 ratio
2259 3535 2345 3572 est.
2381 3526 2558 3578 Coha-

1546 3608 1655 3645 rent
1675 3597 1781 3646 h.1.
1813 3608 1958 3661 pertt.
1994 3609 2093 3646 tam
2121 3634 2134 3645 .
2156 3634 2169 3647 .
2191 3636 2204 3647 .
2234 3614 2316 3660 ut,
2353 3621 2556 3668 querum

1542 3676 1594 3724 iu
1617 3677 1868 3725 relationes
1895 3688 1995 3724 tam
2022 3693 2114 3741 pro
2140 3690 2389 3745 tantopere
2413 3689 2556 3749 poni-

1547 3767 1663 3817 tur3
1698 3756 1765 3804 cf.
1791 3754 1916 3805 Coel.
1949 3772 1975 3817 ⁴7
1995 3790 2010 3815 ,
2037 3758 2116 3805 16.

1620 3850 1668 3897 9.
1695 3835 1999 3883 conversam.
2030 3835 2222 3884 Reizius
2252 3841 2557 3903 praepositio-

1550 3929 1690 3973 nem,
1716 3924 1774 3962 ut
1789 3924 2085 3977 suspectam,
2110 3915 2158 3961 in
2185 3918 2446 3982 exemplari
2464 3935 2557 3967 suo

1550 3993 1737 4041 notavit
1760 4006 1774 4041 ε
1808 3990 1893 4039 sed
1914 3992 2027 4039 vide
2047 3993 2305 4043 Mencken.
2325 3996 2472 4045 Obss.
2497 3998 2553 4044 L.

1552 4070 1606 4119 L.
1635 4087 1686 4121 v.
1707 4081 1990 4119 convertere.
2016 4074 2082 4121 G.
