3217 4784
792 413 915 479 DE
965 412 1134 479 ΗΝ.
1190 412 1398 479 ΒΟΝ.
1456 414 1569 481 ΕΤ
1623 412 1832 483 MAL.
1886 416 2023 497 111,
2078 410 2178 480 ιε’).

2417 410 2546 506 391

432 533 521 602 ab
570 536 937 621 Aristone;
980 559 1115 604 nec
1169 533 1397 605 ullum
1448 534 1815 635 sapientiae
1857 558 2160 619 munus,
2198 548 2320 603 aut
2370 558 2555 629 opus

432 645 890 730 inveniretur,
934 669 1163 740 quum
1213 644 1399 713 inter
1452 668 1566 713 res
1609 667 1767 730 eas,
1823 669 1984 740 quae
2023 643 2112 713 ad
2166 645 2377 717 vitam
2425 643 2552 714 de·

429 753 733 849 gendam
774 758 1261 851 pertinerent,
1309 752 1489 825 nihil
1523 756 1826 825 omnino
1872 756 2278 838 interesset,
2317 778 2555 849 neque

427 865 658 935 ullum
691 864 1053 936 delectum
1089 862 1416 933 adhiberi
1452 877 1844 959 oporteret.
1895 869 2145 958 Itaque
2182 888 2412 959 quum
2453 888 2557 934 es-

425 986 532 1043 set
555 970 614 1015 ¹⁶
658 975 827 1043 satis
869 973 1372 1056 constitutum,
1408 970 1481 1045 id
1520 972 1755 1042 solum
1801 996 1951 1041 esse
1990 971 2267 1049 bonum
2292 1027 2311 1057 ,
2355 973 2553 1069 quod

423 1095 606 1153 esset
625 1080 1042 1166 honestum,
1076 1096 1148 1155 et
1176 1080 1253 1152 id
1278 1081 1544 1159 malum
1578 1081 1817 1151 solum
1836 1134 1856 1167 ,
1886 1081 2086 1176 quod
2114 1097 2364 1179 turpe:
2397 1098 2550 1154 tum

426 1191 612 1259 inter
652 1189 812 1274 illa,
861 1215 1020 1286 quae
1064 1191 1242 1265 nihil
1295 1190 1619 1264 valerent
1659 1191 1752 1271 ad
1797 1190 2006 1265 beate
2043 1197 2394 1267 misereve
2439 1197 2543 1263 vi-

426 1299 776 1384 vendum,
839 1300 1112 1396 aliquid
1154 1316 1436 1390 tamen,
1485 1328 1636 1398 quo
1680 1299 2164 1393 differrentw,
2210 1327 2362 1375 esse
2425 1327 2550 1373 vo-

422 1410 718 1482 luerunt
738 1467 757 1495 ,
794 1427 874 1484 ut
894 1428 1131 1483 essent
1154 1437 1404 1485 eorum
1432 1414 1565 1483 alia
1601 1411 2076 1503 aestimabilia,
2109 1411 2241 1482 alia
2271 1429 2548 1497 contra,

418 1523 551 1593 alia
592 1538 955 1593 neutrum.
982 1528 1159 1614 Quae
1199 1539 1441 1592 antem
1469 1520 1883 1591 aestimanda
1909 1535 2148 1591 essent
2171 1513 2256 1607 ¹⁸,
2294 1546 2545 1592 eorum
2592 1550 2648 1594 51

422 1689 600 1737 benclo.
656 1692 790 1747 Hoc,
832 1691 1022 1754 inquit,
1070 1705 1237 1737 omnes
1286 1687 1436 1737 codd.

424 1770 605 1825 nostri,
653 1784 763 1816 cum
801 1767 919 1815 edd.
982 1778 1100 1816 vett.
1160 1767 1440 1831 plerisque3

420 1846 778 1910 respondetque
803 1847 896 1895 sibi
932 1847 1005 1895 bis
1046 1846 1257 1911 positum
1286 1862 1440 1909 neque

420 1926 589 1974 ullum.
631 1929 696 1972 Ec
731 1938 889 1973 autem
926 1927 975 1972 in
1005 1924 1137 1973 Gud.
1185 1942 1213 1972 2
1255 1935 1304 1973 et
1331 1927 1438 1974 Bas.

423 2015 659 2067 repertam
675 2038 690 2063 ,
709 2005 888 2069 probat
905 2005 1121 2055 auctoris
1135 2022 1278 2067 usus;
1304 2005 1442 2055 solet-

418 2100 513 2147 que
542 2099 595 2129 ea
636 2100 779 2144 sane,
806 2100 966 2148 neque
1008 2084 1081 2132 vel
1116 2101 1204 2132 nec
1243 2101 1442 2148 respon·

418 2162 584 2220 dente,
609 2163 871 2226 saepissime
888 2180 913 2210 n
943 2163 1113 2211 scribis
1142 2163 1347 2229 negligi;
1374 2163 1439 2213 cf.

418 2244 521 2288 Off.
546 2245 617 2288 111
638 2275 654 2302 ,
683 2243 709 2287 3
726 2277 740 2301 ,
772 2252 798 2300 4
815 2245 1149 2303 ,Heuse.-—1u
1184 2243 1438 2307 praecedd.

416 2336 511 2368 non
535 2322 685 2369 ullam
712 2322 982 2384 negativam
1012 2322 1074 2369 ad
1094 2323 1296 2369 verbum
1321 2321 1439 2369 fini-

419 2410 519 2447 tum
536 2435 550 2459 ,
571 2401 675 2448 ulla
702 2412 860 2449 autem
888 2402 950 2449 nd
970 2401 1220 2449 infinitum
1245 2404 1437 2450 referes.

492 2477 757 2543 16.1taque
775 2497 922 2544 quum
943 2493 1068 2529 esset
1098 2518 1109 2531 .
1124 2516 1164 2529 ..
1192 2493 1291 2529 eum
1314 2482 1442 2529 inter

413 2558 501 2605 illa
628 2559 822 2622 aliquid
847 2572 1030 2610 tamen.
1054 2561 1217 2609 Verba
1244 2572 1344 2608 tum
1362 2559 1439 2608 in-

414 2648 485 2684 ter
501 2638 589 2685 illa
611 2671 627 2695 ,
650 2654 713 2685 ex
733 2639 832 2688 Pal.
864 2655 880 2685 ι
911 2634 1067 2697 edita,
1092 2650 1222 2687 recte
1245 2638 1437 2687 firmant

414 2718 541 2780 Spir.
570 2728 618 2764 et
648 2716 745 2767 Erl.
761 2719 852 2765 nisi
870 2719 1002 2782 quod
1021 2720 1101 2767 hic
1121 2736 1228 2765 cum
1248 2729 1437 2783 peccat.

414 2797 744 2859 suffragantur
756 2797 912 2844 cidem
928 2799 1125 2845 lectioni
1138 2801 1251 2847 Bas.
1272 2810 1434 2845 tamen

413 2874 541 2921 inter
560 2875 679 2941 illa,
714 2886 761 2922 et
789 2876 923 2924 Gud.
953 2893 979 2925 2
1003 2913 1018 2936 ,
1050 2889 1097 2927 ec
1121 2890 1283 2927 tamen
1312 2879 1443 2926 inter

413 2951 501 3001 illa
531 2955 788 3003 referentes
833 2968 847 3002 ε
891 2964 1055 3001 tamen
1091 2958 1220 3003 enirn
1256 2957 1435 3020 ubique

412 3049 523 3080 cum
557 3043 657 3078 tum
692 3032 1032 3092 confunditur3
1057 3046 1106 3082 ee
1124 3051 1186 3081 ex
1208 3052 1236 3081 e
1259 3052 1435 3099 pracc-

415 3109 558 3158 deute
580 3121 689 3159 nata
709 3122 797 3160 est.
817 3111 1013 3179 Reliqui
1034 3114 1133 3160 fere
1157 3114 1306 3161 codd.
1329 3114 1434 3161 boec

414 3189 631 3251 addunt,
689 3191 819 3238 varia
859 3191 1087 3251 junctura
1108 3206 1124 3251 ;
1161 3192 1292 3240 unde
1336 3193 1432 3241 hoc

417 3285 556 3332 pron.
577 3269 617 3316 si
637 3270 712 3317 vel
726 3287 826 3317 non
843 3283 1071 3319 contexta
1093 3272 1432 3329 reclamarent,

412 3364 501 3412 per
526 3365 579 3397 se
615 3348 777 3414 ipsum
811 3350 921 3413 jure
954 3351 1173 3414 spurium
1201 3351 1431 3414 argueris.

414 3431 486 3477 De
525 3444 616 3476 usu
663 3440 823 3476 autem
864 3431 1224 3493 conjunctionis
1249 3448 1429 3494 quum,

412 3510 452 3557 si
484 3508 803 3568 conjunctivo
817 3510 1036 3570 junctam
1061 3522 1162 3558 tum
1188 3512 1431 3575 sequitur,

414 3586 524 3635 vide
549 3603 643 3637 nos
666 3587 729 3634 ad
752 3590 895 3652 Legg.
916 3592 989 3648 ΙΙ,
1020 3597 1113 3651 14,
1135 3590 1229 3649 36,
1250 3590 1434 3639 cll.su·

414 3682 497 3729 pra
524 3669 574 3728 1,
602 3668 664 3725 6,
701 3682 789 3731 19,
840 3673 908 3717 At
949 3669 1225 3733 nuperrime
1259 3680 1431 3716 contra

414 3760 503 3791 noe
529 3747 737 3795 surrexit
766 3742 1084 3795 Gernbardus
1108 3746 1171 3793 ad
1198 3747 1296 3795 off.
1327 3748 1425 3807 111,

416 3839 441 3869 ι
463 3857 479 3881 ,
505 3824 550 3872 5.
566 3827 732 3886 Quum
753 3827 883 3873 enim
908 3825 1240 3873 statuissemus
1263 3860 1279 3884 ,
1318 3831 1429 3891 pos!

414 3900 537 3949 hanc
560 3919 707 3965 quum
724 3939 741 3961 ,
784 3905 854 3952 sic
882 3905 1016 3968 sequi
1042 3916 1170 3965 tum,
1196 3915 1248 3953 ut
1267 3916 1430 3951 tamen

415 3981 678 4041 cogitetur,
715 3994 764 4031 et
799 3985 952 4033 nihilo
980 3987 1165 4041 secius,
1196 4002 1287 4048 pro
1318 3984 1429 4031 sim·

418 4057 630 4123 plicitatc
672 4074 833 4111 nostra
851 4100 863 4115 .
908 4075 1232 4117 notassemus‚
1279 4063 1432 4111 solere

421 4149 582 4186 tamen
621 4138 700 4191 his
722 4143 839 4191 addi
864 4162 1058 4208 quoque
1088 4160 1098 4191 :
1132 4147 1193 4192 V.
1221 4147 1281 4191 D.
1310 4159 1430 4190 con·

1522 1699 1593 1735 tra
1614 1688 1784 1736 statuit
1803 1725 1817 1749 ‚
1847 1700 1947 1735 tum
1968 1688 2120 1752 ipsam
2142 1722 2157 1747 ,
2184 1688 2224 1735 si
2251 1704 2427 1755 quum,
2456 1707 2551 1753 pro

1523 1767 1635 1817 licet
1655 1768 1838 1832 posita,
1876 1767 2114 1831 praecedat
2133 1802 2147 1828 ,
2175 1779 2334 1817 tamen
2366 1767 2548 1831 valere3

1524 1845 1621 1892 hoc
1644 1846 1843 1909 quidem
1868 1846 2147 1893 discrimine
2163 1881 2177 1902 ,
2201 1857 2256 1894 ut
2283 1857 2442 1894 tamen
2467 1849 2486 1911 (
2513 1849 2551 1895 si

1525 1935 1642 1988 post
1653 1942 1799 1988 quum
1813 1959 1828 1984 ‚
1850 1924 1963 1973 licet
1980 1934 2229 1974 notantem
2242 1960 2256 1983 ‚
2276 1928 2548 1995 sequatur),

1526 2027 1551 2046 κ
1569 2004 1748 2067 prioris
1771 2005 2022 2059 sementim
2051 2005 2147 2053 vim
2182 2005 2548 2067 quodammodo

1528 2094 1760 2149 temperet
1801 2095 1847 2133 et
1895 2084 2083 2132 minuat
2107 2120 2122 2144 ,
2174 2085 2405 2149 opposito
2449 2102 2509 2132 eo
2530 2119 2546 2143 ‚

1527 2164 1663 2228 quod
1704 2165 1767 2212 sit
1810 2162 1878 2213 illi
1917 2176 2047 2213 certe
2090 2182 2153 2212 ex
2189 2177 2328 2229 parte
2356 2177 2546 2215 contra·

1526 2246 1681 2303 rium;
1719 2252 1821 2290 tum
1840 2243 2039 2290 alteram
2059 2246 2346 2292 sententiam
2374 2256 2546 2308 augeat

1524 2320 1791 2378 addendo,
1828 2322 1964 2387 quod
2003 2339 2103 2385 prae
2139 2324 2292 2372 altero
2319 2335 2543 2387 spectan-

1525 2400 1644 2448 dum
1662 2400 1777 2448 sit».
1793 2400 1872 2446 Sic
1892 2400 2040 2464 igitur
2058 2403 2360 2460 conceditur,
2374 2418 2541 2466 quum,

1524 2480 1615 2527 hac
1644 2481 1693 2526 in
1712 2489 1952 2526 structura
1966 2512 1980 2535 ‚
2013 2478 2128 2528 licet
2147 2480 2302 2527 valere
2321 2514 2336 2539 ,
2376 2481 2511 2543 quod
2531 2514 2546 2541 ,

1523 2559 1617 2605 nisi
1647 2558 1839 2623 penitus
1865 2557 2092 2620 fallimur,
2132 2559 2276 2622 primi
2312 2559 2540 2609 vidimus.

1522 2637 1572 2683 si
1595 2648 1755 2684 autem
1784 2636 1966 2685 Gen-nh.
2005 2648 2105 2685 tum
2142 2655 2234 2702 pro
2257 2650 2419 2685 tamen
2441 2641 2541 2702 ipsa

1524 2716 1732 2779 positam
1749 2715 1877 2771 vult,
1893 2714 1991 2762 hoc
2016 2717 2224 2780 primum
2245 2716 2507 2780 quaerimus
2528 2733 2538 2763 :

1522 2812 1624 2860 quo
1647 2795 1795 2842 modo
1815 2805 1914 2843 cum
1936 2795 2060 2842 hanc
2087 2796 2182 2842 vim
2211 2795 2433 2842 admittat
2455 2827 2471 2851 ‚
2510 2795 2541 2839 i.

1523 2892 1569 2925 e.
1604 2891 1706 2937 quo
1732 2874 1841 2934 jure
1872 2891 1934 2921 ex
1967 2873 2217 2937 particulae
2252 2884 2419 2920 natura
2457 2888 2538 2918 ex-

1523 2954 1693 3019 plicari
1739 2953 1908 3010 liceat,
1948 2962 2048 2997 tum
2064 2987 2081 3008 ,
2139 2961 2303 2997 tamen
2357 2948 2542 3004 valere;

1520 3035 1638 3081 alias
1667 3031 1797 3080 enim
1815 3046 1963 3095 prave
1989 3029 2234 3088 judicaris.
2274 3029 2340 3073 At
2362 3025 2540 3072 nullum

1520 3112 1756 3160 rationem
1796 3109 1848 3154 in
1887 3106 2022 3153 vocis
2054 3104 2200 3168 hujus
2236 3114 2407 3151 natura
2438 3103 2539 3166 ipsa
2608 3124 2615 3143 ι

1521 3186 1852 3252 deprehendes
1881 3183 2062 3231 :debet
2089 3200 2143 3230 ea
2173 3184 2324 3246 igitur
2346 3181 2439 3246 ipsi
2458 3199 2538 3229 ex·

1522 3268 1758 3316 trinsecus
1774 3261 2020 3311 accedere.
2040 3262 2103 3310 G.

1598 3359 1676 3401 17.
1720 3345 1826 3404 Quo
1857 3338 2128 3407 chfferrme.
2167 3341 2374 3399 Omnes,
2417 3354 2543 3402 quos

1522 3422 1761 3479 vidimus,
1799 3431 1848 3467 et
1868 3419 2037 3483 scripti
2059 3431 2108 3467 et
2129 3417 2244 3467 edd.
2261 3427 2386 3467 vett.
2408 3418 2547 3481 quod

1519 3499 1761 3567 differret.
1785 3498 1907 3547 Inde
1929 3498 2232 3563 suspicamur
2249 3531 2265 3556 ‚
2301 3496 2439 3559 quod
2457 3495 2548 3561 dif-

1507 3582 1712 3647 serrem
1734 3578 2046 3628 scribendum
2061 3594 2162 3627 esse
2181 3613 2196 3637 ,
2210 3577 2282 3624 οἷο
2303 3586 2362 3624 ut
2383 3576 2523 3640 quod
2533 3610 2547 3633 ,

1522 3673 1575 3709 ut
1606 3661 1776 3715 toties,
1799 3658 1969 3722 quoad
1981 3667 2140 3705 notet.
2174 3656 2378 3704 Plenam
2399 3653 2551 3703 codd.

1521 3740 1807 3804 scripturam
1832 3738 1994 3785 minus
2019 3735 2312 3802 probamus,
2336 3734 2455 3781 licet
2478 3731 2550 3780 vel

1519 3821 1623 3868 haec
1656 3817 1821 3880 aliquo
1856 3815 2007 3863 ruodo
2042 3814 2242 3863 defendi
2281 3812 2462 3878 possit.
2503 3811 2552 3857 si

1519 3900 1649 3949 enim
1687 3894 1918 3965 differret
1959 3895 2155 3960 legeris,
2193 3909 2273 3941 res
2303 3891 2459 3953 inagis
2497 3905 2558 3935 ex

1523 3982 1771 4030 voluntate
1787 3977 2055 4039 judicantis
2068 4012 2083 4036 ,
2102 3990 2254 4041 quam
2273 3971 2340 4022 ab
2365 3973 2560 4017 interno

1524 4076 1681 4109 rerum
1710 4075 1841 4107 nexu
1867 4055 2118 4122 pendebit.
2142 4055 2209 4100 G.

1600 4142 1678 4188 18.
1708 4140 1827 4201 Qua·
1853 4149 2016 4186 autem
2045 4129 2354 4183 :estimanda
2394 4132 2572 4171 essent.
