3217 4784
828 483 952 551 DE
994 481 1168 548 FIN.
1224 480 1425 549 BON.
1480 481 1595 547 ET
1647 478 1865 546 MAL.
1918 479 2018 557 Il,
2069 498 2122 541 t.

2421 468 2548 565 137

422 603 842 699 opinioneS,
879 599 1317 697 quibuscum
1356 595 1788 680 disserebat,
1833 610 1916 666 ut
1947 593 2039 665 ad
2077 618 2192 680 ea,
2229 602 2464 689 quae¹¹
2507 594 2555 662 ii

405 699 1000 809 respondissent,
1060 711 1120 779 si
1182 706 1361 805 quid
1422 705 1809 790 videretur,
1865 705 2155 775 (liceret.
2209 703 2353 794 Qui
2401 727 2557 772 mos

424 844 652 916 quum
680 844 722 888 a
755 816 1277 915 posterioribus
1309 843 1460 887 non
1500 830 1687 887 esset
1723 829 2085 898 retentus,
2127 813 2555 883 Arcesilas¹²

426 953 593 999 eum
629 930 1024 1013 revocavit3
1062 929 1554 1023 instituitque,
1594 940 1676 995 ut
1720 926 1811 1009 ii,
1842 925 1968 1020 qui
2012 948 2089 993 se
2127 921 2374 993 audire
2410 921 2559 993 vel-

424 1036 616 1123 lent,
666 1063 815 1107 non
870 1036 961 1107 de
998 1062 1073 1107 se
1121 1051 1565 1134 quaererent,
1612 1034 1739 1107 sed
1784 1038 1920 1132 ipsi
1972 1032 2329 1120 dicerent,
2384 1031 2563 1128 quid

428 1152 784 1217 sentirent
804 1139 888 1217 ¹3.
949 1146 1166 1238 Quod
1217 1172 1448 1244 quum
1503 1145 1891 1231 dixissent,
1944 1144 2059 1214 ille
2104 1158 2380 1215 contra.
2424 1141 2565 1214 Sed

427 1260 558 1351 qui
609 1255 1105 1343 audiebant¹4,
1144 1256 1387 1354 quoad
1442 1270 1822 1354 poterant,
1864 1251 2353 1325 defendebant
2395 1277 2566 1323 sen-

428 1368 730 1437 tentiam
766 1392 992 1438 suam.
1034 1368 1250 1465 Apud
1280 1382 1559 1443 cetetos
1598 1382 1841 1437 autem
1889 1362 2398 1462 philosophos,
2438 1366 2564 1460 qui

429 1479 755 1574 quaesivit
787 1477 1057 1575 aliquid
1079 1533 1097 1566 ,
1136 1492 1345 1550 tacet.
1393 1478 1607 1568 Quod
1653 1475 1948 1573 quidem
1973 1473 2122 1567 jam
2151 1472 2233 1543 fit
2256 1469 2318 1518 ¹⁵
2353 1476 2568 1544 etiam

508 1717 589 1750 11.
627 1703 687 1748 Ue
709 1701 783 1748 ad
808 1718 896 1758 ea,
922 1718 1034 1766 qua
1061 1700 1112 1749 ii.
1139 1703 1279 1749 Goer.
1313 1699 1458 1746 vead

432 1780 561 1838 hoec,
613 1797 725 1845 quce
758 1778 828 1828 hi.
871 1783 1010 1837 Jam,
1052 1781 1241 1843 inquit,
1287 1779 1452 1827 Daris.

432 1862 636 1907 rectiora
662 1877 689 1907 e
718 1876 803 1906 sex
833 1860 932 1906 suis
959 1858 1188 1920 dederat,
1218 1859 1312 1905 nisi
1337 1860 1452 1906 Ern.

430 1939 496 1986 ad
523 1938 732 1986 deterius
760 1938 976 1987 redisset.
1006 1941 1078 1985 Ita
1107 1953 1305 2001 quoque
1330 1953 1453 2000 qna·

436 2027 547 2064 tuor
592 2017 773 2074 nostri,
825 2017 1042 2081 editique
1083 2027 1202 2067 vett.
1246 2033 1357 2065 cum
1397 2019 1453 2065 P.

436 2096 588 2143 Mars.
613 2097 665 2140 in
694 2107 902 2158 utroque
934 2097 1125 2160 plures;
1154 2097 1206 2143 in
1243 2096 1455 2161 simplici

435 2173 490 2219 ln·
511 2189 678 2220 omnes
705 2175 1037 2222 consentiunt.
1068 2176 1235 2222 Paucis
1263 2185 1376 2238 post
1404 2174 1454 2221 in

436 2252 598 2299 verbis
622 2261 674 2297 ut
702 2250 756 2299 ke'
779 2252 944 2300 Davis.
972 2254 1218 2316 vulgatum
1243 2253 1284 2300 ii
1302 2252 1455 2300 corri-

438 2346 548 2393 gere
569 2330 841 2393 neglexerat
862 2344 877 2379 :
899 2346 1009 2378 nam
1032 2331 1086 2378 ln·
1107 2331 1253 2378 iidem
1278 2331 1457 2387 nostri,

438 2408 653 2472 editiqne
696 2419 883 2457 veteres
924 2425 1060 2474 aeque
1113 2426 1281 2458 omues
1332 2421 1459 2457 recte

438 2498 650 2537 servant.

515 2583 595 2614 ια.
614 2567 882 2616 Arcesilas.
899 2570 1089 2618 AEtolus
1105 2579 1204 2617 erat
1220 2587 1233 2617 ε
1250 2569 1459 2633 primum

438 2645 688 2693 Crantoris
734 2655 782 2692 et
834 2648 1110 2695 Polemonis
1159 2648 1459 2711 discipulus3

438 2735 634 2771 mortno
650 2722 915 2772 Polemone
930 2760 945 2783 ,
959 2743 987 2775 a
1002 2737 1162 2774 vetere
1175 2727 1433 2775 Academia
1449 2763 1463 2785 ,

437 2817 580 2864 qnam
600 2802 735 2851 Plato
750 2803 1060 2860 condiderat.
1085 2805 1315 2863 descivit,
1330 2807 1463 2870 prin-

439 2895 648 2943 cepsque
680 2880 835 2926 factus
879 2892 951 2928 est
988 2896 1130 2931 novae
1171 2885 1250 2931 vel
1290 2883 1462 2932 mediae

440 2958 740 3014 Academia,
772 2959 912 3017 cujus
949 2973 1051 3007 crat
1086 2961 1261 3024 dogma
1289 2964 1461 3025 praeci·

440 3053 627 3101 puum,
659 3035 794 3083 Nihil
825 3052 965 3099 posse
1001 3040 1382 3102 comprehendi,
1414 3054 1463 3090 et

443 3131 531 3163 nos
556 3114 946 3180 probabilitatem
975 3115 1158 3177 solum,
1191 3134 1292 3164 non
1321 3122 1464 3166 certi-

444 3194 659 3243 tudinem
679 3195 732 3241 in
746 3193 945 3253 judiciis
965 3194 1022 3241 ha
1030 3194 1144 3241 bere
1161 3212 1321 3259 posse.

517 3276 597 3322 13.
624 3275 737 3321 Non
761 3273 824 3320 de
843 3288 896 3320 se
921 3285 1213 3336 quan-erent.
1237 3307 1247 3317 .
1273 3310 1285 3323 .
1316 3276 1465 3323 senti-

443 3364 564 3401 rem.
577 3355 651 3402 Ne
666 3353 718 3399 in
731 3364 861 3400 certa
876 3354 971 3401 loci
991 3357 1224 3402 sententia
1243 3354 1465 3415 fluctues,

446 3433 518 3479 vis
536 3432 710 3480 borum
729 3431 833 3479 haec
854 3443 957 3480 est:
982 3456 1006 3475 α
1026 3433 1263 3481 Arcesilas
1282 3434 1465 3493 noluit,

445 3523 498 3558 ut
513 3511 739 3576 discipuli
760 3512 1041 3575 simpliciter
1062 3529 1122 3560 ex
1140 3514 1250 3577 ipso
1269 3513 1321 3561 id
1340 3530 1469 3576 quae-

448 3602 601 3639 rerent
613 3627 628 3651 ,
642 3592 779 3651 cuius
798 3592 865 3637 rei
881 3593 1228 3640 accuratiorem
1242 3593 1465 3641 notitiam

445 3669 771 3735 appetebant:
800 3669 886 3716 sed
900 3672 1039 3730 jussit
1062 3687 1145 3717 eos
1163 3671 1314 3734 ipsam
1338 3688 1465 3731 rem,

444 3751 499 3797 in
536 3760 773 3812 quantum
812 3764 914 3796 eam
960 3750 1428 3813 comprehenderent
1450 3785 1466 3806 ‚

445 3843 704 3892 exponere.
738 3828 863 3874 Tum
889 3826 971 3875 ille
999 3826 1324 3876 dissentientis
1351 3844 1467 3893 par-

446 3917 520 3954 tes
543 3906 836 3970 suscipiebat
851 3941 866 3964 ,
888 3918 1036 3970 atque
1060 3908 1124 3954 ita
1150 3910 1468 3971 questionem

451 3986 512 4033 ab
529 3996 733 4049 utraque
752 3996 890 4049 parte
911 3986 1187 4034 excutiebat
1206 4008 1249 4035 a.
1275 3990 1348 4035 De
1371 3987 1469 4034 for-

456 4079 530 4110 ma
550 4080 766 4127 quarere
783 4064 845 4111 de
860 4064 1053 4130 aliquo,
1082 4067 1193 4113 vide
1212 4066 1318 4113 loca
1337 4066 1469 4129 apud

456 4141 708 4190 Mencken.
727 4143 871 4191 Obss.
895 4160 944 4207 ρ.
967 4144 1068 4206 819
1088 4178 1102 4204 ,
1125 4144 1177 4191 b.
1202 4161 1246 4192 v.
1274 4145 1337 4192 G.

532 4227 611 4275 ³4·
646 4221 743 4268 Sed
775 4221 862 4285 qm'
883 4222 1160 4270 mediabant.
1204 4225 1326 4287 Spir.
1369 4223 1469 4273 Erl.

1544 1709 1593 1744 et
1616 1699 1725 1746 Bas.
1753 1695 1843 1744 sed
1865 1711 2005 1753 enm,
2042 1693 2131 1758 qui
2152 1692 2273 1741 aud.
2302 1692 2453 1754 Quod
2481 1694 2570 1742 de·

1544 1776 1678 1823 fendi
1700 1775 1815 1823 licet
1834 1774 1958 1821 locis
1975 1783 2046 1820 sat
2067 1772 2232 1819 multis
2251 1772 2371 1834 illis,
2393 1773 2572 1836 quibus

1544 1866 1716 1903 auctor
1740 1852 2022 1919 pronomini
2058 1851 2134 1900 illi
2163 1852 2237 1900 sic
2271 1850 2314 1898 is
2344 1851 2572 1912 subjicit,

1544 1946 1603 1983 nt
1619 1933 1860 1999 superflue
1885 1931 2106 1979 additum
2125 1930 2364 1978 videatur.
2381 1930 2574 1980 Acadd.

1547 2018 1603 2077 1,
1644 2031 1685 2076 r,
1716 2029 1736 2061 1
1762 2029 1776 2063 ε
1805 2035 1830 2054 α
1848 2013 2011 2075 Atque
2043 2011 2178 2058 illum
2206 2010 2477 2073 complexi,
2516 2022 2576 2058 nt

1547 2109 1654 2141 mos
1689 2093 1956 2140 amicorum
1988 2100 2089 2146 est,
2130 2090 2244 2137 satis
2284 2104 2394 2137 eum
2421 2088 2573 2151 longo

1548 2172 1805 2221 intervallo
1828 2170 1891 2218 ad
1908 2185 2042 2217 suam
2062 2168 2223 2217 villam
2240 2168 2521 2216 reduximus
2534 2191 2572 2216 ι.

1549 2252 1628 2299 Cf.
1665 2250 1901 2313 Heusing.
1940 2249 2002 2296 ad
2037 2249 2137 2296 Off.
2176 2250 2230 2306 1,
2263 2249 2358 2305 38,
2390 2248 2451 2307 5,
2487 2247 2571 2295 cll.

1552 2331 1722 2378 Garat.
1748 2328 1811 2376 ad
1838 2328 1980 2376 Catil.
2009 2331 2082 2386 11,
2115 2344 2171 2374 ta
2189 2362 2203 2385 ,
2235 2343 2298 2389 ²7
2318 2343 2330 2374 :
2352 2326 2576 2391 inprimis

1550 2407 1592 2454 si
1619 2407 1887 2455 observaris
1904 2441 1919 2464 ‚
1946 2417 2050 2454 tum
2075 2406 2127 2454 id
2151 2408 2356 2454 maxime
2375 2405 2507 2464 fieri,
2533 2407 2572 2454 si

1551 2488 1694 2536 notio
1711 2488 1937 2552 primaria
1963 2485 2129 2550 paullo
2153 2486 2299 2534 altius
2318 2486 2573 2549 praegredi-

1551 2578 1648 2615 tur.
1695 2568 1799 2615 Nec
1815 2601 1830 2625 ,
1878 2583 1987 2613 eum
2033 2565 2235 2613 relativo
2275 2566 2574 2628 praemissnm

1552 2663 1655 2694 esse
1666 2681 1680 2705 ,
1695 2646 1943 2694 offendere
1962 2644 2122 2699 debet,
2139 2660 2290 2708 quum
2302 2644 2400 2692 boc
2416 2647 2576 2707 ipsum

1552 2726 1777 2774 Ciceroni
1822 2724 2242 2772 familiarissimum
2285 2724 2366 2772 sit.
2402 2724 2576 2787 Neque

1551 2804 2015 2870 praetermittendum
2044 2816 2146 2863 est,
2170 2821 2311 2868 posse
2331 2819 2440 2851 eum
2462 2816 2577 2865 pro-

1520 2899 1535 2912 ‘
1551 2885 1738 2932 nomini
1760 2901 1900 2932 secam
1926 2885 2206 2947 oppositum
2226 2882 2417 2945 putari,
2441 2880 2576 2942 quod

1555 2979 1665 3011 cum
1700 2965 1750 3009 vi
1779 2962 2041 3010 clausulam
2082 2968 2305 3022 occupat.
2348 2960 2459 3004 Hoc
2485 2973 2580 3003 ma-

1553 3044 1684 3090 xime
1710 3058 1804 3089 nos
1831 3041 1987 3088 movit
2003 3073 2017 3096 ,
2050 3054 2198 3101 qnare
2231 3051 2338 3082 eum
2365 3050 2465 3081 non
2491 3033 2579 3081 ad-

1552 3122 1850 3178 miserimus;
1891 3116 2028 3181 quod
2060 3117 2203 3162 toties
2234 3113 2275 3160 is
2302 3123 2413 3159 ante
2440 3110 2528 3177 qm‘
2551 3130 2577 3159 a

1553 3198 1727 3247 scribis
1752 3197 2037 3252 inculcatur,
2066 3203 2122 3242 ut
2151 3191 2421 3240 difficillimi
2443 3192 2578 3254 judi-

1555 3278 1622 3325 cii
1660 3278 1746 3333 sit,
1790 3283 2012 3323 accurate
2051 3272 2234 3336 ubique
2280 3270 2576 3332 diiudicare,

1553 3366 1712 3402 utram
1761 3355 1814 3401 in
1859 3362 2044 3417 partem
2089 3352 2151 3400 sit
2200 3351 2576 3400 decernendum.

1555 3433 1746 3481 Deinde
1785 3432 2240 3495 circumloquamur
2279 3432 2423 3478 verba
2442 3465 2457 3488 ,
2496 3431 2583 3495 qui

1556 3511 1857 3570 audiebant,
1904 3510 2134 3559 Arcesilae
2185 3511 2449 3574 discipulos
2465 3546 2478 3569 ‚
2532 3521 2581 3558 et

1555 3606 1685 3654 sape
1706 3592 1775 3638 sic
1796 3590 2017 3638 absolute
2039 3601 2310 3653 ponuntur,
2336 3590 2473 3637 Brut,
2493 3590 2582 3648 45,

1562 3667 1662 3718 185
1683 3706 1699 3732 ‚
1726 3680 1818 3717 etc.
1858 3671 2172 3717 Praecesserat
2213 3670 2379 3729 etiam,
2419 3668 2582 3732 quise

1557 3749 1729 3797 audire
1761 3750 1960 3799 vellent.
1999 3747 2137 3797 Adde
2173 3749 2296 3807 huc,
2332 3748 2469 3811 qnod
2500 3746 2582 3794 ille

1557 3830 1695 3893 quasi
1723 3830 2029 3892 pleonasmus
2054 3827 2362 3892 potissimum
2386 3829 2437 3873 in
2457 3841 2581 3874 neu-

1559 3920 1638 3956 tro
1679 3924 1788 3971 gen.
1833 3923 2013 3972 pronn.
2054 3908 2255 3955 istorum
2297 3905 2459 3954 locum
2500 3906 2582 3951 ba·

1557 3986 1662 4035 bet.
1690 3988 1751 4035 G.

1635 4083 1654 4113 ι
1667 4067 1717 4115 5.
1743 4065 1890 4128 Quod
1895 4063 2088 4129 quidem
2093 4065 2207 4129 jam
2211 4064 2282 4131 fit
2296 4063 2465 4119 etiam,
2487 4070 2580 4108 etc.

1559 4145 1658 4192 Erl.
1683 4156 1732 4193 et
1748 4144 1880 4209 Spir.
1909 4144 2134 4208 ignorant
2158 4142 2324 4190 etiam.
2351 4142 2457 4187 Bas.
2466 4138 2578 4203 jam

1559 4221 1761 4288 etiams
1781 4223 1910 4274 Gud.
1929 4240 1980 4285 a,
1999 4222 2083 4288 qm'
2101 4220 2293 4287 quidem
2316 4218 2458 4267 etiam
2473 4218 2581 4282 jam
