3217 4784
856 355 980 422 DE
1029 354 1195 423 rm.
1248 354 1452 423 Bou.
1505 356 1621 423 ET
1668 355 1885 422 MAL.
1946 357 2014 440 Ι,
2061 376 2168 422 12.

2473 359 2556 428 81

441 473 767 547 tudinem
818 475 1167 561 celeritas,
1202 473 1754 549 diuturnitatem
1813 468 2193 546 allevatio⁵
2237 482 2568 553 console·-

441 600 577 656 tur.
622 586 734 657 Ad
770 610 854 658 ea
887 612 1118 684 quum
1160 586 1471 676 accedit,
1521 601 1605 659 ut
1637 610 1875 681 neque
1917 584 2244 658 divinum
2289 614 2559 664 numen
2603 633 2666 680 μ

444 696 763 785 horreat,
816 723 951 769 uec
991 700 1385 795 praeteritus
1432 696 1840 793 uoluptates
1889 695 2186 767 effluere
2239 703 2574 796 patiatur,

442 831 839 904 earumque
903 808 1188 879 assidua
1239 807 1745 896 recordatione
1795 807 2075 878 laetetur
2123 835 2140 877 ε
2186 810 2366 905 quid
2418 829 2526 885 est
2551 869 2571 900 ,

332 942 337 948 ⁴
443 917 650 1014 quod
682 918 828 989 huc
862 921 1128 1015 possit,
1164 918 1361 1012 quod
1398 919 1658 991 melius
1693 918 1821 1003 sit,
1863 917 2298 992 accederess?
2331 925 2576 995 Statue

445 1041 695 1098 contra
747 1027 1065 1124 aliquem
1114 1028 1529 1099 confectum
1577 1031 1804 1123 tantis·
1836 1029 2062 1099 animi
2100 1035 2576 1131 corporisque

446 1136 855 1222 doloribu5‚
898 1140 1151 1235 quanti
1203 1140 1279 1208 in
1335 1138 1712 1210 hominem
1756 1140 2047 1209 maximi
2103 1139 2358 1214 cadere
2405 1168 2577 1241 pos·-

444 1261 659 1335 sunt,
722 1247 922 1320 nulla
974 1271 1102 1346 spe
1163 1248 1533 1347 proposita
1559 1303 1579 1332 ,
1651 1246 1806 1321 fore
1868 1248 2097 1319 levius
2149 1249 2578 1347 aliquando,

450 1356 648 1427 nulla
689 1371 1029 1456 praeterea
1076 1381 1210 1428 nec
1251 1360 1624 1455 praesenti,
1685 1382 1822 1429 nec
1872 1372 2326 1455 exspectata⁷
2367 1362 2580 1434 mlu-

452 1479 686 1563 ptate:
727 1466 909 1566 quid
945 1494 1034 1541 eo
1071 1470 1396 1541 miserius
1415 1466 1583 1558 dici,
1617 1483 1744 1539 aut
1778 1466 1954 1565 fingi
1987 1470 2499 1565 potest?Quod
2527 1477 2586 1545 si

450 1719 904 1783 praetermissurum.
927 1717 1157 1765 Ceterum
1178 1717 1289 1765 vide
1305 1730 1398 1763 nos
1417 1714 1481 1762 ad

453 1797 647 1847 Acsdd.
675 1800 757 1856 11,
796 1806 894 1855 42,
940 1812 1056 1857 ¹29·

524 1877 575 1926 5.
604 1880 667 1925 Ut
683 1877 785 1942 ejus
816 1871 1209 1939 magnitudinem
1228 1872 1479 1931 celeritas,

450 1955 816 2004 diuturnitatem
839 1951 1087 2002 allevatio.
1123 1952 1256 2016 Spir.
1292 1951 1396 2000 Erl.
1433 1953 1483 2000 et

452 2035 584 2083 Gud.
615 2051 671 2095 α,
699 2045 749 2082 et
770 2050 866 2099 pro
889 2045 958 2083 ut.
988 2029 1136 2094 Quod
1154 2030 1286 2078 haud
1307 2046 1479 2096 parum

454 2112 633 2162 arridet
653 2148 667 2171 ,
693 2115 736 2160 si
755 2123 804 2159 et
818 2127 911 2176 pro
929 2122 976 2159 et
996 2110 1068 2158 ita
1086 2110 1330 2175 acceperis
1353 2126 1367 2159 ε
1386 2125 1480 2165 nec

459 2193 576 2240 satis
603 2191 727 2238 bene
748 2190 815 2253 tid¹
836 2190 940 2237 haec
975 2200 1029 2236 ut
1054 2189 1326 2252 apodoseos
1361 2204 1481 2252 quu-

458 2271 584 2319 drat.
628 2267 818 2318 Deinde
856 2269 966 2315 Bas.
1004 2276 1053 2313 et
1078 2268 1223 2314 Vien.
1260 2266 1481 2315 :alleva-

456 2351 640 2398 tionem
675 2345 968 2394 diuturnitas
992 2366 1036 2394 κ.
1069 2344 1166 2391 Sed
1200 2344 1482 2406 huiusmodi

454 2429 569 2477 vitia
585 2463 600 2487 ,
638 2425 804 2475 nescio
824 2441 921 2487 qua
947 2423 1214 2475 scribarum
1240 2425 1482 2489 negligen-

454 2510 550 2569 tia,
580 2507 867 2557 creberrima
907 2514 1046 2563 sunt,
1074 2520 1125 2553 v.
1159 2519 1210 2552 c.
1242 2502 1272 2568 S
1300 2514 1363 2562 41
1388 2502 1477 2553 fin.

455 2590 560 2638 bini
602 2588 698 2637 mei
740 2607 766 2628 α
791 2596 843 2633 et
886 2583 1082 2631 dolores
1125 2583 1191 2630 ad
1235 2583 1482 2647 aegritudi·

404 2656 411 2661 ’
455 2685 570 2717 nem
596 2689 636 2713 n.
666 2668 824 2714 Aures
850 2678 992 2720 sane,
1021 2663 1064 2710 si
1100 2678 1179 2709 ens
1214 2662 1481 2710 consulue-

456 2749 546 2806 n‘s,
565 2746 819 2805 addicunt.
849 2746 908 2791 In
944 2743 1175 2791 allevatio
1200 2744 1371 2808 scripti
1398 2758 1482 2789 va-

454 2827 585 2875 riant
612 2842 626 2875 ε
662 2825 769 2873 bini
797 2834 930 2871 certe
955 2821 1050 2869 mei
1076 2822 1279 2869 elevatio
1298 2858 1314 2884 ‚
1348 2821 1485 2886 quod

459 2921 594 2970 aeqne
649 2903 871 2964 bonnm;
922 2899 1008 2949 sed
1051 2899 1186 2949 haud
1225 2900 1373 2950 dubie
1421 2917 1484 2950 ex

457 2983 784 3033 correctione.
816 2981 880 3029 G.

530 3064 583 3112 6.
625 3060 771 3127 Quod
803 3061 897 3108 luae
924 3057 1081 3124 possit
1107 3093 1122 3106 .
1142 3089 1158 3104 .
1177 3093 1191 3106 .

460 3143 604 3190 Goer.
633 3141 717 3189 dat
746 3139 885 3203 quod
919 3136 1033 3185 huie
1055 3153 1133 3200 p..
1154 3170 1167 3184 .
1189 3171 1203 3185 .

1231 3058 1482 3108 accedere.

1241 3136 1485 3186 accidere.

302 3208 309 3217 ⁸
394 3226 397 3231 ’
458 3221 573 3270 Erl..
590 3219 780 3282 inquit,
806 3229 857 3266 et
884 3219 1010 3281 Spir.
1035 3215 1130 3263 lucc
1146 3231 1201 3279 p.
1225 3215 1449 3265 accidet·
1466 3232 1487 3272 ‚-

360 3304 369 3313 ‘
459 3301 590 3351 Gud.
630 3316 688 3357 a,
725 3313 837 3345 cum
870 3295 1065 3361 scriptis
1099 3295 1343 3359 plerisque
1370 3293 1488 3343 ‘huic

446 3399 508 3447 p.
527 3380 752 3429 accidere
790 3395 809 3425 .·
852 3379 920 3435 sic
940 3377 1087 3435 etiam
1119 3376 1273 3423 Mars.
1292 3384 1345 3422 et
1367 3374 1484 3431 edd.

461 3472 583 3509 vett.
600 3458 898 3523 complures.
922 3456 1058 3507 Gud.
1076 3466 1125 3504 et
1143 3456 1250 3503 Bas.
1267 3454 1408 3503 hinc.
1428 3488 1442 3502 .
1464 3489 1476 3503 .

461 3538 629 3588 acced.
650 3537 858 3601 Vulgata
886 3537 1033 3584 refert
1054 3535 1151 3585 buc
1161 3552 1219 3600 p.
1235 3568 1251 3584 .
1268 3564 1287 3589 q
1305 3566 1323 3583 .
1348 3550 1489 3585 acee-

461 3618 597 3667 dere.
624 3616 720 3665 sed
742 3615 912 3679 paucis
948 3625 1089 3672 ante,
1126 3612 1231 3660 aad
1254 3629 1311 3661 ea
1337 3629 1487 3676 quum

461 3696 652 3745 accedit
668 3718 694 3739 n
708 3731 725 3755 ,
754 3704 1061 3759 praecesserat
1080 3709 1095 3753 ;
1130 3709 1220 3739 nec
1243 3708 1400 3741 semo
1416 3704 1489 3741 est

463 3775 523 3825 de
541 3786 672 3823 statu
684 3810 700 3835 ,
720 3775 773 3822 in
786 3791 886 3840 quo
905 3776 1053 3823 homo
1070 3771 1271 3836 lingitur
1284 3806 1300 3833 ,
1316 3773 1411 3827 ,sed
1430 3773 1490 3821 de

461 3855 797 3918 homine„qni
820 3855 870 3902 in
891 3864 1024 3903 statu
1041 3851 1243 3915 fingitur
1269 3866 1283 3900 ε
1310 3853 1490 3901 notius

465 3934 614 3998 igitur
630 3931 765 3982 huic.
785 3966 799 3979 .
822 3966 836 3980 .
869 3930 1092 3980 accidere
1103 3949 1124 3988 ;
1152 3930 1302 3994 idque
1314 3932 1488 3995 magis,

466 4028 616 4074 quum
650 4013 798 4081 longe
838 4011 1138 4075 tin-aquenum
1176 4010 1398 4061 accidere
1439 4012 1489 4060 in

468 4092 729 4151 accedere,
755 4109 901 4157 quam
921 4091 1030 4139 vice
1057 4107 1188 4139 versa
1207 4126 1221 4149 ,
1258 4101 1487 4145 mutetur.

664 4182 754 4248 ῙῘ.
798 4195 894 4244 cte.
912 4212 1032 4263 pars
1054 4195 1206 4244 tertia.

1561 1714 1707 1764 Adde
1726 1715 1850 1773 huc,
1879 1722 2123 1764 auctorem
2142 1751 2157 1775 ,
2184 1717 2226 1761 si
2245 1716 2483 1765 accedere
2501 1719 2588 1768 de·

1562 1794 1710 1843 disset
1732 1829 1746 1853 ,
1781 1795 1869 1842 vix
1883 1830 1899 1855 ,
1926 1816 1952 1836 κ
1981 1794 2116 1859 quod
2138 1794 2310 1843 melius
2328 1795 2390 1842 sit
2408 1818 2434 1839 n
2450 1832 2467 1857 ‚
2500 1797 2589 1846 ad·

1562 1871 1803 1941 junxisse.

1647 1969 1694 2014 7.
1728 1952 1883 2000 Nulla
1916 1962 2154 2016 praterea
2198 1968 2287 1999 nec
2323 1954 2587 2019 praesenti,

1562 2047 1653 2079 nec
1671 2042 1974 2095 exspectata.
2002 2033 2210 2079 Goerenz
2232 2032 2403 2083 scribit
2447 2036 2590 2085 nulla

1552 2128 1637 2176 pr.
1676 2126 1832 2174 neque
1854 2110 2118 2174 praesenti,
2143 2128 2302 2176 neque
2326 2100 2589 2177 exspecta-

1564 2200 1641 2247 ta,
1684 2200 1966 2253 notatquc,:
2014 2190 2176 2241 Bremi
2215 2203 2356 2255 putet
2390 2196 2444 2243 P.
2479 2197 2589 2245 Μει-

1562 2278 1669 2325 nut.
1683 2269 1942 2332 ptaeterita
1955 2270 2164 2321 scribere
2183 2270 2391 2331 Noluisse
2405 2308 2419 2333 ‚
2437 2289 2591 2337 quum

1564 2360 1636 2393 se·
1655 2358 1901 2408 praterea
1945 2349 2217 2411 reposuisse
2267 2350 2413 2401 dicat.
2457 2352 2591 2404 Illud

1565 2435 1725 2481 servat
1748 2427 1892 2475 etiam
1925 2427 2090 2474 Oxou.
2122 2422 2162 2483 ξ.
2201 2438 2249 2475 et
2270 2430 2402 2479 Crat.
2434 2431 2591 2498 quue

1563 2504 1648 2551 ille
1666 2503 1782 2553 intle
1802 2518 1904 2551 non
1921 2504 2147 2568 repudiat
2161 2540 2176 2564 ,
2198 2508 2336 2569 qnod
2353 2510 2592 2573 Epicurum

1564 2584 1824 2647 praeteritae
1863 2582 2126 2648 voluptatis
2157 2587 2406 2636 memoriae
2455 2590 2590 2639 hand

1558 2661 1962 2729 pemati-ibunt.
1995 2663 2180 2712 Vocem
2218 2667 2336 2715 olim
2364 2685 2425 2717 ex
2453 2686 2589 2718 com-

1564 2742 1754 2805 pendio
1770 2742 2001 2806 scriptam
2039 2754 2241 2795 testatur
2266 2748 2397 2796 Gud.
2421 2766 2449 2796 a
2465 2783 2480 2807 ,
2505 2751 2593 2813 qui

1557 2837 1724 2886 prava
1750 2831 1940 2885 peccat.
1968 2823 2029 2870 Et
2051 2839 2165 2871 sane
2192 2826 2233 2872 si
2251 2826 2496 2889 praecedd.
2523 2830 2594 2876 vi-

1568 2900 1708 2957 deas,
1747 2900 1834 2947 ubi
1861 2915 2044 2949 summa
2072 2902 2324 2965 voluptate
2358 2904 2523 2951 fruens
2550 2906 2594 2952 is

1568 2979 1780 3041 dicitur,
1824 2981 1911 3043 qui
1966 3001 1990 3022 ι
2027 2995 2118 3027 nec
2164 2982 2432 3043 praeteritas
2470 2983 2593 3031 vell.

1567 3059 1765 3109 effluere
1785 3061 2014 3123 patiatur,
2028 3074 2288 3121 earumque
2311 3059 2503 3109 assiduo
2520 3078 2594 3110 re.

1568 3138 1858 3189 cordatione
1886 3137 2113 3184 laetetnr»
2151 3150 2166 3185 ;
2196 3137 2250 3183 in
2275 3137 2367 3186 hac
2391 3141 2595 3205 opposi-

1570 3218 1706 3265 tione
1727 3214 1987 3283 proeterita
2014 3224 2141 3261 recte
2175 3213 2275 3279 legi
2307 3233 2450 3281 pom
2495 3231 2593 3269 ⁸2⁸..

1577 3306 1700 3342 tues.
1752 3295 1898 3341 Posse
1921 3328 1938 3353 ‚
1978 3294 2198 3342 concedo
2235 3310 2250 3343 :
2295 3299 2385 3345 sed
2421 3299 2595 3350 debere

1569 3387 1733 3436 nego3
1770 3388 1881 3419 nam
1905 3383 2008 3420 tum
2030 3384 2227 3427 auctor,
2252 3387 2307 3425 ut
2328 3378 2482 3438 solet,
2515 3381 2594 3429 vel

1571 3474 1597 3495 α
1618 3450 1750 3499 nulla
1769 3467 1860 3500 nec
1879 3453 2116 3515 praeterita
2136 3475 2157 3495 ι
2199 3455 2468 3519 scripsisset
2483 3493 2497 3517 ,
2518 3461 2596 3507 vel

1570 3542 1646 3580 ter
1674 3532 1815 3580 nulla
1853 3533 2169 3595 repetivisset.
2211 3536 2316 3583 Nec
2337 3537 2388 3583 in
2426 3537 2596 3589 dolore

1571 3615 1756 3665 solatur
1788 3617 2027 3681 praeteritn
2048 3616 2277 3683 voluptas
2290 3655 2307 3681 ,
2321 3636 2328 3643 ·
2343 3621 2432 3669 sed
2447 3622 2596 3684 hujus

1572 3696 1849 3744 recordatio
1875 3696 2012 3745 illum
2039 3698 2136 3746 fere
2163 3698 2462 3751 acerbiorem
2487 3703 2597 3751 red-

1576 3777 1679 3834 dit,
1713 3776 1806 3824 nisi
1848 3793 1982 3840 spem
2016 3777 2215 3825 laetioris
2251 3778 2302 3826 in
2345 3792 2598 3843 posterum

1573 3856 1717 3905 sortis
1769 3855 1946 3903 referre
1997 3856 2112 3903 inde
2160 3857 2322 3906 liceat.
2370 3860 2597 3911 ceterum

1577 3951 1745 3984 omnes
1764 3935 1920 3983 nostri
1933 3969 1949 3993 ‚
1975 3947 2186 3998 quatuor
2204 3936 2408 3987 Oxonn.
2435 3950 2484 3989 et
2503 3941 2598 3987 Da·

1578 4014 1689 4061 visii
1711 4012 1986 4078 exemplum
2000 4013 2227 4078 idemque
2247 4018 2300 4063 P.
2322 4017 2472 4064 Marsi
2490 4016 2601 4065 alia-

1577 4108 1810 4159 rumque,
1833 4108 1992 4156 neque
2021 4128 2033 4141 .
2056 4128 2068 4141 .
2089 4128 2105 4142 .
2137 4084 2326 4159 neque}
2350 4080 2443 4157 pro
2470 4094 2601 4158 vulg,

2362 4176 2409 4244 6
