<?xml version="1.0" encoding="UTF-8"?>
<!DOCTYPE html PUBLIC "-//W3C//DTD XHTML 1.0 Transitional//EN"
    "http://www.w3.org/TR/xhtml1/DTD/xhtml1-transitional.dtd">
<html xmlns="http://www.w3.org/1999/xhtml" xml:lang="en" lang="en">
 <head>
  <title>
</title>
<meta http-equiv="Content-Type" content="text/html;charset=utf-8" />
  <meta name='ocr-system' content='tesseract 3.04.00' />
  <meta name='ocr-capabilities' content='ocr_page ocr_carea ocr_par ocr_line ocrx_word'/>
</head>
<body>
  <div class='ocr_page' id='page_1' title='image "./mtciceronisquae00clergoog/mtciceronisquae00clergoog_0336.png"; bbox 0 0 3217 4784; ppageno 0'>
   <div class='ocr_carea' id='block_1_1' title="bbox 680 396 2128 479">
    <p class='ocr_par' dir='ltr' id='par_1_1' title="bbox 680 396 2128 479">
     <span class='ocr_line' id='line_1_1' title="bbox 680 396 2128 479; baseline -0.003 0"><span class='ocrx_word' id='word_1_1' title='bbox 680 396 822 479; x_wconf 79' lang='lat'>3&#39;16</span> <span class='ocrx_word' id='word_1_2' title='bbox 1341 408 2128 478; x_wconf 87' lang='lat' dir='ltr'><strong>ARGUMENTUM.</strong></span> 
     </span>
    </p>
   </div>
   <div class='ocr_carea' id='block_1_2' title="bbox 675 525 2866 4185">
    <p class='ocr_par' dir='ltr' id='par_1_2' title="bbox 712 525 2866 2249">
     <span class='ocr_line' id='line_1_2' title="bbox 752 525 2806 608; baseline -0 -20"><span class='ocrx_word' id='word_1_3' title='bbox 752 548 940 608; x_wconf 75' lang='lat' dir='ltr'>pauca</span> <span class='ocrx_word' id='word_1_4' title='bbox 965 529 1041 587; x_wconf 90' lang='lat' dir='ltr'>de</span> <span class='ocrx_word' id='word_1_5' title='bbox 1069 526 1398 588; x_wconf 86' lang='lat' dir='ltr'>Stoicarum</span> <span class='ocrx_word' id='word_1_6' title='bbox 1428 529 1722 589; x_wconf 83' lang='lat' dir='ltr'>rationum</span> <span class='ocrx_word' id='word_1_7' title='bbox 1774 528 2117 589; x_wconf 82' lang='lat' dir='ltr'>difficultate</span> <span class='ocrx_word' id='word_1_8' title='bbox 2161 540 2222 585; x_wconf 90' lang='lat' dir='ltr'>et</span> <span class='ocrx_word' id='word_1_9' title='bbox 2268 525 2625 586; x_wconf 79' lang='lat' dir='ltr'><strong>obscuritate</strong></span> <span class='ocrx_word' id='word_1_10' title='bbox 2644 572 2661 600; x_wconf 92' lang='lat'>,</span> <span class='ocrx_word' id='word_1_11' title='bbox 2713 532 2806 587; x_wconf 90' lang='lat' dir='ltr'>in-</span> 
     </span>
     <span class='ocr_line' id='line_1_3' title="bbox 752 623 2806 704; baseline -0 -20"><span class='ocrx_word' id='word_1_12' title='bbox 752 626 953 704; x_wconf 89' lang='lat' dir='ltr'>primis</span> <span class='ocrx_word' id='word_1_13' title='bbox 984 625 1165 683; x_wconf 80' lang='lat' dir='ltr'>latino</span> <span class='ocrx_word' id='word_1_14' title='bbox 1207 644 1473 684; x_wconf 82' lang='lat' dir='ltr'>sermone</span> <span class='ocrx_word' id='word_1_15' title='bbox 1513 645 1611 685; x_wconf 80' lang='lat' dir='ltr'>eas</span> <span class='ocrx_word' id='word_1_16' title='bbox 1658 626 1949 699; x_wconf 81' lang='lat' dir='ltr'>enarranti</span> <span class='ocrx_word' id='word_1_17' title='bbox 1974 673 1992 701; x_wconf 90' lang='lat'><strong><em>‚</em></strong></span> <span class='ocrx_word' id='word_1_18' title='bbox 2050 644 2174 683; x_wconf 89' lang='lat' dir='ltr'>rem</span> <span class='ocrx_word' id='word_1_19' title='bbox 2222 623 2406 702; x_wconf 82' lang='lat' dir='ltr'>ipsam</span> <span class='ocrx_word' id='word_1_20' title='bbox 2456 623 2806 704; x_wconf 77' lang='lat' dir='ltr'><strong>aggreditur,</strong></span> 
     </span>
     <span class='ocr_line' id='line_1_4' title="bbox 749 722 1041 795; baseline 0 -16"><span class='ocrx_word' id='word_1_21' title='bbox 749 729 780 795; x_wconf 80' lang='lat' dir='ltr'>S</span> <span class='ocrx_word' id='word_1_22' title='bbox 806 722 911 793; x_wconf 78' lang='lat'>15,</span> <span class='ocrx_word' id='word_1_23' title='bbox 948 722 1041 779; x_wconf 89' lang='lat'>16.</span> 
     </span>
     <span class='ocr_line' id='line_1_5' title="bbox 828 816 2805 898; baseline 0.001 -21"><span class='ocrx_word' id='word_1_24' title='bbox 828 821 1021 877; x_wconf 85' lang='lat' dir='ltr'>Omne</span> <span class='ocrx_word' id='word_1_25' title='bbox 1062 816 1308 891; x_wconf 83' lang='lat' dir='ltr'>animal,</span> <span class='ocrx_word' id='word_1_26' title='bbox 1338 838 1410 876; x_wconf 84' lang='lat' dir='ltr'>ex</span> <span class='ocrx_word' id='word_1_27' title='bbox 1450 837 1570 897; x_wconf 88' lang='lat' dir='ltr'>quo</span> <span class='ocrx_word' id='word_1_28' title='bbox 1599 831 1802 877; x_wconf 87' lang='lat' dir='ltr'>natum</span> <span class='ocrx_word' id='word_1_29' title='bbox 1842 819 1951 887; x_wconf 85' lang='lat' dir='ltr'>sit,</span> <span class='ocrx_word' id='word_1_30' title='bbox 1980 838 2052 877; x_wconf 91' lang='lat' dir='ltr'>eo</span> <span class='ocrx_word' id='word_1_31' title='bbox 2082 817 2256 889; x_wconf 84' lang='lat' dir='ltr'>ferri,</span> <span class='ocrx_word' id='word_1_32' title='bbox 2288 831 2351 877; x_wconf 88' lang='lat' dir='ltr'>ut</span> <span class='ocrx_word' id='word_1_33' title='bbox 2386 838 2479 886; x_wconf 89' lang='lat' dir='ltr'>se,</span> <span class='ocrx_word' id='word_1_34' title='bbox 2520 838 2805 898; x_wconf 85' lang='lat' dir='ltr'>suumque</span> 
     </span>
     <span class='ocr_line' id='line_1_6' title="bbox 748 913 2804 995; baseline -0 -20"><span class='ocrx_word' id='word_1_35' title='bbox 748 928 956 975; x_wconf 79' lang='lat' dir='ltr'>statum</span> <span class='ocrx_word' id='word_1_36' title='bbox 991 927 1324 986; x_wconf 84' lang='lat' dir='ltr'>conservet,</span> <span class='ocrx_word' id='word_1_37' title='bbox 1356 913 1431 973; x_wconf 86' lang='lat' dir='ltr'>ab</span> <span class='ocrx_word' id='word_1_38' title='bbox 1457 914 1665 992; x_wconf 83' lang='lat' dir='ltr'>hisque</span> <span class='ocrx_word' id='word_1_39' title='bbox 1696 917 1962 994; x_wconf 80' lang='lat' dir='ltr'>refugere</span> <span class='ocrx_word' id='word_1_40' title='bbox 1980 959 1997 987; x_wconf 94' lang='lat'>‚</span> <span class='ocrx_word' id='word_1_41' title='bbox 2036 936 2166 995; x_wconf 82' lang='lat' dir='ltr'>quae</span> <span class='ocrx_word' id='word_1_42' title='bbox 2192 916 2306 995; x_wconf 87' lang='lat' dir='ltr'>ipsi</span> <span class='ocrx_word' id='word_1_43' title='bbox 2334 915 2630 973; x_wconf 87' lang='lat' dir='ltr'>interitum</span> <span class='ocrx_word' id='word_1_44' title='bbox 2658 935 2804 975; x_wconf 85' lang='lat' dir='ltr'>con-</span> 
     </span>
     <span class='ocr_line' id='line_1_7' title="bbox 712 1008 2800 1092; baseline 0 -22"><span class='ocrx_word' id='word_1_45' title='bbox 712 1008 717 1011; x_wconf 73' lang='grc'>’</span> <span class='ocrx_word' id='word_1_46' title='bbox 746 1012 964 1084; x_wconf 90' lang='lat' dir='ltr'>cilient,</span> <span class='ocrx_word' id='word_1_47' title='bbox 986 1025 1089 1070; x_wconf 80' lang='lat' dir='ltr'>aut</span> <span class='ocrx_word' id='word_1_48' title='bbox 1115 1011 1426 1070; x_wconf 80' lang='lat' dir='ltr'>conciliare</span> <span class='ocrx_word' id='word_1_49' title='bbox 1453 1031 1627 1090; x_wconf 87' lang='lat' dir='ltr'>posse</span> <span class='ocrx_word' id='word_1_50' title='bbox 1656 1010 1983 1071; x_wconf 81' lang='lat' dir='ltr'>videantur.</span> <span class='ocrx_word' id='word_1_51' title='bbox 2016 1017 2164 1072; x_wconf 81' lang='lat' dir='ltr'>Nam</span> <span class='ocrx_word' id='word_1_52' title='bbox 2193 1032 2426 1092; x_wconf 68' lang='lat' dir='ltr'>parvm,</span> <span class='ocrx_word' id='word_1_53' title='bbox 2442 1012 2606 1091; x_wconf 86' lang='lat' dir='ltr'>prius</span> <span class='ocrx_word' id='word_1_54' title='bbox 2628 1032 2800 1091; x_wconf 81' lang='lat' dir='ltr'>quam</span> 
     </span>
     <span class='ocr_line' id='line_1_8' title="bbox 743 1106 2802 1187; baseline 0.001 -22"><span class='ocrx_word' id='word_1_55' title='bbox 743 1108 1102 1185; x_wconf 76' lang='lat' dir='ltr'>voluptatem</span> <span class='ocrx_word' id='word_1_56' title='bbox 1119 1106 1457 1166; x_wconf 85' lang='lat' dir='ltr'>doloremve</span> <span class='ocrx_word' id='word_1_57' title='bbox 1477 1108 1761 1167; x_wconf 64' lang='lat' dir='ltr'>senserint</span> <span class='ocrx_word' id='word_1_58' title='bbox 1774 1151 1792 1181; x_wconf 90' lang='lat'>,</span> <span class='ocrx_word' id='word_1_59' title='bbox 1813 1120 2092 1187; x_wconf 85' lang='lat' dir='ltr'>appetere</span> <span class='ocrx_word' id='word_1_60' title='bbox 2116 1108 2393 1169; x_wconf 83' lang='lat' dir='ltr'>salutaria</span> <span class='ocrx_word' id='word_1_61' title='bbox 2407 1151 2423 1179; x_wconf 96' lang='lat'>,</span> <span class='ocrx_word' id='word_1_62' title='bbox 2443 1128 2575 1187; x_wconf 77' lang='lat' dir='ltr'>quae</span> <span class='ocrx_word' id='word_1_63' title='bbox 2600 1123 2802 1169; x_wconf 77' lang='lat' dir='ltr'>contra</span> 
     </span>
     <span class='ocr_line' id='line_1_9' title="bbox 744 1202 2866 1285; baseline 0 -22"><span class='ocrx_word' id='word_1_64' title='bbox 744 1204 892 1277; x_wconf 78' lang='lat' dir='ltr'>sint&#39;,</span> <span class='ocrx_word' id='word_1_65' title='bbox 920 1202 1237 1263; x_wconf 84' lang='lat' dir='ltr'>abhorrere</span> <span class='ocrx_word' id='word_1_66' title='bbox 1263 1226 1277 1261; x_wconf 92' lang='lat'><strong>:</strong></span> <span class='ocrx_word' id='word_1_67' title='bbox 1310 1204 1488 1282; x_wconf 88' lang='lat' dir='ltr'>idque</span> <span class='ocrx_word' id='word_1_68' title='bbox 1515 1205 1642 1263; x_wconf 84' lang='lat' dir='ltr'>fieri</span> <span class='ocrx_word' id='word_1_69' title='bbox 1670 1225 1704 1263; x_wconf 91' lang='lat' dir='ltr'>e</span> <span class='ocrx_word' id='word_1_70' title='bbox 1722 1224 1891 1263; x_wconf 89' lang='lat' dir='ltr'>sensu</span> <span class='ocrx_word' id='word_1_71' title='bbox 1912 1205 2031 1277; x_wconf 86' lang='lat' dir='ltr'>sui,</span> <span class='ocrx_word' id='word_1_72' title='bbox 2055 1224 2174 1285; x_wconf 86' lang='lat' dir='ltr'>quo</span> <span class='ocrx_word' id='word_1_73' title='bbox 2201 1226 2263 1265; x_wconf 89' lang='lat' dir='ltr'>se</span> <span class='ocrx_word' id='word_1_74' title='bbox 2290 1225 2509 1283; x_wconf 82' lang='lat' dir='ltr'>suaque</span> <span class='ocrx_word' id='word_1_75' title='bbox 2537 1204 2800 1285; x_wconf 80' lang='lat' dir='ltr'>diligant.</span> <span class='ocrx_word' id='word_1_76' title='bbox 2861 1276 2866 1280; x_wconf 79' lang='lat'>.</span> 
     </span>
     <span class='ocr_line' id='line_1_10' title="bbox 743 1301 2800 1380; baseline -0 -18"><span class='ocrx_word' id='word_1_77' title='bbox 743 1303 895 1362; x_wconf 85' lang='lat' dir='ltr'>Hinc</span> <span class='ocrx_word' id='word_1_78' title='bbox 916 1301 1265 1380; x_wconf 86' lang='lat' dir='ltr'>principium</span> <span class='ocrx_word' id='word_1_79' title='bbox 1288 1301 1528 1360; x_wconf 86' lang='lat' dir='ltr'>ductum</span> <span class='ocrx_word' id='word_1_80' title='bbox 1552 1322 1678 1362; x_wconf 86' lang='lat' dir='ltr'>esse</span> <span class='ocrx_word' id='word_1_81' title='bbox 1695 1345 1713 1374; x_wconf 94' lang='lat'>,</span> <span class='ocrx_word' id='word_1_82' title='bbox 1744 1322 1779 1359; x_wconf 83' lang='lat' dir='ltr'><strong>a</strong></span> <span class='ocrx_word' id='word_1_83' title='bbox 1809 1321 1870 1360; x_wconf 88' lang='lat' dir='ltr'>se</span> <span class='ocrx_word' id='word_1_84' title='bbox 1898 1301 2213 1380; x_wconf 87' lang='lat' dir='ltr'>diligendo.</span> <span class='ocrx_word' id='word_1_85' title='bbox 2239 1308 2309 1362; x_wconf 90' lang='lat' dir='ltr'>In</span> <span class='ocrx_word' id='word_1_86' title='bbox 2340 1302 2582 1380; x_wconf 85' lang='lat' dir='ltr'>reliquis</span> <span class='ocrx_word' id='word_1_87' title='bbox 2607 1316 2800 1362; x_wconf 79' lang='lat' dir='ltr'>autem</span> 
     </span>
     <span class='ocr_line' id='line_1_11' title="bbox 744 1396 2799 1477; baseline 0.001 -22"><span class='ocrx_word' id='word_1_88' title='bbox 744 1397 1044 1477; x_wconf 72' lang='lat' dir='ltr'>principiis</span> <span class='ocrx_word' id='word_1_89' title='bbox 1071 1396 1464 1469; x_wconf 83' lang='lat' dir='ltr'>naturalibus,</span> <span class='ocrx_word' id='word_1_90' title='bbox 1497 1399 1858 1477; x_wconf 76' lang='lat' dir='ltr'>voluptatem</span> <span class='ocrx_word' id='word_1_91' title='bbox 1887 1418 1921 1456; x_wconf 86' lang='lat' dir='ltr'>a</span> <span class='ocrx_word' id='word_1_92' title='bbox 1947 1398 2242 1477; x_wconf 87' lang='lat' dir='ltr'>plerisque</span> <span class='ocrx_word' id='word_1_93' title='bbox 2272 1399 2637 1471; x_wconf 87' lang='lat' dir='ltr'>Stoicorum,</span> <span class='ocrx_word' id='word_1_94' title='bbox 2667 1400 2799 1476; x_wconf 86' lang='lat' dir='ltr'>jure</span> 
     </span>
     <span class='ocr_line' id='line_1_12' title="bbox 745 1495 2797 1575; baseline 0.001 -23"><span class='ocrx_word' id='word_1_95' title='bbox 745 1515 863 1557; x_wconf 86' lang='lat' dir='ltr'>non</span> <span class='ocrx_word' id='word_1_96' title='bbox 897 1495 1159 1566; x_wconf 79' lang='lat' dir='ltr'>admitti3</span> <span class='ocrx_word' id='word_1_97' title='bbox 1204 1515 1276 1553; x_wconf 90' lang='lat' dir='ltr'>ne</span> <span class='ocrx_word' id='word_1_98' title='bbox 1307 1495 1498 1574; x_wconf 83' lang='lat' dir='ltr'>turpia</span> <span class='ocrx_word' id='word_1_99' title='bbox 1524 1495 1665 1554; x_wconf 89' lang='lat' dir='ltr'>inde</span> <span class='ocrx_word' id='word_1_100' title='bbox 1694 1509 2140 1575; x_wconf 78' lang='lat' dir='ltr'>consequantur.</span> <span class='ocrx_word' id='word_1_101' title='bbox 2166 1495 2281 1556; x_wconf 87' lang='lat' dir='ltr'>Sed</span> <span class='ocrx_word' id='word_1_102' title='bbox 2313 1497 2504 1575; x_wconf 82' lang='lat' dir='ltr'>prima</span> <span class='ocrx_word' id='word_1_103' title='bbox 2534 1516 2567 1554; x_wconf 82' lang='lat' dir='ltr'><strong>a</strong></span> <span class='ocrx_word' id='word_1_104' title='bbox 2591 1510 2797 1555; x_wconf 78' lang='lat' dir='ltr'>natura</span> 
     </span>
     <span class='ocr_line' id='line_1_13' title="bbox 747 1592 2798 1673; baseline 0.001 -23"><span class='ocrx_word' id='word_1_105' title='bbox 747 1592 883 1651; x_wconf 77' lang='lat' dir='ltr'>data</span> <span class='ocrx_word' id='word_1_106' title='bbox 909 1604 1064 1650; x_wconf 89' lang='lat' dir='ltr'>recte</span> <span class='ocrx_word' id='word_1_107' title='bbox 1093 1592 1276 1671; x_wconf 80' lang='lat' dir='ltr'>diligi.</span> <span class='ocrx_word' id='word_1_108' title='bbox 1312 1596 1531 1652; x_wconf 86' lang='lat' dir='ltr'>Omnes</span> <span class='ocrx_word' id='word_1_109' title='bbox 1563 1593 1719 1651; x_wconf 90' lang='lat' dir='ltr'>enim</span> <span class='ocrx_word' id='word_1_110' title='bbox 1756 1595 1994 1653; x_wconf 89' lang='lat' dir='ltr'>omnino</span> <span class='ocrx_word' id='word_1_111' title='bbox 2027 1594 2279 1672; x_wconf 83' lang='lat' dir='ltr'>integras</span> <span class='ocrx_word' id='word_1_112' title='bbox 2308 1593 2569 1673; x_wconf 86' lang='lat' dir='ltr'>corporis</span> <span class='ocrx_word' id='word_1_113' title='bbox 2607 1608 2798 1671; x_wconf 86' lang='lat' dir='ltr'>partes</span> 
     </span>
     <span class='ocr_line' id='line_1_14' title="bbox 746 1688 2798 1768; baseline 0 -19"><span class='ocrx_word' id='word_1_114' title='bbox 746 1708 869 1749; x_wconf 78' lang='lat' dir='ltr'>esse</span> <span class='ocrx_word' id='word_1_115' title='bbox 886 1689 1058 1747; x_wconf 81' lang='lat' dir='ltr'>malle</span> <span class='ocrx_word' id='word_1_116' title='bbox 1072 1732 1090 1760; x_wconf 93' lang='lat'>,</span> <span class='ocrx_word' id='word_1_117' title='bbox 1114 1707 1286 1765; x_wconf 81' lang='lat' dir='ltr'>quam</span> <span class='ocrx_word' id='word_1_118' title='bbox 1315 1688 1549 1747; x_wconf 79' lang='lat' dir='ltr'>affectas</span> <span class='ocrx_word' id='word_1_119' title='bbox 1571 1701 1631 1747; x_wconf 90' lang='lat' dir='ltr'>et</span> <span class='ocrx_word' id='word_1_120' title='bbox 1651 1709 1876 1768; x_wconf 80' lang='lat' dir='ltr'>pravas.</span> <span class='ocrx_word' id='word_1_121' title='bbox 1901 1690 2187 1748; x_wconf 82' lang='lat' dir='ltr'>Notiones</span> <span class='ocrx_word' id='word_1_122' title='bbox 2208 1709 2443 1767; x_wconf 88' lang='lat' dir='ltr'>quoque</span> <span class='ocrx_word' id='word_1_123' title='bbox 2468 1710 2798 1749; x_wconf 84' lang='lat' dir='ltr'>communes</span> 
     </span>
     <span class='ocr_line' id='line_1_15' title="bbox 744 1783 2796 1865; baseline 0.003 -26"><span class='ocrx_word' id='word_1_124' title='bbox 744 1783 1117 1865; x_wconf 46' lang='grc' dir='ltr'>(καταλήψῃ)</span> <span class='ocrx_word' id='word_1_125' title='bbox 1148 1784 1406 1861; x_wconf 81' lang='lat' dir='ltr'>ipsarum</span> <span class='ocrx_word' id='word_1_126' title='bbox 1435 1805 1607 1844; x_wconf 83' lang='lat' dir='ltr'>causa</span> <span class='ocrx_word' id='word_1_127' title='bbox 1633 1806 1757 1843; x_wconf 85' lang='lat' dir='ltr'>esse</span> <span class='ocrx_word' id='word_1_128' title='bbox 1800 1785 2157 1844; x_wconf 80' lang='lat' dir='ltr'>asciscendas</span> <span class='ocrx_word' id='word_1_129' title='bbox 2176 1828 2196 1857; x_wconf 92' lang='lat'>,</span> <span class='ocrx_word' id='word_1_130' title='bbox 2246 1784 2404 1863; x_wconf 90' lang='lat' dir='ltr'>quod</span> <span class='ocrx_word' id='word_1_131' title='bbox 2436 1787 2497 1843; x_wconf 90' lang='lat' dir='ltr'>in</span> <span class='ocrx_word' id='word_1_132' title='bbox 2535 1806 2657 1844; x_wconf 86' lang='lat' dir='ltr'>sese</span> <span class='ocrx_word' id='word_1_133' title='bbox 2692 1807 2796 1845; x_wconf 81' lang='lat' dir='ltr'>ex-</span> 
     </span>
     <span class='ocr_line' id='line_1_16' title="bbox 746 1880 2794 1961; baseline -0 -21"><span class='ocrx_word' id='word_1_134' title='bbox 746 1900 945 1959; x_wconf 86' lang='lat' dir='ltr'>pressa</span> <span class='ocrx_word' id='word_1_135' title='bbox 973 1880 1231 1939; x_wconf 75' lang='lat' dir='ltr'>veritatis</span> <span class='ocrx_word' id='word_1_136' title='bbox 1264 1881 1424 1958; x_wconf 82' lang='lat' dir='ltr'>signa</span> <span class='ocrx_word' id='word_1_137' title='bbox 1458 1881 1794 1940; x_wconf 83' lang='lat' dir='ltr'>contineant</span> <span class='ocrx_word' id='word_1_138' title='bbox 1823 1905 1835 1937; x_wconf 93' lang='lat'>:</span> <span class='ocrx_word' id='word_1_139' title='bbox 1867 1901 2002 1939; x_wconf 84' lang='lat' dir='ltr'>nam</span> <span class='ocrx_word' id='word_1_140' title='bbox 2031 1883 2121 1940; x_wconf 84' lang='lat' dir='ltr'>vel</span> <span class='ocrx_word' id='word_1_141' title='bbox 2155 1902 2368 1961; x_wconf 90' lang='lat' dir='ltr'>pueros</span> <span class='ocrx_word' id='word_1_142' title='bbox 2398 1881 2671 1941; x_wconf 87' lang='lat' dir='ltr'>delectari</span> <span class='ocrx_word' id='word_1_143' title='bbox 2690 1927 2706 1955; x_wconf 87' lang='lat'>,</span> <span class='ocrx_word' id='word_1_144' title='bbox 2747 1887 2794 1942; x_wconf 85' lang='lat' dir='ltr'>si</span> 
     </span>
     <span class='ocr_line' id='line_1_17' title="bbox 744 1978 2795 2060; baseline 0.003 -24"><span class='ocrx_word' id='word_1_145' title='bbox 744 1978 885 2057; x_wconf 89' lang='lat' dir='ltr'>quid</span> <span class='ocrx_word' id='word_1_146' title='bbox 937 1979 1161 2037; x_wconf 83' lang='lat' dir='ltr'>ratione</span> <span class='ocrx_word' id='word_1_147' title='bbox 1189 1992 1395 2055; x_wconf 78' lang='lat' dir='ltr'>suapte</span> <span class='ocrx_word' id='word_1_148' title='bbox 1426 1993 1633 2057; x_wconf 90' lang='lat' dir='ltr'>sponte</span> <span class='ocrx_word' id='word_1_149' title='bbox 1665 1980 2090 2053; x_wconf 82' lang='lat' dir='ltr'>intellexerint,</span> <span class='ocrx_word' id='word_1_150' title='bbox 2145 1983 2195 2040; x_wconf 87' lang='lat' dir='ltr'>si</span> <span class='ocrx_word' id='word_1_151' title='bbox 2221 1982 2312 2040; x_wconf 80' lang='lat' dir='ltr'>vel</span> <span class='ocrx_word' id='word_1_152' title='bbox 2344 1982 2452 2060; x_wconf 83' lang='lat' dir='ltr'>ipsi</span> <span class='ocrx_word' id='word_1_153' title='bbox 2482 1982 2629 2041; x_wconf 87' lang='lat' dir='ltr'>nihil</span> <span class='ocrx_word' id='word_1_154' title='bbox 2657 1983 2795 2042; x_wconf 90' lang='lat' dir='ltr'>inde</span> 
     </span>
     <span class='ocr_line' id='line_1_18' title="bbox 747 2075 2794 2160; baseline 0.004 -28"><span class='ocrx_word' id='word_1_155' title='bbox 747 2075 1119 2133; x_wconf 85' lang='lat' dir='ltr'>emolumenti</span> <span class='ocrx_word' id='word_1_156' title='bbox 1143 2087 1397 2153; x_wconf 86' lang='lat' dir='ltr'>sperent.</span> <span class='ocrx_word' id='word_1_157' title='bbox 1428 2078 1518 2133; x_wconf 86' lang='lat' dir='ltr'>Ita</span> <span class='ocrx_word' id='word_1_158' title='bbox 1547 2076 1682 2134; x_wconf 89' lang='lat' dir='ltr'>item</span> <span class='ocrx_word' id='word_1_159' title='bbox 1710 2089 1860 2136; x_wconf 79' lang='lat' dir='ltr'>artes</span> <span class='ocrx_word' id='word_1_160' title='bbox 1892 2090 2134 2155; x_wconf 89' lang='lat' dir='ltr'>propter</span> <span class='ocrx_word' id='word_1_161' title='bbox 2157 2099 2221 2137; x_wconf 88' lang='lat' dir='ltr'>se</span> <span class='ocrx_word' id='word_1_162' title='bbox 2248 2078 2399 2157; x_wconf 60' lang='lat' dir='ltr'>ipsas</span> <span class='ocrx_word' id='word_1_163' title='bbox 2426 2098 2548 2139; x_wconf 88' lang='lat' dir='ltr'>esse</span> <span class='ocrx_word' id='word_1_164' title='bbox 2576 2082 2794 2160; x_wconf 77' lang='lat' dir='ltr'>ample-</span> 
     </span>
     <span class='ocr_line' id='line_1_19' title="bbox 746 2169 1298 2249; baseline 0.005 -23"><span class='ocrx_word' id='word_1_165' title='bbox 746 2169 1011 2242; x_wconf 82' lang='lat' dir='ltr'>ctendas,</span> <span class='ocrx_word' id='word_1_166' title='bbox 1040 2177 1071 2243; x_wconf 80' lang='lat' dir='ltr'>S</span> <span class='ocrx_word' id='word_1_167' title='bbox 1104 2172 1298 2249; x_wconf 84' lang='lat'>16-19.</span> 
     </span>
    </p>

    <p class='ocr_par' dir='ltr' id='par_1_3' title="bbox 675 2268 2794 4185">
     <span class='ocr_line' id='line_1_20' title="bbox 675 2268 2794 2355; baseline 0.005 -31"><span class='ocrx_word' id='word_1_168' title='bbox 675 2346 687 2355; x_wconf 27' lang='grc' dir='ltr'><em>φ</em></span> <span class='ocrx_word' id='word_1_169' title='bbox 823 2268 1224 2345; x_wconf 88' lang='lat' dir='ltr'>Progredienti</span> <span class='ocrx_word' id='word_1_170' title='bbox 1254 2269 1328 2329; x_wconf 80' lang='lat' dir='ltr'>ab</span> <span class='ocrx_word' id='word_1_171' title='bbox 1356 2270 1477 2343; x_wconf 91' lang='lat' dir='ltr'>his,</span> <span class='ocrx_word' id='word_1_172' title='bbox 1506 2272 1707 2349; x_wconf 87' lang='lat' dir='ltr'>primis</span> <span class='ocrx_word' id='word_1_173' title='bbox 1735 2293 1769 2330; x_wconf 83' lang='lat' dir='ltr'><strong>a</strong></span> <span class='ocrx_word' id='word_1_174' title='bbox 1803 2286 2009 2333; x_wconf 82' lang='lat' dir='ltr'>natura</span> <span class='ocrx_word' id='word_1_175' title='bbox 2031 2275 2180 2334; x_wconf 88' lang='lat' dir='ltr'>datis</span> <span class='ocrx_word' id='word_1_176' title='bbox 2207 2276 2681 2355; x_wconf 81' lang='lat' dir='ltr'>(conservatione</span> <span class='ocrx_word' id='word_1_177' title='bbox 2704 2277 2794 2334; x_wconf 87' lang='lat' dir='ltr'>sui</span> 
     </span>
     <span class='ocr_line' id='line_1_21' title="bbox 742 2363 2793 2450; baseline 0.004 -29"><span class='ocrx_word' id='word_1_178' title='bbox 742 2363 923 2441; x_wconf 88' lang='lat' dir='ltr'>ipsius</span> <span class='ocrx_word' id='word_1_179' title='bbox 944 2407 962 2437; x_wconf 90' lang='lat'>,</span> <span class='ocrx_word' id='word_1_180' title='bbox 997 2385 1192 2424; x_wconf 88' lang='lat' dir='ltr'>rerum</span> <span class='ocrx_word' id='word_1_181' title='bbox 1233 2367 1595 2445; x_wconf 79' lang='lat' dir='ltr'>cognitione,</span> <span class='ocrx_word' id='word_1_182' title='bbox 1632 2381 1692 2427; x_wconf 87' lang='lat' dir='ltr'>et</span> <span class='ocrx_word' id='word_1_183' title='bbox 1722 2368 2020 2450; x_wconf 81' lang='lat' dir='ltr'>artibus),</span> <span class='ocrx_word' id='word_1_184' title='bbox 2083 2372 2326 2450; x_wconf 79' lang='lat' dir='ltr'>primam</span> <span class='ocrx_word' id='word_1_185' title='bbox 2361 2371 2524 2447; x_wconf 90' lang='lat' dir='ltr'>sequi</span> <span class='ocrx_word' id='word_1_186' title='bbox 2561 2370 2793 2429; x_wconf 85' lang='lat' dir='ltr'>divisio·</span> 
     </span>
     <span class='ocr_line' id='line_1_22' title="bbox 741 2462 2789 2535; baseline 0.003 -17"><span class='ocrx_word' id='word_1_187' title='bbox 741 2480 893 2535; x_wconf 89' lang='lat' dir='ltr'>nem,</span> <span class='ocrx_word' id='word_1_188' title='bbox 934 2483 1128 2522; x_wconf 88' lang='lat' dir='ltr'>rerum</span> <span class='ocrx_word' id='word_1_189' title='bbox 1157 2462 1578 2521; x_wconf 78' lang='lat' dir='ltr'>oestimabilium</span> <span class='ocrx_word' id='word_1_190' title='bbox 1605 2477 1665 2522; x_wconf 90' lang='lat' dir='ltr'>et</span> <span class='ocrx_word' id='word_1_191' title='bbox 1690 2466 2196 2524; x_wconf 57' lang='lat' dir='ltr'>inaestimabilium.</span> <span class='ocrx_word' id='word_1_192' title='bbox 2216 2467 2571 2522; x_wconf 80' lang='lat' dir='ltr'>AEstimabile</span> <span class='ocrx_word' id='word_1_193' title='bbox 2596 2480 2789 2524; x_wconf 80' lang='lat' dir='ltr'>autem</span> 
     </span>
     <span class='ocr_line' id='line_1_23' title="bbox 741 2558 2790 2638; baseline 0 -20"><span class='ocrx_word' id='word_1_194' title='bbox 741 2578 896 2632; x_wconf 86' lang='lat' dir='ltr'>esse,</span> <span class='ocrx_word' id='word_1_195' title='bbox 918 2558 1081 2638; x_wconf 89' lang='lat' dir='ltr'>quod</span> <span class='ocrx_word' id='word_1_196' title='bbox 1109 2560 1198 2617; x_wconf 87' lang='lat' dir='ltr'>vel</span> <span class='ocrx_word' id='word_1_197' title='bbox 1230 2561 1418 2638; x_wconf 86' lang='lat' dir='ltr'>ip&#39;sum</span> <span class='ocrx_word' id='word_1_198' title='bbox 1449 2560 1769 2619; x_wconf 88' lang='lat' dir='ltr'>secundum</span> <span class='ocrx_word' id='word_1_199' title='bbox 1796 2575 2060 2620; x_wconf 78' lang='lat' dir='ltr'>naturam</span> <span class='ocrx_word' id='word_1_200' title='bbox 2083 2561 2188 2634; x_wconf 89' lang='lat' dir='ltr'>sit,</span> <span class='ocrx_word' id='word_1_201' title='bbox 2211 2561 2302 2618; x_wconf 89' lang='lat' dir='ltr'>vel</span> <span class='ocrx_word' id='word_1_202' title='bbox 2328 2572 2484 2617; x_wconf 89' lang='lat' dir='ltr'>certe</span> <span class='ocrx_word' id='word_1_203' title='bbox 2506 2560 2790 2637; x_wconf 86' lang='lat' dir='ltr'>ejusmodi</span> 
     </span>
     <span class='ocr_line' id='line_1_24' title="bbox 739 2655 2789 2736; baseline 0.001 -23"><span class='ocrx_word' id='word_1_204' title='bbox 739 2655 881 2734; x_wconf 91' lang='lat' dir='ltr'>quid</span> <span class='ocrx_word' id='word_1_205' title='bbox 907 2656 1146 2728; x_wconf 82' lang='lat' dir='ltr'>efficiat,</span> <span class='ocrx_word' id='word_1_206' title='bbox 1165 2656 1326 2733; x_wconf 86' lang='lat' dir='ltr'>quod</span> <span class='ocrx_word' id='word_1_207' title='bbox 1347 2658 1647 2731; x_wconf 63' lang='lat' dir='ltr'>aestimari,</span> <span class='ocrx_word' id='word_1_208' title='bbox 1674 2670 1847 2736; x_wconf 80' lang='lat' dir='ltr'>atque</span> <span class='ocrx_word' id='word_1_209' title='bbox 1873 2658 2006 2716; x_wconf 88' lang='lat' dir='ltr'>inde</span> <span class='ocrx_word' id='word_1_210' title='bbox 2029 2657 2216 2734; x_wconf 84' lang='lat' dir='ltr'>seligi,</span> <span class='ocrx_word' id='word_1_211' title='bbox 2247 2670 2551 2715; x_wconf 78' lang='lat' dir='ltr'>mereatur.</span> <span class='ocrx_word' id='word_1_212' title='bbox 2572 2662 2789 2718; x_wconf 84' lang='lat' dir='ltr'>Contra</span> 
     </span>
     <span class='ocr_line' id='line_1_25' title="bbox 742 2752 2788 2832; baseline 0.002 -24"><span class='ocrx_word' id='word_1_213' title='bbox 742 2771 879 2809; x_wconf 90' lang='lat' dir='ltr'>vero</span> <span class='ocrx_word' id='word_1_214' title='bbox 905 2752 1305 2811; x_wconf 70' lang='lat' dir='ltr'>inaestimabile</span> <span class='ocrx_word' id='word_1_215' title='bbox 1321 2796 1338 2824; x_wconf 91' lang='lat'>,</span> <span class='ocrx_word' id='word_1_216' title='bbox 1362 2753 1656 2812; x_wconf 82' lang='lat' dir='ltr'>contraria</span> <span class='ocrx_word' id='word_1_217' title='bbox 1680 2755 1736 2813; x_wconf 83' lang='lat' dir='ltr'>vi</span> <span class='ocrx_word' id='word_1_218' title='bbox 1762 2774 1884 2813; x_wconf 89' lang='lat' dir='ltr'>esse</span> <span class='ocrx_word' id='word_1_219' title='bbox 1904 2799 1920 2827; x_wconf 91' lang='lat'>‚</span> <span class='ocrx_word' id='word_1_220' title='bbox 1950 2768 2121 2832; x_wconf 79' lang='lat' dir='ltr'>atque</span> <span class='ocrx_word' id='word_1_221' title='bbox 2148 2754 2233 2812; x_wconf 83' lang='lat' dir='ltr'>ita</span> <span class='ocrx_word' id='word_1_222' title='bbox 2261 2754 2657 2832; x_wconf 82' lang='lat' dir='ltr'>rejiciendum.</span> <span class='ocrx_word' id='word_1_223' title='bbox 2701 2758 2788 2814; x_wconf 81' lang='lat' dir='ltr'>Ita</span> 
     </span>
     <span class='ocr_line' id='line_1_26' title="bbox 739 2849 2789 2927; baseline 0.002 -21"><span class='ocrx_word' id='word_1_224' title='bbox 739 2852 990 2927; x_wconf 82' lang='lat' dir='ltr'>primum</span> <span class='ocrx_word' id='word_1_225' title='bbox 1030 2849 1280 2908; x_wconf 85' lang='lat' dir='ltr'>hominis</span> <span class='ocrx_word' id='word_1_226' title='bbox 1313 2849 1570 2907; x_wconf 82' lang='lat' dir='ltr'>officium</span> <span class='ocrx_word' id='word_1_227' title='bbox 1605 2869 1761 2923; x_wconf 89' lang='lat' dir='ltr'>esse,</span> <span class='ocrx_word' id='word_1_228' title='bbox 1790 2864 2134 2910; x_wconf 68' lang='lat' dir='ltr'>conservare</span> <span class='ocrx_word' id='word_1_229' title='bbox 2161 2872 2222 2910; x_wconf 88' lang='lat' dir='ltr'>se</span> <span class='ocrx_word' id='word_1_230' title='bbox 2259 2852 2318 2909; x_wconf 92' lang='lat' dir='ltr'>in</span> <span class='ocrx_word' id='word_1_231' title='bbox 2348 2849 2569 2911; x_wconf 76' lang='lat' dir='ltr'>natnrae</span> <span class='ocrx_word' id='word_1_232' title='bbox 2607 2866 2789 2912; x_wconf 83' lang='lat' dir='ltr'>statu:</span> 
     </span>
     <span class='ocr_line' id='line_1_27' title="bbox 739 2943 2791 3027; baseline 0.002 -24"><span class='ocrx_word' id='word_1_233' title='bbox 739 2943 979 3017; x_wconf 88' lang='lat' dir='ltr'>deinde,</span> <span class='ocrx_word' id='word_1_234' title='bbox 1025 2958 1088 3004; x_wconf 89' lang='lat' dir='ltr'>ut</span> <span class='ocrx_word' id='word_1_235' title='bbox 1118 2965 1187 3004; x_wconf 88' lang='lat' dir='ltr'>ea</span> <span class='ocrx_word' id='word_1_236' title='bbox 1217 2958 1509 3023; x_wconf 81' lang='lat' dir='ltr'>sequatur,</span> <span class='ocrx_word' id='word_1_237' title='bbox 1540 2965 1671 3024; x_wconf 86' lang='lat' dir='ltr'>qnae</span> <span class='ocrx_word' id='word_1_238' title='bbox 1696 2947 2015 3006; x_wconf 86' lang='lat' dir='ltr'>secundum</span> <span class='ocrx_word' id='word_1_239' title='bbox 2049 2959 2319 3007; x_wconf 79' lang='lat' dir='ltr'>naturam</span> <span class='ocrx_word' id='word_1_240' title='bbox 2356 2948 2504 3019; x_wconf 90' lang='lat' dir='ltr'>sint,</span> <span class='ocrx_word' id='word_1_241' title='bbox 2547 2971 2791 3027; x_wconf 84' lang='lat' dir='ltr'>quaeque</span> 
     </span>
     <span class='ocr_line' id='line_1_28' title="bbox 734 3043 2787 3125; baseline 0.001 -24"><span class='ocrx_word' id='word_1_242' title='bbox 734 3062 929 3115; x_wconf 88' lang='lat' dir='ltr'>secus,</span> <span class='ocrx_word' id='word_1_243' title='bbox 958 3057 1266 3102; x_wconf 84' lang='lat' dir='ltr'>removeat.</span> <span class='ocrx_word' id='word_1_244' title='bbox 1302 3047 1439 3102; x_wconf 78' lang='lat' dir='ltr'>Haec</span> <span class='ocrx_word' id='word_1_245' title='bbox 1470 3043 1631 3121; x_wconf 83' lang='lat' dir='ltr'>ipsa,</span> <span class='ocrx_word' id='word_1_246' title='bbox 1659 3044 1986 3102; x_wconf 89' lang='lat' dir='ltr'>selectionis</span> <span class='ocrx_word' id='word_1_247' title='bbox 2015 3044 2299 3104; x_wconf 82' lang='lat' dir='ltr'>beneficio</span> <span class='ocrx_word' id='word_1_248' title='bbox 2326 3046 2586 3113; x_wconf 84' lang='lat' dir='ltr'>inventa,</span> <span class='ocrx_word' id='word_1_249' title='bbox 2627 3048 2787 3125; x_wconf 86' lang='lat' dir='ltr'>sequi</span> 
     </span>
     <span class='ocr_line' id='line_1_29' title="bbox 735 3138 2789 3220; baseline 0.001 -22"><span class='ocrx_word' id='word_1_250' title='bbox 735 3160 914 3217; x_wconf 88' lang='lat' dir='ltr'>porro</span> <span class='ocrx_word' id='word_1_251' title='bbox 942 3140 1309 3199; x_wconf 88' lang='lat' dir='ltr'>selectionem</span> <span class='ocrx_word' id='word_1_252' title='bbox 1332 3153 1599 3218; x_wconf 86' lang='lat' dir='ltr'>respectu</span> <span class='ocrx_word' id='word_1_253' title='bbox 1623 3138 1696 3198; x_wconf 81' lang='lat' dir='ltr'>ad</span> <span class='ocrx_word' id='word_1_254' title='bbox 1726 3140 1980 3199; x_wconf 82' lang='lat' dir='ltr'>officium</span> <span class='ocrx_word' id='word_1_255' title='bbox 2010 3143 2277 3220; x_wconf 80' lang='lat' dir='ltr'>proxime</span> <span class='ocrx_word' id='word_1_256' title='bbox 2303 3141 2536 3214; x_wconf 81' lang='lat' dir='ltr'>habit03</span> <span class='ocrx_word' id='word_1_257' title='bbox 2581 3162 2714 3220; x_wconf 82' lang='lat' dir='ltr'>quae</span> <span class='ocrx_word' id='word_1_258' title='bbox 2741 3145 2789 3202; x_wconf 88' lang='lat' dir='ltr'>si</span> 
     </span>
     <span class='ocr_line' id='line_1_30' title="bbox 736 3234 2790 3317; baseline 0.002 -23"><span class='ocrx_word' id='word_1_259' title='bbox 736 3250 1021 3317; x_wconf 76' lang='lat' dir='ltr'>perpetna</span> <span class='ocrx_word' id='word_1_260' title='bbox 1060 3236 1266 3308; x_wconf 84' lang='lat' dir='ltr'>fuerit,</span> <span class='ocrx_word' id='word_1_261' title='bbox 1291 3234 1510 3294; x_wconf 77' lang='lat' dir='ltr'>exo&#39;riri</span> <span class='ocrx_word' id='word_1_262' title='bbox 1528 3234 1785 3313; x_wconf 86' lang='lat' dir='ltr'>denique</span> <span class='ocrx_word' id='word_1_263' title='bbox 1809 3235 1964 3293; x_wconf 79' lang='lat' dir='ltr'>illam</span> <span class='ocrx_word' id='word_1_264' title='bbox 1989 3279 2005 3306; x_wconf 88' lang='lat'>,</span> <span class='ocrx_word' id='word_1_265' title='bbox 2032 3236 2094 3293; x_wconf 93' lang='lat' dir='ltr'>in</span> <span class='ocrx_word' id='word_1_266' title='bbox 2130 3257 2246 3316; x_wconf 81' lang='lat' dir='ltr'>qua</span> <span class='ocrx_word' id='word_1_267' title='bbox 2289 3248 2510 3294; x_wconf 82' lang='lat' dir='ltr'>naturae</span> <span class='ocrx_word' id='word_1_268' title='bbox 2549 3257 2790 3316; x_wconf 84' lang='lat' dir='ltr'>prorsus</span> 
     </span>
     <span class='ocr_line' id='line_1_31' title="bbox 737 3332 2786 3412; baseline 0 -22"><span class='ocrx_word' id='word_1_269' title='bbox 737 3346 1124 3391; x_wconf 78' lang='lat' dir='ltr'>consentanea</span> <span class='ocrx_word' id='word_1_270' title='bbox 1154 3332 1449 3409; x_wconf 82' lang='lat' dir='ltr'>sequaris:</span> <span class='ocrx_word' id='word_1_271' title='bbox 1488 3345 1666 3409; x_wconf 82' lang='lat' dir='ltr'>atque</span> <span class='ocrx_word' id='word_1_272' title='bbox 1695 3345 1816 3389; x_wconf 89' lang='lat' dir='ltr'>tum</span> <span class='ocrx_word' id='word_1_273' title='bbox 1854 3332 2088 3392; x_wconf 86' lang='lat' dir='ltr'>demum</span> <span class='ocrx_word' id='word_1_274' title='bbox 2120 3335 2286 3392; x_wconf 88' lang='lat' dir='ltr'>simul</span> <span class='ocrx_word' id='word_1_275' title='bbox 2330 3333 2599 3411; x_wconf 86' lang='lat' dir='ltr'>intelligi,</span> <span class='ocrx_word' id='word_1_276' title='bbox 2647 3335 2786 3412; x_wconf 85' lang='lat' dir='ltr'>qnid</span> 
     </span>
     <span class='ocr_line' id='line_1_32' title="bbox 739 3426 2788 3508; baseline 0.002 -24"><span class='ocrx_word' id='word_1_277' title='bbox 739 3447 870 3484; x_wconf 88' lang='lat' dir='ltr'>vere</span> <span class='ocrx_word' id='word_1_278' title='bbox 909 3426 1127 3485; x_wconf 84' lang='lat' dir='ltr'>bonum</span> <span class='ocrx_word' id='word_1_279' title='bbox 1159 3427 1273 3485; x_wconf 89' lang='lat' dir='ltr'>dici</span> <span class='ocrx_word' id='word_1_280' title='bbox 1304 3441 1596 3486; x_wconf 82' lang='lat' dir='ltr'>mereatur</span> <span class='ocrx_word' id='word_1_281' title='bbox 1616 3477 1632 3502; x_wconf 91' lang='lat'>‚</span> <span class='ocrx_word' id='word_1_282' title='bbox 1659 3434 1690 3499; x_wconf 85' lang='lat'>§</span> <span class='ocrx_word' id='word_1_283' title='bbox 1725 3448 1823 3504; x_wconf 88' lang='lat'>19,</span> <span class='ocrx_word' id='word_1_284' title='bbox 1856 3449 1952 3486; x_wconf 83' lang='lat'>20.</span> <span class='ocrx_word' id='word_1_285' title='bbox 1988 3431 2183 3488; x_wconf 88' lang='lat' dir='ltr'>Primo</span> <span class='ocrx_word' id='word_1_286' title='bbox 2212 3430 2363 3488; x_wconf 89' lang='lat' dir='ltr'>enim</span> <span class='ocrx_word' id='word_1_287' title='bbox 2392 3431 2686 3508; x_wconf 79' lang='lat' dir='ltr'>applicare</span> <span class='ocrx_word' id='word_1_288' title='bbox 2721 3452 2788 3490; x_wconf 86' lang='lat' dir='ltr'>se</span> 
     </span>
     <span class='ocr_line' id='line_1_33' title="bbox 737 3522 2783 3602; baseline 0.003 -23"><span class='ocrx_word' id='word_1_289' title='bbox 737 3522 1027 3580; x_wconf 89' lang='lat' dir='ltr'>hominem</span> <span class='ocrx_word' id='word_1_290' title='bbox 1066 3522 1398 3600; x_wconf 73' lang='grc' dir='ltr'>(οἰκειοῦσθαι)</span> <span class='ocrx_word' id='word_1_291' title='bbox 1428 3522 1502 3580; x_wconf 84' lang='lat' dir='ltr'>ad</span> <span class='ocrx_word' id='word_1_292' title='bbox 1535 3543 1603 3581; x_wconf 81' lang='lat' dir='ltr'>ea</span> <span class='ocrx_word' id='word_1_293' title='bbox 1623 3569 1640 3597; x_wconf 94' lang='lat'>,</span> <span class='ocrx_word' id='word_1_294' title='bbox 1673 3544 1805 3602; x_wconf 84' lang='lat' dir='ltr'>quae</span> <span class='ocrx_word' id='word_1_295' title='bbox 1831 3526 1948 3583; x_wconf 87' lang='lat' dir='ltr'>sint</span> <span class='ocrx_word' id='word_1_296' title='bbox 1973 3526 2292 3586; x_wconf 88' lang='lat' dir='ltr'>secundum</span> <span class='ocrx_word' id='word_1_297' title='bbox 2322 3540 2586 3585; x_wconf 80' lang='lat' dir='ltr'>naturam</span> <span class='ocrx_word' id='word_1_298' title='bbox 2627 3527 2703 3600; x_wconf 89' lang='lat' dir='ltr'>(i.</span> <span class='ocrx_word' id='word_1_299' title='bbox 2736 3551 2783 3587; x_wconf 89' lang='lat' dir='ltr'>e.</span> 
     </span>
     <span class='ocr_line' id='line_1_34' title="bbox 735 3618 2786 3702; baseline 0.003 -26"><span class='ocrx_word' id='word_1_300' title='bbox 735 3620 922 3697; x_wconf 80' lang='lat' dir='ltr'>prima</span> <span class='ocrx_word' id='word_1_301' title='bbox 938 3625 1204 3691; x_wconf 81' lang='lat' dir='ltr'>naturae):</span> <span class='ocrx_word' id='word_1_302' title='bbox 1221 3618 1323 3676; x_wconf 89' lang='lat' dir='ltr'>sed</span> <span class='ocrx_word' id='word_1_303' title='bbox 1341 3638 1414 3676; x_wconf 85' lang='lat' dir='ltr'>ex</span> <span class='ocrx_word' id='word_1_304' title='bbox 1431 3638 1551 3697; x_wconf 88' lang='lat' dir='ltr'>quo</span> <span class='ocrx_word' id='word_1_305' title='bbox 1570 3619 2004 3699; x_wconf 83' lang='lat' dir='ltr'>intelligentiam</span> <span class='ocrx_word' id='word_1_306' title='bbox 2020 3625 2258 3701; x_wconf 89' lang='lat' dir='ltr'>ceperit,</span> <span class='ocrx_word' id='word_1_307' title='bbox 2279 3625 2316 3681; x_wconf 92' lang='lat' dir='ltr'>i.</span> <span class='ocrx_word' id='word_1_308' title='bbox 2329 3645 2378 3681; x_wconf 87' lang='lat' dir='ltr'>e.</span> <span class='ocrx_word' id='word_1_309' title='bbox 2393 3643 2586 3681; x_wconf 89' lang='lat' dir='ltr'>rerum</span> <span class='ocrx_word' id='word_1_310' title='bbox 2607 3644 2786 3702; x_wconf 84' lang='lat' dir='ltr'>agen-</span> 
     </span>
     <span class='ocr_line' id='line_1_35' title="bbox 734 3715 2785 3799; baseline 0.002 -24"><span class='ocrx_word' id='word_1_311' title='bbox 734 3716 941 3775; x_wconf 78' lang='lat' dir='ltr'>darum</span> <span class='ocrx_word' id='word_1_312' title='bbox 965 3715 1225 3776; x_wconf 86' lang='lat' dir='ltr'>ordinem</span> <span class='ocrx_word' id='word_1_313' title='bbox 1253 3729 1310 3774; x_wconf 89' lang='lat' dir='ltr'>et</span> <span class='ocrx_word' id='word_1_314' title='bbox 1332 3717 1500 3793; x_wconf 82' lang='lat' dir='ltr'>quasi</span> <span class='ocrx_word' id='word_1_315' title='bbox 1523 3719 1894 3778; x_wconf 84' lang='lat' dir='ltr'>concordiam</span> <span class='ocrx_word' id='word_1_316' title='bbox 1919 3722 2288 3799; x_wconf 85' lang='lat' dir='ltr'>cognoverit,</span> <span class='ocrx_word' id='word_1_317' title='bbox 2311 3721 2482 3797; x_wconf 87' lang='lat' dir='ltr'>longe</span> <span class='ocrx_word' id='word_1_318' title='bbox 2512 3733 2632 3779; x_wconf 87' lang='lat' dir='ltr'>tum</span> <span class='ocrx_word' id='word_1_319' title='bbox 2654 3743 2785 3780; x_wconf 83' lang='lat' dir='ltr'>eum</span> 
     </span>
     <span class='ocr_line' id='line_1_36' title="bbox 733 3813 2787 3895; baseline 0.003 -24"><span class='ocrx_word' id='word_1_320' title='bbox 733 3814 883 3872; x_wconf 80' lang='lat' dir='ltr'>hanc</span> <span class='ocrx_word' id='word_1_321' title='bbox 910 3815 1022 3873; x_wconf 90' lang='lat' dir='ltr'>illis</span> <span class='ocrx_word' id='word_1_322' title='bbox 1050 3826 1257 3872; x_wconf 80' lang='lat' dir='ltr'>natura</span> <span class='ocrx_word' id='word_1_323' title='bbox 1285 3813 1486 3891; x_wconf 89' lang='lat' dir='ltr'>primis</span> <span class='ocrx_word' id='word_1_324' title='bbox 1512 3814 1790 3890; x_wconf 83' lang='lat' dir='ltr'>praeferre</span> <span class='ocrx_word' id='word_1_325' title='bbox 1815 3839 1827 3872; x_wconf 88' lang='lat'><strong>:</strong></span> <span class='ocrx_word' id='word_1_326' title='bbox 1863 3829 2036 3895; x_wconf 86' lang='lat' dir='ltr'>atque</span> <span class='ocrx_word' id='word_1_327' title='bbox 2055 3818 2136 3875; x_wconf 79' lang='lat' dir='ltr'>ita</span> <span class='ocrx_word' id='word_1_328' title='bbox 2163 3817 2612 3874; x_wconf 77' lang='lat' dir='ltr'>convenientiam</span> <span class='ocrx_word' id='word_1_329' title='bbox 2639 3819 2787 3887; x_wconf 65' lang='lat' dir='ltr'>vitae,</span> 
     </span>
     <span class='ocr_line' id='line_1_37' title="bbox 731 3909 2788 3992; baseline 0.003 -24"><span class='ocrx_word' id='word_1_330' title='bbox 731 3912 1036 3988; x_wconf 87' lang='lat' dir='ltr'>ipsumque</span> <span class='ocrx_word' id='word_1_331' title='bbox 1054 3910 1362 3969; x_wconf 88' lang='lat' dir='ltr'>honestum</span> <span class='ocrx_word' id='word_1_332' title='bbox 1391 3926 1679 3966; x_wconf 86' lang='lat' dir='ltr'>summum</span> <span class='ocrx_word' id='word_1_333' title='bbox 1701 3909 1917 3971; x_wconf 85' lang='lat' dir='ltr'>bonum</span> <span class='ocrx_word' id='word_1_334' title='bbox 1948 3925 2230 3983; x_wconf 80' lang='lat' dir='ltr'>statuere;</span> <span class='ocrx_word' id='word_1_335' title='bbox 2254 3932 2434 3988; x_wconf 84' lang='lat' dir='ltr'>quum</span> <span class='ocrx_word' id='word_1_336' title='bbox 2464 3913 2576 3971; x_wconf 88' lang='lat' dir='ltr'>hoc</span> <span class='ocrx_word' id='word_1_337' title='bbox 2598 3934 2703 3992; x_wconf 81' lang='lat' dir='ltr'>per</span> <span class='ocrx_word' id='word_1_338' title='bbox 2728 3938 2788 3975; x_wconf 84' lang='lat' dir='ltr'>se</span> 
     </span>
     <span class='ocr_line' id='line_1_38' title="bbox 730 4005 2784 4087; baseline 0.001 -20"><span class='ocrx_word' id='word_1_339' title='bbox 730 4009 802 4067; x_wconf 86' lang='lat' dir='ltr'>sit</span> <span class='ocrx_word' id='word_1_340' title='bbox 843 4007 1264 4085; x_wconf 81' lang='lat' dir='ltr'>expetendum,</span> <span class='ocrx_word' id='word_1_341' title='bbox 1297 4005 1396 4064; x_wconf 84' lang='lat' dir='ltr'>illa</span> <span class='ocrx_word' id='word_1_342' title='bbox 1433 4023 1540 4081; x_wconf 86' lang='lat' dir='ltr'>per</span> <span class='ocrx_word' id='word_1_343' title='bbox 1563 4025 1625 4063; x_wconf 87' lang='lat' dir='ltr'>se</span> <span class='ocrx_word' id='word_1_344' title='bbox 1658 4010 1981 4087; x_wconf 78' lang='lat' dir='ltr'>expetenda</span> <span class='ocrx_word' id='word_1_345' title='bbox 2013 4029 2128 4066; x_wconf 86' lang='lat' dir='ltr'>non</span> <span class='ocrx_word' id='word_1_346' title='bbox 2159 4008 2290 4066; x_wconf 88' lang='lat' dir='ltr'>sint.</span> <span class='ocrx_word' id='word_1_347' title='bbox 2345 4009 2558 4083; x_wconf 80' lang='lat' dir='ltr'>Officia</span> <span class='ocrx_word' id='word_1_348' title='bbox 2593 4026 2784 4071; x_wconf 82' lang='lat' dir='ltr'>autem</span> 
     </span>
     <span class='ocr_line' id='line_1_39' title="bbox 728 4099 2786 4185; baseline 0.002 -23"><span class='ocrx_word' id='word_1_349' title='bbox 728 4103 800 4162; x_wconf 81' lang='lat' dir='ltr'>nd</span> <span class='ocrx_word' id='word_1_350' title='bbox 840 4104 1028 4183; x_wconf 84' lang='lat' dir='ltr'>prima</span> <span class='ocrx_word' id='word_1_351' title='bbox 1065 4117 1285 4163; x_wconf 79' lang='lat' dir='ltr'>naturae</span> <span class='ocrx_word' id='word_1_352' title='bbox 1320 4099 1626 4160; x_wconf 83' lang='lat' dir='ltr'>reserenda</span> <span class='ocrx_word' id='word_1_353' title='bbox 1662 4124 1815 4178; x_wconf 85' lang='lat' dir='ltr'>esse,</span> <span class='ocrx_word' id='word_1_354' title='bbox 1847 4109 2064 4185; x_wconf 81' lang='lat' dir='ltr'>quippe</span> <span class='ocrx_word' id='word_1_355' title='bbox 2100 4126 2132 4162; x_wconf 82' lang='lat' dir='ltr'>a</span> <span class='ocrx_word' id='word_1_356' title='bbox 2163 4104 2375 4181; x_wconf 83' lang='lat' dir='ltr'>quibus</span> <span class='ocrx_word' id='word_1_357' title='bbox 2417 4110 2786 4184; x_wconf 74' lang='lat' dir='ltr'>proficiscan-</span> 
     </span>
    </p>
   </div>
  </div>
 </body>
</html>
