3217 4784
913 405 1039 473 DE
1086 404 1257 473 FIN.
1314 406 1520 474 BON.
1575 406 1689 473 ET
1736 405 1956 473 MAL.
2007 407 2097 489 ΙΙ,
2139 402 2250 475 35.
2502 405 2628 473 311

509 527 644 598 nisi
688 549 992 613 vererer,
1028 550 1123 596 ne
1170 524 1555 596 Herculem
1592 528 1836 621 ipsum
1875 550 1995 612 ea,
2029 551 2190 623 quse
2234 550 2367 623 pro
2413 527 2640 597 salute

507 639 832 736 gentium
889 661 1181 709 summo
1232 634 1476 706 labore
1527 636 1864 732 gessisset
1894 691 1912 719 ‚
1971 637 2363 734 voluptatis
2429 660 2641 707 causa

509 747 809 843 gessisse
851 746 1151 817 diceres.

604 857 785 945 Quae
848 878 1078 951 quum
1128 852 1504 938 dixissem,
1548 850 1837 941 Habeo,
1882 855 2121 951 inquit
2182 858 2596 952 Torquatus
2622 912 2641 939 ‚

505 963 597 1036 ad
636 987 823 1060 quos
859 965 992 1033 ista
1026 960 1369 1046 referam3
1401 975 1498 1047 et,
1530 985 1974 1058 quamquam
2012 963 2286 1061 aliquid
2321 967 2475 1065 ipse
2511 992 2638 1062 po·

509 1082 845 1160 teram¹9‚
877 1087 1121 1143 tamen
1157 1072 1477 1142 invenire
1520 1070 1710 1141 malo
1747 1074 2138 1168 paratiores
2154 1086 2222 1117 ²⁰
2262 1073 2640 1147 familiares

507 1198 821 1254 nostros.
878 1181 1114 1254 Credo
1148 1236 1167 1267 ‚
1232 1184 1584 1278 Syr-ouem
1638 1181 1816 1253 dicis
1879 1195 2028 1254 et²¹
2096 1182 2631 1271 Philodemum‚

508 1316 738 1390 quum
801 1294 1118 1390 optimos
1178 1293 1407 1377 vir05,
1471 1301 1705 1362 tum²²
1772 1292 2223 1364 doctissimos
2284 1294 2638 1368 homines,

510 1406 768 1490 Recte,
810 1406 1085 1500 iuquit,
1125 1401 1485 1498 intelligis.
1525 1406 1675 1499 Age
1714 1427 1920 1487 sane,
1952 1404 2275 1500 inquam.
2322 1405 2456 1476 Sed
2491 1421 2642 1476 erat

506 1513 816 1608 aequius,
847 1514 1203 1582 Triarium
1236 1509 1509 1606 aliquid
1552 1509 1643 1581 de
1686 1526 1932 1582 nostra
1969 1511 2412 1585 dissensione
2434 1512 2497 1557 ²3
2528 1518 2644 1609 ju-

584 1718 664 1766 19·
703 1706 950 1750 Poteram.
979 1703 1056 1750 Sc.
1097 1700 1173 1747 his
1217 1699 1525 1764 respondere.

578 1782 663 1830 ho.
707 1784 891 1829 Tamen
917 1778 1134 1829 invenire
1159 1778 1290 1826 malo
1309 1776 1529 1841 paracio-

506 1877 601 1910 res.
612 1863 754 1909 Forte
767 1858 983 1919 invenire}
997 1875 1066 1906 sc.
1078 1858 1152 1905 ad
1158 1856 1529 1922 desputandum:

506 1940 563 1988 h.
586 1956 760 2001 sensu,
789 1961 814 1981 α
832 1949 1044 1987 attamen
1061 1936 1317 1985 familiares
1338 1945 1528 1983 nostros

508 2018 844 2067 instructiores
879 2017 1081 2082 reperiri
1112 2016 1175 2064 ad
1212 2015 1412 2080 Epicuri
1446 2012 1528 2062 de‘·

511 2107 642 2143 creta
666 2095 973 2143 defendenda
1014 2095 1178 2144 malo»
1200 2130 1215 2155 ,
1241 2111 1310 2142 sc.
1342 2094 1526 2158 quippe

510 2175 597 2238 qni
621 2174 725 2222 haec
749 2173 975 2222 docendo
1001 2173 1333 2238 profiteantur.
1356 2175 1419 2221 G.

580 2269 665 2301 αι.
736 2255 969 2316 &rr-onem
1021 2251 1145 2301 dieis
1206 2263 1255 2299 et
1309 2250 1527 2298 Philode-

509 2346 659 2380 mum.
708 2331 950 2381 Nonnulli
1008 2332 1129 2379 male
1185 2330 1351 2395 legunt
1412 2330 1531 2397 Scy·

509 2427 617 2459 ron.
645 2410 843 2469 Nostri,
878 2426 1006 2474 quos
1038 2411 1135 2475 ipsi
1169 2410 1405 2467 vidimus,
1436 2407 1531 2455 hoc

510 2489 622 2538 loco
652 2489 873 2537 Sironem
901 2489 1117 2537 referunt
1144 2503 1158 2536 :
1186 2499 1241 2536 ut
1278 2486 1532 2552 probabile

511 2568 755 2625 videatur,
803 2584 907 2617 esse
944 2568 1041 2616 hoc
1068 2584 1249 2616 nomen
1267 2601 1283 2625 ‚
1319 2578 1375 2614 ut
1398 2565 1533 2629 apud

510 2649 729 2695 Servium
747 2647 810 2695 ad
830 2646 1004 2712 Virgil.
1028 2648 1134 2697 Ecl.
1148 2650 1221 2695 vt
1234 2684 1251 2710 ,
1279 2648 1338 2695 13
1357 2681 1371 2704 ,
1391 2647 1533 2713 Syro-

508 2742 617 2774 nem
641 2726 968 2775 scribendum.
994 2728 1068 2775 De
1089 2724 1356 2775 Plu'lodemi
1379 2724 1535 2773 nomi·

509 2821 571 2852 ne
609 2805 695 2853 vix
733 2804 946 2852 dubitari
980 2805 1110 2853 licet.
1154 2808 1269 2854 Erat
1294 2804 1424 2852 enim
1452 2804 1532 2851 hic

510 2899 622 2931 vere
658 2884 908 2933 Ciceronis
936 2893 1154 2948 tempore
1183 2884 1534 2948 Epicureorum

510 2961 852 3010 nobilissimus.
871 2962 949 3011 Cf.
969 2965 1154 3011 Ascon.
1194 2963 1310 3012 Ped.
1332 2963 1396 3011 ad
1413 2974 1534 3012 orat.

510 3042 562 3088 in
586 3042 751 3089 Pison.
784 3042 878 3099 28,
906 3056 957 3104 p.
988 3042 1114 3097 826,
1134 3041 1212 3089 ed.
1241 3044 1296 3090 P.
1340 3043 1533 3090 Manut.

511 3135 748 3183 eumque,
801 3133 1061 3182 suppresso
1104 3120 1326 3175 nomine,
1355 3121 1406 3167 in
1446 3121 1535 3168 ista

512 3198 733 3246 oratione
768 3197 873 3245 Cic.
900 3198 932 3245 l.
963 3197 999 3246 l.
1026 3209 1083 3245 ut
1108 3198 1350 3246 literatum
1377 3199 1537 3246 homi-

515 3292 656 3337 nem,
699 3276 1048 3340 philosophum
1067 3314 1081 3336 ,
1109 3288 1157 3324 et
1184 3291 1376 3342 poetam
1400 3277 1538 3324 lasci·

514 3356 699 3403 vioretn
715 3389 732 3417 ,
761 3355 984 3419 pluribus
1009 3368 1369 3405 commemorat.
1388 3356 1538 3403 Pleri-

513 3450 610 3499 que
639 3434 840 3498 quidem
876 3433 1027 3483 codd.
1079 3434 1380 3483 Polidemum
1416 3434 1540 3482 scri-

513 3514 669 3572 bunt,
707 3524 763 3560 ut
793 3513 899 3560 bini
945 3513 1143 3561 Oxonn.
1197 3525 1292 3562 tres
1349 3514 1503 3562 nostri
1524 3551 1537 3571 ‚

514 3593 636 3642 Vin.
670 3591 888 3656 editique
926 3603 1045 3641 vett.
1081 3593 1300 3657 plerique
1337 3609 1536 3655 omnes;

521 3672 574 3720 hi
601 3682 763 3719 tamen
795 3670 891 3719 sere
926 3670 1251 3734 Polydemum.
1285 3674 1353 3720 At
1392 3672 1539 3733 hujus

516 3750 727 3799 nominis
746 3748 910 3797 nullus
926 3751 1278 3815 Epicureorum
1290 3752 1540 3800 Ciceronis

514 3840 657 3879 atate
679 3829 869 3879 claruit.
887 3830 1111 3879 Ceterum
1135 3842 1248 3895 post
1272 3832 1505 3894 Syr-onem
1525 3867 1540 3888 ‚

516 3910 718 3972 anquam
747 3907 982 3958 excidisse
1018 3909 1244 3969 videtur,
1290 3909 1425 3974 quod
1466 3910 1540 3957 vel

520 3988 786 4036 Tironiana
811 4000 928 4037 nota
951 3973 990 4037 1-
985 4025 998 4048 ,
1033 3989 1106 4038 vel
1139 3975 1215 4037 υἷ’
1213 3990 1386 4037 scribae
1418 4006 1544 4055 saepe

520 4064 748 4129 pingunt.
780 4069 842 4115 G.
869 4095 939 4105 —
966 4071 1094 4134 Syro
1139 4080 1191 4116 et
1227 4068 1546 4117 Philodemus

524 4154 661 4192 erant
685 4144 829 4193 ambo
860 4146 987 4195 inter
1021 4147 1207 4212 primos
1236 4147 1365 4196 illius
1394 4149 1546 4198 aetatis

1624 1700 1888 1763 Epicureos
1901 1735 1917 1761 ,
1946 1703 2083 1766 prior
2102 1702 2353 1752 Ciceronis
2374 1704 2574 1761 amicus,
2593 1716 2648 1752 ut

1620 1790 1755 1842 patet
1780 1796 1844 1828 ex
1875 1781 1980 1842 ejus
2000 1782 2180 1845 Epistt.
2207 1781 2325 1830 Div.
2340 1782 2414 1828 v1
2432 1817 2445 1839 ,
2491 1797 2511 1827 1
2527 1797 2575 1843 1,
2598 1793 2646 1830 et

1621 1873 1684 1906 ex
1720 1859 1911 1908 Acadd.
1956 1862 2035 1917 11,
2079 1861 2142 1908 33
2163 1893 2180 1920 ,
2220 1859 2348 1918 106;
2387 1859 2646 1925 posterior,

1619 1938 1706 2001 qui
1737 1938 2002 1987 nonnullos
2041 1938 2103 1986 de
2136 1938 2449 2003 philosophia
2495 1938 2645 1986 libros

1619 2028 1669 2063 et
1713 2017 1895 2065 erotica
1953 2028 2175 2082 poemata
2236 2018 2493 2080 scripserat
2514 2032 2526 2066 :
2574 2028 2645 2064 est

1618 2096 1709 2144 iste
1742 2097 1871 2145 idem
1898 2097 1978 2145 ille
2003 2096 2341 2155 Philodemus,
2370 2096 2525 2159 patria
2547 2097 2645 2143 Ga-

1621 2174 1856 2234 darenns,
1899 2177 2038 2237 cujus
2060 2177 2199 2240 plura
2227 2175 2407 2238 scripta
2433 2191 2492 2221 ex
2521 2178 2645 2222 Her-

1622 2254 1810 2302 culanei
1853 2257 1992 2319 quasi
2039 2255 2264 2319 sepulcro
2310 2266 2449 2302 eruta
2492 2264 2609 2302 sunt
2632 2291 2648 2315 ‚

1623 2348 1931 2396 quorumque
1962 2333 2085 2382 illud
2110 2331 2218 2401 περὶ
2255 2336 2489 2389 Μουσικῆς
2517 2334 2643 2381 Nea-

1624 2411 1727 2474 poli
1767 2428 1786 2458 ι
1803 2412 1898 2474 793
1917 2449 1932 2473 ,
1978 2412 2163 2461 editum
2208 2424 2296 2461 est.
2354 2412 2428 2460 Ab
2473 2412 2644 2459 eodem

1625 2490 2035 2553 Epigrammatnm
2060 2492 2171 2554 plus
2197 2507 2342 2554 quam
2376 2491 2571 2555 triginta
2596 2493 2646 2538 in

1625 2568 1833 2616 Iacohsii
1870 2568 2171 2633 Anthologia
2211 2586 2363 2634 graeca
2402 2571 2645 2634 leguntur.

1626 2648 1702 2695 Cf.
1729 2658 1768 2696 t.
1795 2650 1872 2706 11,
1911 2664 1961 2712 p.
2000 2665 2222 2712 70—79.

1699 2742 1782 2774 aa.
1803 2728 1961 2789 Quum
1972 2721 2178 2792 optimos
2196 2726 2352 2785 viros,
2373 2739 2489 2775 mm.
2511 2729 2646 2776 Goer.

1626 2805 1774 2856 scrib.
1791 2817 1894 2853 turn
1922 2843 1935 2855 .
1960 2843 1971 2854 .
1994 2842 2007 2857 .
2047 2818 2162 2856 tum.
2187 2808 2299 2866 Sic,
2323 2807 2512 2871 inquit,
2539 2823 2651 2870 qua·

1626 2896 1742 2933 tuor
1781 2887 1933 2934 nostri
1953 2923 1968 2945 ‚
2014 2886 2233 2950 editique
2283 2886 2405 2933 bene
2452 2885 2592 2931 multi
2634 2901 2646 2930 :

1628 2976 1726 3012 tum
1767 3000 1777 3012 .
1801 2997 1815 3011 .
1837 2999 1849 3012 .
1884 2976 1985 3012 tum
2013 2964 2142 3011 enim
2169 2963 2222 3012 h.
2263 2963 2299 3011 l.
2335 2962 2520 3026 parlim
2555 2997 2566 3007 .
2591 2998 2602 3007 .
2627 2997 2638 3008 .

1617 3043 1801 3107 partim
1820 3054 1981 3091 notat.
2004 3043 2231 3090 Ceterum
2251 3075 2266 3099 ,
2286 3038 2421 3102 qnod
2441 3038 2541 3087 viri
2568 3075 2581 3087 .
2600 3075 2611 3086 .
2628 3076 2638 3085 .

1628 3121 1841 3169 homines
1858 3123 2084 3186 ponitur,
2108 3119 2172 3167 cs.
2196 3117 2342 3165 Divv.
2356 3118 2404 3163 11
2419 3153 2434 3175 ‚
2459 3134 2538 3180 ep.
2556 3128 2616 3172 14
2636 3134 2648 3168 :

1635 3223 1656 3242 κ
1680 3201 1831 3248 Fabio
1855 3201 1957 3246 viro
1972 3199 2185 3263 optimo,
2198 3207 2244 3244 et
2261 3197 2458 3243 homine
2472 3196 2650 3244 doctis-

1629 3281 1754 3327 simo
1794 3300 1837 3326 ».
1890 3280 1959 3325 Ita
2000 3287 2248 3324 auctorem
2295 3274 2466 3323 crebro
2518 3292 2651 3323 more

1629 3357 1837 3405 scribere
1852 3389 1869 3416 ,
1895 3355 2061 3404 multis
2091 3355 2213 3403 locis
2242 3353 2412 3402 docuit
2435 3355 2526 3400 Vir
2547 3356 2651 3401 Do-

1631 3447 1740 3485 ctus
1768 3435 1820 3483 in
1847 3434 1978 3484 Bihl.
2017 3432 2144 3485 Crit.
2175 3436 2277 3493 111,
2316 3444 2451 3497 parte
2480 3434 2573 3482 ult.
2599 3452 2651 3498 p.

1632 3516 1721 3563 62.
1743 3515 1949 3563 Causam
1967 3512 2112 3574 hujus
2128 3514 2292 3578 primo
2310 3512 2546 3578 adspectu
2565 3516 2654 3560 mi-

1633 3612 1699 3643 τω
1726 3594 1927 3641 rationis
1971 3595 2023 3640 in
2073 3609 2133 3641 eo
2180 3593 2390 3657 positam
2425 3593 2653 3657 putabis,

1633 3673 1771 3739 quod
1794 3673 1864 3721 sic
1894 3672 2169 3720 distinctius
2187 3671 2429 3720 laudatur.
2453 3674 2514 3720 G.

1710 3754 1792 3801 23.
1815 3754 1889 3800 De
1907 3763 2075 3800 nostra
2095 3751 2410 3800 dissensione.
2433 3753 2657 3814 Quatuor

1639 3832 1821 3894 nostri,
1855 3848 1956 3880 uno
1999 3832 2128 3879 Gud.
2155 3848 2184 3877 α
2244 3841 2480 3894 excepto,
2508 3840 2659 3878 trans·

1633 3928 1774 3960 verso
1817 3910 1990 3959 ordine
2029 3910 2092 3958 de
2120 3908 2425 3958 dissensione
2470 3920 2655 3956 nostra.

1636 3991 1732 4040 Sed
1755 4007 1903 4055 prave
1919 4025 1934 4049 ‚
1961 4006 2112 4054 quum
2139 4008 2202 4038 ex
2224 3988 2539 4054 oppositione
2575 3986 2662 4034 ad-

1631 4069 1842 4131 jectivo,
1867 4068 1944 4116 his
1971 4069 2215 4117 contextis
2232 4104 2245 4127 ‚
2271 4069 2345 4115 vis
2363 4066 2504 4114 adsit.
2525 4067 2662 4129 Saepe

1636 4160 1798 4198 antem
1837 4148 2113 4197 monuimus
2135 4181 2148 4205 ‚
2201 4163 2357 4209 neque
2396 4138 2662 4208 quidquam
