3217 4784
812 463 937 531 DE
988 461 1158 528 FlN.
1208 459 1416 526 BON.
1474 460 1584 525 ET
1635 460 1850 527 MAL.
1901 456 2007 539 11,
2046 452 2157 523 26.

2408 452 2548 525 265

424 583 604 655 letis,
639 584 1056 655 Praesidium
1082 585 1476 653 amicorum
1500 592 1584 650 ¹9.
1625 582 1806 651 Satis
1840 593 1944 650 est
1979 575 2110 648 tibi
2136 578 2210 647 in
2248 590 2348 663 te,
2384 580 2552 648 satis

425 695 499 764 in
559 692 871 792 legibuS,
913 694 1082 763 satis
1139 706 1211 763 et
1273 696 1347 760 in
1401 688 1888 762 mediocribus
1935 688 2261 759 amicitiis
2312 689 2576 785 praesi-‘

425 802 629 873 dii20.
667 811 822 876 Jam
881 802 1248 874 contemni
1322 825 1472 870 non
1534 801 1824 896 poteris.
1861 799 2125 871 Odium
2178 812 2418 870 autem
2478 812 2552 869 et

426 914 763 985 invidiam
803 912 1006 985 facile
1053 910 1306 982 vitabis
1359 937 1374 978 ε
1417 907 1507 981 ad
1553 933 1672 981 eas
1722 910 1915 982 enim
1961 934 2076 980 res
2112 907 2204 979 ab
2240 910 2552 1005 Epicuro

427 1037 781 1120 praecepta
826 1021 1111 1092 dantur.
1171 1026 1261 1091 Et
1322 1034 1597 1104 tamen,
1665 1021 1878 1090 tantis
1938 1016 2408 1114 vectigalibus
2465 1016 2556 1089 ad

428 1130 1289 1217 liberalitatem-mensu,
1341 1129 1554 1205 ctiam
1600 1129 1756 1200 sine
1801 1128 1936 1198 hac
1968 1126 2276 1223 Pyladea
2319 1128 2557 1198 amici-

429 1351 585 1395 turam
598 1341 838 1395 faciebant
848 1343 973 1401 ‚sive
986 1342 1194 1406 denique
1206 1353 1447 1391 aratorum

430 1438 492 1469 ex
514 1422 805 1485 provinciis,
832 1422 998 1470 Africa
1018 1424 1246 1480 maxime,
1269 1433 1450 1470 statue·

430 1501 496 1551 ris
512 1500 737 1566 (vocatur
759 1513 918 1550 autem
943 1502 1042 1549 boc
1063 1502 1303 1566 oppidum
1320 1503 1449 1549 Stra-

432 1580 579 1637 boni,
607 1596 719 1645 pag.
768 1580 866 1643 169
887 1616 905 1644 ,
932 1580 1128 1649 μίγιςον
1174 1578 1451 1646 dianopam,

431 1658 513 1711 cll.
534 1660 642 1709 Cic.
665 1662 769 1708 Att.
797 1662 861 1718 V,
890 1676 968 1723 ep.
1001 1675 1056 1706 ιι
1078 1660 1097 1721 )
1126 1675 1139 1705 :
1165 1673 1266 1705 non
1292 1656 1451 1704 solnm

432 1738 477 1786 si
511 1751 641 1786 recte
681 1755 732 1785 se
777 1736 999 1793 habebit,
1065 1735 1151 1782 sed
1194 1734 1454 1788 verborum

434 1819 577 1864 etiam
609 1817 799 1881 positus
830 1814 1108 1879 aptissimus
1143 1811 1256 1860 erit.
1286 1812 1366 1859 Sic
1393 1811 1456 1869 de

435 1896 789 1947 frumentorum
819 1894 1023 1941 maxims
1055 1893 1137 1949 vi,
1168 1891 1325 1955 qualis
1356 1907 1454 1939 non

439 1975 491 2020 in
536 1974 680 2021 unius
728 1972 905 2037 privati
947 1969 1159 2018 hominis
1204 1970 1455 2019 facultates

439 2050 598 2111 cadit,
620 2050 759 2097 locus
774 2047 1037 2114 capiendus
1055 2058 1125 2096 est
1141 2085 1155 2110 ,
1176 2065 1319 2113 quam
1337 2050 1457 2097 Tor·

438 2139 616 2193 quatus
628 2144 764 2191 aeque
777 2126 1025 2191 possidere
1044 2126 1245 2191 fingitur
1259 2163 1273 2185 ,
1300 2138 1354 2175 nt
1376 2127 1457 2176 ille

438 2223 589 2274 parva
614 2218 742 2255 sorte
762 2216 1020 2254 contentus
1036 2207 1166 2271 apud
1185 2209 1458 2266 Horatium,

441 2286 538 2334 od.
564 2288 616 2346 1,
643 2302 664 2333 ι
686 2323 702 2348 ‚
731 2301 790 2332 ια
819 2299 833 2333 :
858 2306 879 2327 ι
905 2285 1163 2349 Quidquid
1182 2285 1242 2333 de
1263 2286 1459 2351 Libycis

442 2366 654 2413 verritur
688 2365 811 2412 areis
842 2386 885 2410 n.
925 2363 1022 2412 Sed
1058 2364 1263 2429 intelligi
1300 2376 1459 2413 tamen

442 2445 649 2493 maxime
696 2444 934 2491 frumenta
983 2436 1181 2507 publica
1199 2479 1213 2503 ,
1265 2459 1375 2507 qnae
1434 2460 1460 2492 e

444 2523 659 2573 decumis
693 2522 746 2569 in
785 2523 883 2570 hoc
922 2523 1161 2586 oppidum
1202 2533 1426 2585 congesta
1446 2556 1462 2578 ,

444 2601 619 2650 deinde
637 2601 700 2650 ad
723 2603 885 2649 varios
913 2615 1028 2648 usus
1050 2600 1252 2648 diversis
1275 2611 1462 2665 tempo-

441 2680 576 2728 ribus
601 2681 804 2728 Romam
823 2679 1053 2727 subvecta
1072 2681 1167 2727 sint
1183 2714 1198 2738 ‚
1225 2696 1288 2727 ex
1315 2679 1465 2728 cantis

443 2759 768 2824 vectigalibus
786 2796 800 2819 ,
823 2775 933 2823 quae
959 2771 1244 2823 sequnntur,
1261 2776 1465 2824 quaeque

444 2837 539 2885 linc
561 2838 810 2887 referenda
826 2849 940 2887 sunt
956 2874 970 2897 ,
996 2838 1080 2885 vix
1101 2839 1323 2888 dubitare
1335 2839 1465 2889 licet.

446 2917 572 2969 Vide
598 2917 768 2983 paucis
793 2929 905 2980 post
923 2952 940 2977 ‚
968 2928 1074 2965 not.
1101 2934 1183 2968 αι.

525 3012 604 3059 19.
630 2994 917 3043 Proesidium
945 2996 1228 3046 amicorum.
1259 2997 1319 3045 Id
1353 3009 1425 3047 est
1449 3012 1464 3047 z

446 3077 579 3135 Pone
633 3075 844 3140 primum
890 3074 1174 3137 pra-sidium
1226 3077 1358 3141 quod
1404 3094 1471 3126 ea·

447 3153 616 3203 amicis
634 3155 1025 3220 petitum—Post
1041 3153 1146 3201 haec
1163 3156 1296 3204 Goer.
1315 3155 1469 3204 lineo·-

448 3235 542 3282 lam
570 3235 764 3299 posuit,
801 3244 858 3283 ut
898 3233 1108 3298 elliptica
1145 3232 1323 3281 horum
1359 3252 1469 3282 ver-

450 3313 625 3361 borum
645 3314 770 3361 ratio
786 3312 947 3361 statim
965 3311 1121 3363 oculis
1143 3310 1475 3372 subjiceretur.

451 3394 561 3439 Hoc
588 3391 737 3439 ruodo
781 3391 972 3455 plenam
1010 3390 1249 3455 cogitabis
1278 3403 1473 3441 senten-

452 3472 600 3520 tiam:
626 3492 648 3513 ι
668 3473 726 3517 In
752 3469 972 3517 amicitis:
1006 3469 1293 3533 expetenda:
1327 3474 1475 3520 ratio-

451 3551 596 3600 nibus
620 3549 900 3615 praesidium
927 3548 1192 3597 amicorum
1220 3552 1403 3615 ponitis
1424 3573 1472 3603 ο.

526 3645 607 3679 20.
631 3628 872 3683 Praesidii.
893 3630 1032 3678 Goer.
1053 3644 1149 3678 scr.
1159 3630 1476 3695 puerilium,

450 3719 689 3773 notatque
710 3722 724 3757 ε
747 3707 955 3771 Vulgata
968 3707 1193 3772 proesidii
1209 3721 1283 3757 est
1309 3727 1370 3759 ex
1395 3727 1473 3759 re-

451 3791 580 3853 gula.
599 3789 695 3837 Sed
714 3788 887 3852 scripti
903 3787 1017 3836 libri
1038 3788 1100 3839 ad
1117 3805 1268 3837 unum
1287 3804 1472 3850 omues,

455 3880 509 3916 ut
544 3869 837 3929 edidimus;‚
858 3879 907 3915 et
936 3878 1064 3916 recte
1090 3869 1189 3929 jam
1225 3879 1338 3917 aute
1380 3886 1474 3920 uos

453 3948 609 3997 Brem.
637 3947 706 3996 sic
724 3947 972 4012 reposuit:
993 3948 1054 3996 ad
1074 3963 1242 3995 omnes
1255 3948 1383 3995 enim
1392 3965 1472 3997 ca·

456 4041 538 4072 sus
560 4024 677 4074 satis
703 4027 920 4090 ponitur.
967 4029 1078 4075 Huc
1114 4027 1335 4075 conferas
1368 4030 1474 4076 Au.

457 4105 574 4162 xa,
589 4120 667 4168 ep.
685 4105 775 4163 So,
790 4106 987 4154 -sisntis
996 4105 1252 4153 consilium
1267 4104 1472 4170 quadam

1538 1358 1586 1389 v.
1611 1342 1730 1390 satis
1757 1353 1808 1390 et
1832 1343 1952 1389 Intt.
1981 1339 2043 1386 ad
2066 1341 2217 1389 Corn.
2245 1339 2470 1404 Epamin.
2502 1347 2559 1398 4,

1539 1423 1597 1469 6:
1624 1443 1649 1463 .-
1675 1418 1998 1468 Abstinentiae
2027 1418 2122 1465 hoc
2153 1418 2267 1464 satis
2300 1419 2390 1467 erit
2425 1421 2561 1466 testi-

1539 1499 1757 1549 monium
1779 1521 1821 1546 ο.
1847 1496 2100 1546 Contemni
2115 1530 2130 1554 ,
2176 1497 2311 1558 quod
2337 1496 2561 1561 proxime

1540 1578 1826 1637 subjicitur,
1855 1592 1919 1623 ex
1947 1575 2055 1622 solo
2099 1575 2201 1623 Pal.
2229 1591 2250 1623 1
2283 1586 2558 1639 receptum,

1540 1655 1646 1704 bini
1671 1654 1744 1705 illi
1771 1653 1925 1703 nostri
1952 1652 2261 1701 confirmant.
2290 1655 2427 1702 Prius
2453 1655 2558 1702 edi-
2643 1689 2652 1697 ,

1542 1744 1646 1781 tum
1692 1743 2000 1781 contemnere
2038 1731 2154 1779 inde
2204 1732 2521 1780 derivandum
2540 1769 2556 1791 ,

1543 1813 1679 1879 quod
1705 1813 1876 1861 scriba
1890 1811 2179 1875 pra-sidium
2213 1810 2277 1860 ad
2310 1828 2447 1875 seqq.
2476 1828 2560 1859 ac-

1543 1892 1928 1941 commodarunt.
1954 1892 2166 1943 Pressius
2192 1902 2372 1963 autem&
2389 1890 2563 1941 Cicero

1543 1972 1606 2023 ad
1628 1971 1863 2036 Torquati
1889 1970 2035 2019 verba
2062 1970 2326 2036 respondet
2348 1985 2491 2033 supra
2507 1972 2530 2017 1
2547 2005 2563 2030 ,

1548 2067 1641 2111 20,
1668 2051 1733 2113 67
1758 2085 1773 2110 ,
1821 2073 1847 2093 α
1881 2049 2023 2107 odia,
2068 2050 2263 2097 invidiae
2284 2085 2299 2107 ‚
2343 2049 2563 2113 despica-

1543 2130 1700 2178 tiones
1738 2152 1779 2179 -.
1822 2132 1937 2177 Iam
1976 2140 2072 2189 est,
2111 2152 2136 2172 κ
2166 2128 2256 2177 hac
2281 2128 2568 2176 condition·

1544 2224 1697 2273 quum
1721 2210 1786 2257 sis
1801 2231 1844 2258 υ.
1868 2210 1935 2258 G.

1618 2303 1704 2335 αι.
1732 2289 1801 2335 Ee
1849 2298 2039 2346 tamen,
2087 2286 2237 2337 tantis
2286 2321 2300 2336 .
2320 2322 2335 2335 .
2357 2320 2370 2334 .
2413 2297 2566 2334 neem.

1546 2364 1779 2427 Abjecere
1806 2368 1917 2415 VV.
1963 2369 2078 2416 Dn.
2123 2384 2151 2416 a
2204 2368 2417 2415 Grutero
2453 2365 2568 2414 inde

1547 2463 1644 2493 non
1661 2480 1675 2505 ,
1705 2462 1813 2509 quoe
1836 2445 1953 2496 olim
1977 2456 2094 2510 post
2117 2457 2283 2494 tamen
2311 2445 2564 2494 edebatur.

1551 2527 1608 2573 In
1657 2524 1756 2574 Pal.
1812 2542 1830 2573 ι
1849 2560 1864 2583 ,
1902 2526 2107 2589 aliisque
2157 2524 2289 2573 baud
2328 2524 2528 2572 obvium
2554 2539 2570 2582 ς

1549 2621 1708 2668 neque
1731 2606 1782 2652 in
1798 2604 1929 2653 binis
1949 2606 2128 2654 nostris
2151 2604 2248 2652 illis
2270 2619 2568 2669 compsrens.

1552 2688 1702 2734 Recte
1738 2699 1754 2733 ε
1793 2701 2083 2749 quamquam
2103 2684 2188 2732 vix
2205 2683 2369 2739 locum
2389 2684 2572 2748 cepisse

1551 2763 1798 2825 videntur,
1816 2780 1961 2828 quem
1979 2764 2116 2812 solus
2131 2763 2572 2826 Ratbiusingenue

1553 2841 1812 2907 profitetur
1837 2860 1889 2892 se
1909 2860 2011 2892 non
2031 2844 2312 2907 intelligere.
2331 2845 2573 2893 Contexts

1553 2924 1657 2971 baec
1671 2934 1815 2973 sunt:
1840 2946 1861 2969 ι
1886 2926 2008 2973 Satis
2024 2924 2116 2971 tibi
2130 2924 2180 2970 iu
2201 2932 2279 2981 te,
2300 2923 2350 2969 iu
2369 2918 2575 2982 legibus,

1555 3004 1605 3050 in
1633 3003 1962 3051 mediocribus
1988 3001 2213 3049 amicitiis
2232 2997 2446 3064 praesidii
2467 3008 2541 3045 est
2558 3031 2573 3053 ‚

1556 3081 1689 3129 unde
1716 3082 1850 3129 tibia
1874 3089 2160 3144 contemptu
2177 3112 2193 3136 ‚
2217 3077 2368 3135 odio,
2395 3074 2575 3123 invidia

1556 3160 1764 3207 caveris.
1790 3160 1853 3206 Et
1879 3169 2040 3206 tamen
2065 3157 2138 3224 (si
2156 3155 2236 3203 vel
2256 3156 2336 3202 illa
2366 3154 2456 3203 tibi
2475 3171 2578 3203 non

1559 3239 1751 3299 essent)
1803 3238 1843 3284 si
1887 3235 2037 3283 modo
2090 3237 2236 3284 tsntis
2300 3235 2396 3285 illis
2412 3271 2428 3297 ‚
2466 3251 2577 3299 qun

1561 3313 1665 3362 dixi
1681 3351 1698 3377 ,
1739 3313 2055 3379 vectigalibus
2092 3314 2354 3363 liberaliter
2391 3315 2540 3365 utaris
2563 3351 2580 3377 ,

1561 3392 1640 3440 vel
1665 3394 1768 3441 sine
1794 3395 1887 3442 ista
1914 3393 2123 3458 Pyladea
2142 3392 2352 3442 amicitia
2372 3430 2388 3454 ‚
2414 3394 2581 3445 couci-

1560 3470 1674 3519 lista
1728 3471 1818 3520 tibi
1881 3472 2146 3520 multorum
2206 3471 2533 3520 benivolentia
2565 3507 2581 3531 ,

1563 3560 1718 3599 tectus
1738 3561 1969 3615 tutusque
1990 3550 2085 3599 eris
2103 3571 2142 3600 ο.
2179 3553 2227 3596 V
2224 3549 2456 3615 eetigale'a
2491 3566 2579 3598 au-

1562 3639 1661 3677 tem
1692 3630 1755 3685 de
1780 3631 2012 3683 frumeuti
2036 3628 2251 3678 decumis
2277 3629 2402 3689 dici,
2438 3629 2480 3677 si
2504 3630 2580 3679 vel

1563 3709 1764 3761 doctum
1793 3709 1855 3758 de
1880 3709 1959 3757 bis
1984 3712 2045 3765 P.
2075 3709 2339 3757 Burmanni
2364 3708 2583 3757 libellum

1559 3789 1797 3854 ignoraris
1812 3823 1828 3848 ,
1850 3787 2046 3838 abunde
2066 3802 2126 3836 ex
2152 3788 2289 3836 tertia
2317 3788 2419 3837 Cic.
2455 3790 2583 3837 Ver-

1561 3869 1666 3916 riua
1691 3867 2002 3918 intellexeris.
2024 3866 2224 3932 Respici
2251 3866 2400 3930 igitur
2420 3866 2484 3914 sd
2499 3867 2582 3916 illa

1563 3946 1779 3998 Puteolis
1803 3945 2045 4010 granaria
2076 3948 2159 3994 vix
2197 3944 2408 3995 dubitari
2439 3962 2585 4010 posse

1562 4027 1770 4076 videtur.
1789 4029 2049 4091 Quumque
2068 4026 2151 4075 illa
2172 4040 2274 4073 vox
2291 4023 2351 4073 de
2369 4026 2585 4090 privato-

1561 4123 1669 4155 rum
1698 4105 1945 4175 reditibus·
1962 4122 2065 4154 non
2092 4106 2299 4164 dicatur,
2334 4104 2583 4169 granaria

461 4179 521 4233 tle
548 4181 913 4243 rehaberem»;
947 4184 1057 4233 vide
1085 4186 1200 4233 Ern.
1237 4187 1287 4239 in
1325 4185 1471 4235 Clave
1555 4184 1754 4250 publica
1800 4184 2055 4251 cogitanda
2095 4199 2227 4239 esse,
2269 4184 2372 4246 pari
2411 4198 2586 4230 couse-
