3217 4784
828 416 953 483 DE
1006 416 1175 485 ΠΝ.
1228 415 1433 485 ΒοΝ.
1479 415 1594 484 ΕΤ
1644 415 1860 485 MAL.
1910 417 2044 505 lv,
2089 415 2154 487 5.

2415 423 2559 519 449

434 534 613 607 his¹6
631 539 1039 635 conquisita
1072 554 1146 610 et
1178 538 1477 610 collecta
1520 552 1692 610 sunt
1734 537 1825 610 de
1867 541 2195 611 omnium
2235 541 2560 615 animan-

430 650 611 719 tium
646 672 910 745 genere
938 703 959 736 ‚
996 663 1202 735 ortu,
1240 645 1626 735 membris»,
1662 648 2035 720 aetatibus?
2074 675 2292 748 quam
2333 654 2564 725 multa

427 758 519 829 de
560 758 780 831 rebus
823 760 948 845 iis,
994 782 1151 854 quae
1210 758 1609 855 gignuntur
1657 781 1699 828 e
1739 761 1976 831 terra?
2019 785 2238 857 quam
2279 763 2561 851 multae,

428 894 791 967 quamque
830 869 920 939 de
949 867 1171 939 rebus
1202 868 1410 939 variis
1449 882 1522 937 et
1567 890 1797 939 causae
1852 893 1984 940 cur
2033 870 2358 971 quidque
2403 872 2561 963 fiat,

426 995 499 1050 et
556 978 1203 1061 demonstrationes
1249 974 1866 1075 quemadmodum
1912 992 2299 1076 quaeque¹⁷
2344 981 2563 1055 fiant?

424 1112 569 1183 qua
612 1113 702 1160 ex
739 1088 940 1157 omni
977 1087 1220 1185 copia,
1256 1086 1565 1186 plurima
1596 1101 1671 1157 et
1701 1090 2093 1160 certissima
2134 1108 2562 1190 argumenta

425 1209 813 1266 sumuntur
839 1194 929 1266 ad
955 1198 1307 1294 cujusque
1340 1197 1446 1269 rei
1471 1209 1801 1267 naturam
1830 1196 2347 1296 explicandam.
2368 1207 2561 1302 Ergo

423 1304 661 1376 adhuc
680 1361 700 1394 ‚
732 1322 1089 1403 quantum
1115 1306 1456 1404 equidem
1479 1302 1909 1403 intelligo¹⁸‚
1937 1330 2150 1378 causa
2189 1333 2339 1381 non
2369 1311 2561 1386 vide·

420 1542 678 1590 materiam
700 1560 720 1591 .·
753 1552 811 1592 nt
842 1543 1116 1592 audiendus
1142 1558 1247 1590 eaae
1269 1542 1440 1592 Davia.

419 1622 658 1682 videatur,
677 1623 764 1687 qni
783 1623 888 1670 haec
906 1623 976 1669 sic
996 1632 1181 1669 mutat:
1208 1641 1229 1663 ι
1248 1632 1442 1669 natura-

416 1701 537 1750 lium
571 1716 689 1748 vero
725 1715 888 1746 rerum
924 1714 1026 1745 eoae
1059 1697 1193 1762 apud
1232 1699 1322 1746 hoa
1355 1714 1441 1747 eo-

416 1780 548 1849 piam
593 1777 707 1826 exil.
726 1800 752 1821 a·
797 1779 903 1826 Noe
950 1792 1147 1840 qnoque
1195 1776 1439 1841 vulgatam

416 1873 520 1906 non
544 1859 915 1921 concoquimue.
949 1857 1002 1904 Si
1029 1856 1158 1904 enim
1183 1856 1262 1904 vel
1285 1866 1437 1904 mate·

417 1937 539 1986 n‘am
577 1938 640 1986 de
677 1938 738 1985 iia
779 1936 923 1985 rebus
963 1935 1289 1993 intellexeris,
1316 1950 1438 2001 quaa

415 2016 688 2065 tractandas
707 2015 802 2063 eibi
824 2014 981 2064 Stoici
1008 2026 1339 2080 aumpaerant,
1360 2017 1434 2077 je-

409 2097 529 2157 june
556 2107 717 2144 tamen
741 2095 813 2143 aie
840 2095 986 2143 faciea
1001 2128 1017 2155 ‚
1042 2102 1108 2153 et,
1126 2110 1227 2159 quo
1244 2093 1430 2158 copiam

415 2178 611 2233 resena,
642 2174 851 2228 neaciea,
881 2189 1032 2237 quum
1065 2174 1169 2221 hate
1198 2173 1249 2221 h.
1269 2172 1305 2221 l.
1328 2188 1433 2222 non

412 2254 647 2305 orationis
683 2256 774 2318 ait,
813 2253 900 2303 aed
924 2269 1106 2303 rerum.
1144 2253 1314 2301 Malim
1341 2255 1433 2319 igi-

414 2347 491 2384 tur
571 2336 815 2383 «materiae
860 2349 978 2381 vero
1032 2348 1194 2380 rerum
1233 2334 1429 2397 copiam

409 2415 542 2480 apud
557 2414 654 2462 hoa
671 2413 843 2461 exilem
858 2446 876 2472 ,
904 2423 1004 2461 etc.
1024 2432 1052 2454 ιι
1072 2413 1283 2461 Peccant
1298 2413 1429 2460 enim

410 2495 684 2559 frequenter
707 2493 878 2541 acribae
901 2492 954 2539 in
982 2491 1154 2555 geuitt.
1177 2507 1204 2538 a
1232 2508 1285 2540 ae
1310 2508 1428 2557 pen·

408 2575 671 2635 dentibua3
714 2585 859 2639 atque
899 2591 962 2623 ex
1009 2590 1109 2640 quo
1166 2574 1426 2621 materiam

407 2653 553 2701 acribi
585 2665 802 2719 coeptum
837 2665 939 2711 eet,
975 2653 1028 2701 hi
1060 2670 1146 2702 aua
1176 2664 1352 2717 sponte
1378 2663 1429 2700 ee

407 2733 818 2798 interposuerunt.
854 2736 928 2781 Ita
959 2749 1128 2782 aenaua
1154 2734 1273 2791 erit,
1316 2753 1340 2777 e
1363 2733 1425 2781 de

407 2827 565 2860 rerum
617 2812 682 2860 ad
739 2811 988 2860 materiam
1040 2813 1387 2875 pertinentium
1405 2847 1421 2869 ,

406 2903 509 2940 tum
534 2891 851 2939 animantium
872 2925 887 2948 ‚
927 2901 1032 2938 tum
1055 2892 1422 2940 inanimantium

403 2970 547 3035 copia
563 3005 578 3030 ,
606 2968 657 3017 hi
675 2969 884 3028 exiliter,
911 2968 983 3016 illi
999 2969 1241 3018 uberrime
1254 2970 1423 3035 diapa-

404 3058 509 3096 tant
521 3069 564 3098 υ.
592 3047 806 3095 Gudiani
829 3063 857 3094 a
885 3047 1032 3096 lectio
1063 3048 1140 3096 vel
1173 3048 1287 3097 ideo
1322 3049 1417 3097 dia·

401 3126 578 3192 plicet,
603 3126 738 3192 quod
765 3127 908 3175 nimia
943 3126 1038 3174 late
1069 3137 1230 3192 patet,
1265 3144 1416 3192 quum

402 3204 464 3252 de
491 3204 634 3253 rebua
661 3205 912 3269 corporeis
951 3203 1102 3252 modo
1137 3220 1297 3252 nermo
1322 3205 1414 3265 ait,

224 3288 237 3297 '
290 3330 299 3340 ‚
400 3299 659 3348 earumque
683 3283 1016 3333 accidentibus
1034 3316 1051 3343 ,
1081 3294 1130 3332 et
1151 3284 1323 3331 canaia.
1350 3283 1415 3335 G.

476 3365 555 3414 16.
604 3364 685 3412 Ab
738 3363 828 3413 lais.
878 3366 921 3412 1.
959 3380 1004 3413 e.
1049 3378 1223 3426 «quoa
1261 3362 1413 3410 modo

399 3441 504 3492 dixi
521 3465 575 3502 a,
598 3458 775 3507 nempe
799 3442 1150 3507 Peripateticis.
1183 3442 1310 3490 Mire
1343 3442 1414 3490 sic

260 3578 317 3591 .
395 3523 615 3586 ponitur,
653 3536 806 3586 quum
838 3522 987 3569 iidem
1032 3520 1269 3569 continuo
1302 3531 1415 3569 ante

274 3622 291 3633 ,
394 3600 472 3651 illi
490 3601 799 3650 dicerentur:
825 3601 912 3649 aed
943 3600 1046 3659 illi,
1080 3603 1313 3665 temporie
1335 3617 1414 3649 ra·

396 3681 565 3744 tione;
592 3692 651 3730 ut
675 3680 852 3730 Stoicia
871 3682 1094 3746 priorea,
1121 3679 1305 3740 12131001
1332 3697 1412 3729 re-

394 3771 566 3825 apectu
586 3796 602 3821 ,
639 3760 899 3819 dicuntnr3
940 3760 1127 3826 qnippe
1152 3759 1214 3809 de
1234 3759 1414 3824 quibua

393 3855 551 3887 aermo
572 3841 655 3889 ait.
677 3841 741 3889 G.

469 3931 552 3979 17.
577 3920 674 3968 Cur
694 3918 1025 3987 quidqteefiat
1033 3952 1161 3968 .....
1174 3917 1412 3983 quemad·

394 3995 590 4044 modum
617 4014 824 4064 quaque
837 3998 975 4066 fiant
995 4003 1023 4045 Ρ
1058 3999 1186 4062 Spir.
1225 4009 1275 4046 et
1310 3999 1410 4046 Erl.

394 4094 419 4113 .-
438 4087 528 4119 eur
564 4075 807 4140 quidqnid
844 4075 930 4126 fiat
963 4076 1084 4143 (Erl.
1096 4076 1216 4145 fiee)
1247 4092 1414 4140 quem·

392 4151 655 4202 admodum
673 4155 913 4219 quidquid
934 4154 1049 4206 fiat?
1065 4178 1087 4200 ιι
1104 4158 1270 4221 Atque
1287 4170 1415 4221 sepe

590 4243 674 4311 Π.
729 4257 825 4307 Cic.
839 4275 959 4326 pars
984 4260 1132 4309 tertia.

1532 1557 1648 1590 eane
1673 1542 1863 1591 auctori
1893 1543 2162 1609 quidquid,
2200 1562 2294 1610 pro
2320 1547 2559 1615 quidque,

1531 1620 1896 1686 quodcumque,
1926 1625 2154 1687 ponitur-3
2184 1626 2319 1674 conf.
2350 1629 2405 1678 Ρ.
2422 1630 2558 1678 Man.

1527 1699 1591 1747 ad
1618 1701 1766 1750 Divv.
1783 1700 1855 1748 vl
1872 1736 1888 1763 ‚
1928 1701 2071 1766 epiat.
2099 1718 2145 1767 ι,
2171 1719 2283 1768 pag.
2307 1705 2428 1767 ³7²·
2459 1708 2558 1759 Sed

1528 1780 1719 1827 cautina
1765 1780 1859 1828 hac
1901 1781 1956 1829 in
2002 1799 2056 1830 re
2104 1784 2395 1832 versandum
2442 1798 2514 1837 est
2535 1803 2550 1839 ε

1525 1858 1701 1908 acribo
1727 1860 1858 1908 enim
1885 1876 1969 1909 aua
2010 1873 2189 1928 sponte
2226 1864 2299 1912 aie
2344 1877 2553 1918 mutant.

1526 1938 1598 1985 Ita
1626 1949 1756 1987 certe
1781 1940 2011 1990 Divvlvl
2030 1978 2047 2005 ,
2086 1944 2228 2006 epiat.
2257 1959 2279 1991 1
2309 1958 2324 1994 ε
2371 1968 2396 1987 α
2414 1948 2552 2010 Quo·

1524 2033 1738 2081 cumque
1763 2019 1816 2067 in
1843 2019 1958 2068 loco
1984 2021 2206 2086 quiaquia
2233 2033 2371 2083 eat»,
2394 2041 2554 2090 nuper

1521 2096 1771 2145 verissime
1790 2097 1993 2164 quisque
2009 2112 2283 2151 correctum
2298 2114 2546 2168 putamna.

1521 2178 1742 2240 Itemque
1785 2189 1916 2228 recte
1953 2181 2282 2245 Heusingeroe
2314 2180 2461 2232 Offic.
2488 2186 2544 2245 1,

1522 2256 1609 2314 25,
1646 2271 1691 2314 ι,
1719 2272 2078 2323 «quecumque
2104 2274 2294 2325 agunt-
2330 2261 2544 2311 edicliaae

1520 2331 1678 2396 dicaa3
1703 2334 1818 2382 licet
1838 2336 2004 2400 plures
2021 2338 2169 2387 codd.
2191 2340 2407 2406 editique
2424 2351 2541 2391 vett.

1516 2427 1689 2461 omnes
1715 2413 1966 2478 quidquid
1992 2417 2259 2480 prebeant.
2291 2420 2549 2484 Quidquid

1515 2493 1669 2556 magia
1700 2495 1977 2542 vetuatioria
2011 2495 2190 2561 lingue
2226 2498 2372 2547 fuis„
2409 2499 2541 2549 vide-

1516 2580 1626 2628 tur,
1662 2571 1806 2621 totiea
1832 2573 1966 2638 apud
1988 2574 2248 2636 Catonem,
2269 2580 2540 2628 Varronem

1513 2646 1623 2713 (qui
1647 2650 1806 2714 prisca
1833 2650 1980 2700 verba
2014 2653 2188 2722 amat),
2226 2657 2500 2705 Lucretium
2518 2692 2537 2719 ,

1511 2728 1769 2791 Comicoa,
1797 2730 2030 2780 obvium:
2061 2732 2179 2781 hine
2205 2737 2348 2783 etiam
2374 2736 2424 2784 in
2454 2752 2537 2783 ve-

1511 2817 1615 2855 tere
1635 2809 1774 2869 jure,
1801 2810 2011 2859 maxime
2050 2811 2105 2859 in
2140 2813 2394 2873 formulis,
2437 2815 2534 2862 fre·

1509 2899 1788 2951 quentatnr.
1822 2889 1972 2955 Apud
2009 2891 2294 2940 Ciceronem
2320 2895 2533 2941 occurrit

1508 2967 1709 3029 quidem
1729 3002 1745 3028 ,
1782 2969 1868 3016 sed
1905 2968 2075 3019 rarius.
2113 2970 2390 3019 Posteriora
2416 2981 2531 3017 tem·

1505 3062 1647 3111 pore,
1666 3059 1721 3096 ut
1737 3047 1886 3096 multa
1907 3048 2064 3112 prisca
2076 3082 2091 3107 ,
2113 3047 2277 3096 denuo
2293 3063 2408 3095 naua
2426 3048 2530 3108 eiua

1503 3124 1785 3173 increbruit.
1811 3125 1935 3172 Inde
1959 3126 2139 3173 factum
2166 3134 2267 3183 eat,
2294 3133 2353 3172 ut
2379 3125 2530 3188 quod·

1502 3218 1727 3268 eumque,
1746 3212 1795 3249 et
1817 3203 2040 3266 inprimis
2065 3203 2307 3267 quidque,
2331 3202 2528 3252 obaole·

1502 3291 1708 3342 acerem,
1720 3288 1865 3345 atque
1875 3280 1999 3329 illud
2013 3297 2077 3329 ex
2089 3281 2247 3345 gloaaa
2259 3281 2337 3328 hia
2349 3282 2529 3330 adscri-

1503 3358 1715 3419 beretur,
1743 3376 1854 3408 cum
1885 3361 2040 3424 iisque
2062 3371 2429 3426 permutaretur.
2460 3362 2524 3411 G.

1579 3437 1664 3489 18.
1709 3442 1952 3504 Quantum
2003 3440 2224 3504 equidem
2280 3438 2522 3504 intelligo.

1503 3518 1707 3568 Oxonn.
1744 3521 1802 3568 E.
1834 3515 1876 3577 ξ.
1914 3535 2003 3585 ego
2019 3537 2042 3577 ,·
2072 3519 2204 3569 Gnd.
2237 3536 2264 3569 a
2297 3518 2524 3584 equidem

1504 3597 1648 3662 plane
1664 3597 1873 3662 ignorat.
1897 3598 2049 3647 Redit
2073 3599 2203 3647 idem
2219 3598 2358 3647 brevi
2383 3610 2513 3664 poet,

1502 3688 1552 3725 et
1576 3677 1632 3727 h.
1657 3676 1697 3726 1.
1724 3677 1864 3726 facile
1894 3677 2104 3725 carneria
2122 3691 2279 3741 :aaepe
2300 3678 2430 3725 enim
2458 3677 2522 3726 ad

1501 3766 1741 3822 quantum
1775 3756 2050 3821 personalia
2075 3770 2253 3821 pronn.
2282 3759 2522 3807 omittun-

1501 3851 1599 3887 tur.
1629 3840 1778 3901 Legg.
1806 3839 1907 3895 111,
1946 3838 2036 3897 16,
2066 3839 2162 3899 37:
2187 3859 2213 3879 e·
2233 3848 2472 3901 quantum
2497 3857 2525 3888 e

1500 3917 1644 3969 vultu
1670 3918 1774 3978 eiua
1809 3917 2030 3983 intelligo
2049 3938 2093 3966 ιι.
2134 3917 2230 3966 Sed
2267 3918 2526 3968 offendunt

1501 4012 1700 4061 quoque
1738 3994 1924 4044 librarii
1967 3997 2021 4045 in
2059 3995 2283 4061 equidem
2323 4008 2526 4060 postpo-

1501 4076 1624 4136 sita,
1651 4086 1700 4124 et
1724 4074 1857 4124 Gud.
1882 4091 1912 4124 a
1936 4075 2066 4124 hand
2095 4091 2208 4124 raro
2237 4086 2413 4123 temere
2441 4087 2527 4119 vo-

1504 4172 1585 4205 cea
1603 4156 1802 4205 omittit.
1820 4157 1888 4205 G.

2241 4261 2331 4335 29
