3217 4784
855 476 978 542 DE
1023 474 1200 542 FIN.
1257 475 1464 542 BON.
1520 475 1635 542 ET
1685 475 1900 542 MAL.
1953 476 2051 556 ΙΙ,
2099 500 2162 569 7.
2442 473 2567 571 167

447 598 573 691 qui
592 618 952 665 summum
981 593 1260 665 bonum
1287 596 1537 665 statuit
1564 621 1714 665 non
1739 594 2017 681 dolere,
2042 597 2429 693 voluptatis
2454 623 2575 667 no·

448 707 639 776 mine
656 728 1003 801 umquam
1027 706 1279 787 utitur,
1313 729 1445 801 pro
1472 704 1587 775 illa
1618 704 2042 791 indolentia;
2066 709 2337 804 quippe
2354 717 2421 750 ²⁰
2447 710 2574 804 qui

446 839 537 884 ne
570 818 646 884 in
681 813 1104 910 expetendis
1135 813 1428 911 quidem
1456 813 1678 887 rebus
1705 830 2035 887 numeret
2061 817 2524 915 voluptatem.

540 929 697 1013 VH.
737 929 913 994 Duae
940 939 1109 994 sunt
1135 926 1325 996 enim
1356 950 1471 997 res
1495 950 1795 1023 quoque
1818 980 1835 1011 ‚
1866 951 1958 997 ne
1981 941 2063 997 tu
2090 925 2310 1001 verba
2341 928 2575 998 solum
2617 954 2679 984 πο

449 1044 724 1130 putes¹.
764 1037 1012 1104 Unum
1050 1049 1193 1121 est,
1252 1037 1404 1106 sine
1464 1028 1717 1107 dolore
1775 1060 1966 1119 esse;
2004 1038 2348 1123 alterum,
2409 1061 2574 1108 cum

444 1143 836 1240 voluptate.
852 1146 1000 1214 Vos
1016 1168 1103 1213 ex
1125 1142 1237 1215 his
1259 1159 1406 1215 tam
1430 1144 1892 1215 dissimilibus
1913 1144 2169 1215 rebus'
2192 1171 2340 1216 non
2357 1146 2578 1217 modo

453 1276 722 1323 nomen
772 1277 1000 1323 unum
1054 1256 1266 1349 (nam
1321 1253 1391 1324 id
1442 1252 1720 1325 facilius
1773 1255 2139 1351 paterer),
2192 1255 2315 1327 sed
2367 1259 2578 1328 etiam

449 1386 603 1431 rem
658 1385 880 1433 unam
933 1387 1020 1434 ex
1065 1361 1350 1435 duabus
1394 1362 1630 1435 facere
1682 1365 2045 1436 conamini
2102 1392 2117 1433 ε
2180 1366 2378 1462 quod
2426 1365 2581 1437 fieri

454 1472 655 1543 nullo
699 1472 920 1543 modo
957 1470 1262 1570 potest3.
1307 1477 1471 1561 Hic,
1513 1477 1641 1572 qui
1685 1489 2066 1571 utramque
2102 1475 2397 1573 probat,
2429 1501 2580 1548 am-

452 1582 693 1655 bobus
729 1582 982 1655 debuit
1010 1588 1154 1671 uti,
1179 1586 1364 1655 sicut
1399 1583 1565 1654 facit
1594 1610 1709 1671 re;
1746 1583 2031 1680 neque4
2060 1598 2301 1656 tamen
2331 1584 2583 1655 dividit

453 1692 715 1766 verbis.
756 1698 999 1785 Quum
1045 1695 1237 1763 enim
1296 1717 1449 1763 eam
1504 1696 1727 1791 ipsam
1781 1682 2310 1788 voluptatem5,
2363 1719 2580 1789 quam

524 1943 607 1974 20.
639 1925 827 1990 Quippe
845 1926 1008 1988 qui...
1042 1924 1473 1989 voluptatem.Vox
1563 1937 1667 1973 tore
1709 1925 1949 1987 adjectum
1980 1927 2264 1990 suspicatur.
2306 1925 2585 1989 Intelligee,

452 2006 556 2051 baec
584 2004 754 2051 ultima
790 2002 942 2051 solius
968 2002 1309 2068 explicationis
1334 2018 1476 2050 cauea
1561 2015 1617 2051 ue
1643 2004 1768 2053 ᾰιὶτί.
1794 2007 1856 2053 G.

453 2081 638 2142 adjecta
666 2092 761 2139 eet,
782 2081 851 2128 sic
888 2092 942 2129 ut
966 2090 1164 2148 nempe,
1184 2094 1307 2148 puta
1324 2116 1338 2139 ‚
1373 2093 1471 2131 etc.

452 2159 825 2223 intelligendum
870 2161 962 2219 σὴς
1001 2163 1132 2209 conf.
1158 2177 1301 2224 supra
1329 2159 1360 2225 S
1389 2177 1471 2229 17.

454 2238 606 2300 Quod
631 2237 729 2285 nisi
752 2239 989 2299 tenueris,
1027 2241 1078 2286 in
1103 2240 1279 2287 horum
1302 2240 1476 2289 verbo-

456 2334 563 2365 rum
591 2318 759 2381 positu
779 2329 910 2366 recte
932 2319 1151 2366 haerebis.
1192 2319 1376 2367 Addita
1402 2335 1482 2367 au·

459 2411 555 2446 tem
587 2407 659 2444 est
699 2412 799 2444 vox
839 2398 959 2455 ista,
996 2414 1060 2445 ne
1106 2398 1231 2445 sorte
1269 2399 1375 2447 haec
1418 2398 1481 2446 ad

456 2475 782 2525 indolentiam
813 2477 1134 2524 traherentur.
1170 2478 1236 2525 G.

523 2558 638 2605 vll.
675 2572 718 2603 1.
746 2557 872 2603 Duce
894 2566 1004 2603 sune
1025 2556 1151 2603 em'm
1177 2572 1255 2603 res
1277 2590 1292 2615 ‚
1331 2572 1395 2604 ne
1429 2567 1479 2603 tu

454 2636 611 2683 verba
648 2635 800 2683 solum
824 2645 985 2699 putes.
1010 2635 1218 2683 Ratbius
1237 2670 1253 2694 ‚
1288 2652 1351 2684 ne
1386 2636 1481 2684 duo

453 2715 613 2763 verba
646 2715 802 2763 solum
827 2725 933 2778 pm.
975 2715 1060 2761 sed
1099 2713 1222 2778 quid
1263 2715 1377 2762 inde
1413 2715 1483 2762 lu-

457 2812 666 2856 cremur,
693 2796 931 2859 dispicere
953 2810 1056 2842 nou
1077 2807 1168 2844 est.
1199 2798 1268 2842 Tu
1289 2807 1359 2843 est
1378 2794 1479 2843 effi·

457 2876 643 2935 cneius,
666 2885 714 2922 et
740 2876 942 2922 omnino
963 2874 1079 2921 loco
1098 2875 1279 2938 aptius.
1304 2879 1481 2924 Sensus

457 2964 562 3016 eet,
596 2964 651 3001 tu
683 2954 807 3001 forte
835 2952 1040 3011 dixeris,
1077 2952 1400 3002 indolentiam
1431 2966 1483 3002 et

459 3032 761 3098 voluptatem
786 3048 887 3079 nou
924 3047 976 3078 re
1011 3031 1231 3090 differre,
1261 3033 1346 3081 sed
1375 3049 1480 3080 ver-

457 3112 534 3159 bia
563 3126 579 3160 2
607 3111 692 3159 sed
721 3112 893 3174 ntique
932 3126 984 3156 re
1026 3110 1273 3160 differunt.
1313 3113 1480 3159 Potius

457 3191 763 3241 enuntiatum
788 3189 1089 3255 premissum
1124 3189 1257 3238 vides
1285 3205 1297 3237 z
1326 3190 1440 3238 iude
1464 3224 1480 3247 ‚

457 3271 555 3319 boc
593 3286 748 3335 quum
784 3285 888 3317 uon
925 3280 1172 3330 cerneret,
1206 3269 1369 3317 Rathii
1405 3284 1479 3316 er-

460 3366 559 3400 ror.
584 3351 649 3398 G.

532 3445 582 3476 2.
615 3428 781 3476 Rebus.
819 3425 973 3474 Abest
1002 3441 1030 3473 a
1066 3423 1200 3473 Gud.
1236 3440 1256 3472 1
1294 3435 1342 3473 et
1367 3420 1481 3471 Bas.

461 3509 546 3558 sed
597 3506 770 3556 seribae
824 3506 973 3564 vitio;
1022 3503 1183 3568 placet
1225 3504 1351 3552 enim
1388 3502 1481 3551 sibi

459 3598 631 3635 auctor
644 3588 694 3633 in
716 3601 837 3632 voce
858 3601 931 3632 res
944 3600 1045 3649 prae
1061 3584 1233 3631 ceteris
1250 3584 1449 3647 repetita
1465 3616 1480 3641 ,

460 3665 573 3713 vide
599 3666 662 3713 ad
687 3663 880 3712 Acadd.
917 3667 995 3722 11,
1028 3672 1057 3720 4
1076 3697 1092 3723 ,
1143 3679 1229 3723 10,
1257 3662 1481 3726 idemque

461 3755 625 3793 amant
645 3744 793 3792 Corn.
812 3744 941 3807 Nep.
962 3742 1068 3790 Liv.
1090 3741 1191 3790 alii.
1219 3768 1288 3778 —
1311 3740 1479 3790 Paullo

462 3834 595 3890 post,
611 3847 634 3867 u
645 3838 826 3871 nomen
843 3839 994 3870 unum
1010 3845 1034 3863 ιο
1044 3858 1060 3884 ,
1081 3823 1384 3886 voluptatem
1404 3822 1480 3868 in·

463 3904 672 3967 affliges,
694 3918 808 3966 qua,
825 3919 887 3950 ex
908 3903 1104 3965 Epicuri
1130 3913 1315 3961 mente,
1340 3901 1479 3948 indo-

463 3982 618 4030 lentia
633 3981 775 4029 simul
797 3981 1244 4045 comprehenditur.
1265 3981 1487 4044 Denique

465 4076 567 4107 rem
594 4076 743 4108 uttam
768 4072 817 4107 ec
843 4078 909 4109 ex
936 4061 1124 4108 duabus
1152 4058 1379 4107 consulto
1401 4076 1486 4105 ex·

465 4138 692 4202 plicatiua
729 4139 913 4186 dictum
941 4150 1012 4187 est
1031 4174 1045 4195 ‚
1077 4150 1131 4186 ut
1169 4149 1296 4186 recte
1328 4139 1483 4186 Brem.

466 4226 635 4265 contra
664 4218 780 4265 Eru.
810 4219 893 4279 qui
920 4234 986 4264 ex
1014 4216 1201 4265 duabus
1237 4234 1262 4263 a
1303 4217 1485 4279 glossa·

1638 2085 1683 2133 3.
1716 2084 1863 2146 Quod
1874 2083 2002 2152 fieri
2034 2085 2172 2132 nullo
2211 2083 2355 2131 modo
2382 2093 2546 2148 potest
2570 2119 2583 2141 ,

1563 2162 1667 2210 eine
1685 2163 1818 2210 omui
1836 2162 1964 2223 justa
1987 2179 2128 2209 causa
2147 2162 2413 2210 sollicitant
2423 2163 2585 2208 Daris.

1565 2252 1614 2289 et
1635 2244 1750 2289 Eru.
1775 2257 1930 2305 quum
1953 2238 2091 2306 serr-i
2120 2242 2356 2306 scriptum
2400 2239 2585 2287 malint.

1565 2322 1662 2367 Int.
1690 2320 1929 2367 ambobus
1969 2320 2248 2368 nominibus
2285 2319 2456 2369 debuit
2481 2320 2583 2376 uti,

1566 2398 1797 2462 quoniam
1821 2415 1896 2446 res
1923 2398 2043 2446 duaa
2064 2397 2584 2463 distinguit—Statim

1565 2488 1714 2542 post,
1738 2488 2010 2541 utramque.
2063 2478 2193 2525 Goet.
2223 2477 2368 2524 scrib.
2407 2488 2587 2525 utrum-

1568 2572 1679 2620 que.
1711 2557 1863 2604 Recte
1885 2591 1899 2613 ,
1931 2555 2123 2618 inquit,
2151 2554 2330 2619 probat
2369 2555 2586 2604 Bremius

1567 2635 1788 2684 Lambini
1818 2635 2145 2695 conjecturam
2192 2645 2472 2698 atr-umque,
2519 2652 2585 2682 sc.

1565 2712 1713 2761 finem
1729 2730 1743 2771 ;
1757 2730 1902 2778 qnam
1916 2725 2013 2762 tres
2026 2713 2201 2777 optimi
2220 2712 2375 2761 nostri
2395 2729 2587 2761 assensu

1566 2809 1658 2840 suo
1686 2804 1822 2841 extra
1868 2809 2060 2842 omnem
2098 2791 2457 2840 dubitationem
2494 2808 2588 2857 po·

1565 2883 1706 2921 nunu

1640 2963 1687 3010 4.
1735 2952 1868 2999 Sicut
1892 2950 2032 3014 facie
2059 2965 2144 3005 re,·
2186 2965 2363 3011 neque.
2401 2947 2500 2996 Erl.
2543 2961 2589 2995 et

1568 3033 1701 3096 Spir.
1717 3047 1770 3078 re
1786 3032 2036 3095 ignorant,
2056 3026 2172 3075 lieet
2192 3027 2380 3089 vulgate
2402 3042 2464 3071 ex
2483 3026 2587 3073 Pal.

1576 3129 1595 3157 r
1619 3144 1634 3169 ,
1659 3127 1746 3174 per
1785 3111 1928 3156 Grut.
1967 3105 2163 3153 fluxerit
2206 3119 2219 3151 :
2265 3119 2375 3150 uam
2420 3104 2586 3167 scripti

1569 3188 1742 3253 reliqui
1761 3188 1913 3235 nostri
1930 3221 1945 3246 ,
1971 3195 2024 3232 ut
2043 3184 2190 3230 ceteri
2206 3182 2414 3229 aliorum
2426 3216 2440 3240 ‚
2459 3198 2588 3229 rem·

1569 3283 1680 3330 que.
1720 3268 1830 3313 Hoc
1861 3274 2088 3311 testatum
2118 3260 2388 3319 voluimus,
2438 3276 2587 3325 quum

1570 3361 1730 3408 neque
1752 3343 1957 3407 simplex
1983 3342 2048 3390 sit
2068 3342 2210 3390 etiam
2230 3343 2283 3389 in
2300 3357 2448 3406 marg.
2470 3343 2589 3391 Cra-

1570 3422 1799 3480 tandriae,
1828 3432 1876 3470 et
1906 3425 1961 3470 P.
1997 3424 2188 3470 Manat.
2208 3421 2278 3468 sic
2311 3437 2339 3467 e
2365 3419 2479 3468 cod.
2508 3437 2589 3467 ve·

1570 3515 1670 3551 tere
1697 3502 1886 3551 dederit
1913 3502 2093 3566 (prave
2113 3502 2242 3548 enim
2280 3510 2329 3547 et
2357 3501 2589 3547 mendose

1569 3593 1731 3630 narrat
1772 3582 1937 3630 Davia.
1981 3581 2115 3628 hunc
2155 3595 2207 3626 re
2247 3594 2443 3643 quoque
2478 3580 2588 3626 vul·

1567 3677 1701 3725 gazae
1719 3664 1770 3724 );
1811 3676 1970 3722 neque
1997 3675 2043 3705 v.
2080 3674 2132 3705 re
2154 3657 2299 3705 nobis
2325 3658 2588 3705 necessaria

1568 3741 1809 3788 videatur.
1840 3739 1935 3785 Sed
1962 3738 2158 3785 Gruteri
2185 3734 2390 3792 ἁπλότης
2417 3737 2467 3783 in
2495 3735 2588 3783 du-

1565 3820 1698 3869 bium
1728 3818 1944 3866 vocanda
1958 3833 2057 3864 non
2073 3827 2170 3875 eet,
2195 3816 2417 3880 inprimis
2441 3831 2590 3878 quum

1564 3901 1618 3947 in
1646 3901 1741 3947 hoc
1773 3897 2010 3946 Lambino
2047 3896 2408 3944 assentiendum
2434 3904 2556 3941 esset
2578 3922 2591 3943 ν

1575 3981 1662 4044 qui
1689 3980 1758 4027 sic
1780 3993 1840 4025 ex
1861 3975 2056 4024 alterius
2077 3976 2280 4037 alicujus
2312 3976 2591 4035 conjectura

1575 4058 1807 4107 ediderat.
1837 4058 1898 4105 G,

1649 4137 1696 4183 5.
1739 4138 1863 4183 Eam
1889 4134 2040 4198 ipsam
2077 4132 2182 4181 vol.
2213 4131 2364 4178 Iidem
2393 4129 2496 4176 bini
2526 4127 2594 4174 illi

1574 4215 1767 4264 firmant
1789 4253 1803 4277 ,
1850 4231 2000 4278 quum
2055 4213 2224 4274 reliqui
2267 4209 2456 4265 nostri,
2485 4222 2595 4254 cun·
