3217 4784
584 1392 643 1427 11

687 452 823 528 556
1366 461 1462 529 Μ.
1513 462 1588 528 Τ.
1642 458 2129 530 CICERONIS

679 603 851 662 nes;
896 602 1038 675 qua
1097 604 1183 649 ex
1226 581 1643 676 cognitione
1681 579 1955 651 facilior
1988 576 2172 649 faeta
2209 591 2316 649 est
2365 579 2825 677 investigatio

683 711 926 758 rerum
955 687 1625 761 occultissimarum.
1648 687 2211 785 Disserendique
2247 685 2339 758 ab
2371 687 2620 760 iisdem
2659 714 2819 761 non

681 796 1053 869 dialectice
1106 798 1386 886 solum,
1428 799 1554 872 sed
1616 803 1830 872 etiam
1888 798 2201 870 oratorie
2250 812 2602 896 praecepta
2639 813 2826 869 sunt

682 906 977 993 tradita3
1024 905 1114 978 ab
1166 910 1698 1007 Aristoteleque
1741 910 2072 1008 principe
2116 907 2207 979 de
2259 907 2558 1005 singulis
2593 908 2824 980 rebus

683 1017 754 1085 in
794 1029 1176 1115 utramque
1207 1035 1491 1118 partem
1536 1019 1826 1093 dicendi
1868 1019 2284 1091 exercitatio
2314 1033 2422 1090 est
2450 1020 2816 1103 instituta,

680 1137 763 1193 ut
797 1148 949 1195 non
977 1142 1230 1201 contra
1256 1132 1497 1201 omnia
1527 1154 1848 1229 semper,
1885 1132 2072 1202 sicut
2102 1129 2449 1200 Arcesilas
2469 1183 2490 1215 ‚
2519 1128 2814 1216 diceret,

682 1246 755 1303 et
792 1247 1069 1324 tamen,
1096 1242 1281 1309 utin
1321 1239 1664 1312 omnibus
1697 1238 1955 1327 rebus,
1987 1238 2344 1335 quidquid
2380 1263 2471 1308 ex
2504 1253 2817 1336 utraque

681 1357 883 1441 parte
910 1345 1050 1417 dici
1077 1363 1349 1446 posset,
1367 1362 1845 1448 expromeret.
1863 1352 2108 1440 Quum
2133 1361 2374 1419 autem
2412 1349 2619 1419 tertia
2645 1371 2817 1445 pars

677 1451 865 1525 bene
880 1458 1162 1529 vivendi
1182 1474 1538 1558 praecepta
1555 1472 1938 1556 quaereret,
1970 1480 2053 1529 ea
2084 1480 2384 1554 quoque
2423 1471 2530 1528 est
2561 1454 2653 1527 ab
2690 1457 2813 1527 iis-

678 1563 844 1634 dem
861 1576 888 1621 7
917 1590 1066 1637 non
1092 1567 1328 1639 solum
1355 1568 1448 1640 ad
1469 1569 1763 1666 privatae
1795 1568 1955 1637 vitae
1977 1560 2373 1638 rationemss
2397 1621 2418 1653 ‚
2444 1566 2569 1639 sed
2597 1568 2814 1639 etiam

679 1673 769 1744 ad
806 1700 1045 1747 rerum
1084 1677 1537 1776 publicarum
1571 1678 1972 1751 rectionem
1999 1676 2242 1748 relata.
2283 1679 2630 1748 Omnium
2661 1676 2811 1748 sere

675 1786 1042 1857 civitatum
1080 1813 1228 1859 non
1268 1791 1555 1860 Graeciae
1593 1788 1827 1861 solum
1859 1842 1880 1877 ‚
1915 1786 2039 1858 sed
2071 1788 2283 1858 etiam
2312 1786 2686 1873 Barbariae‚
2716 1787 2808 1859 ab

674 1895 1085 1987 Aristotele,
1103 1922 1340 1969 mores
1357 1952 1376 1985 ‚
1396 1899 1719 1987 instituta
1731 1952 1751 1987 ‚
1780 1894 2229 1994 disciplinas3
2257 1920 2302 1966 a
2314 1896 2812 1995 Theophrasto

677 2006 869 2104 leges
910 2010 1122 2079 etiam
1169 2011 1664 2105 cognovimus.
1712 2011 2105 2103 Quumque
2149 2021 2459 2103 uterque
2480 2019 2513 2065 9
2555 2031 2806 2079 eorum

675 2116 1068 2203 docuisset,
1095 2117 1385 2213 qualem
1412 2120 1488 2189 iu
1519 2118 1893 2217 republica
1929 2117 2328 2214 principem
2361 2141 2513 2188 esse
2549 2142 2808 2190 conve·

678 2226 867 2297 niret
891 2236 996 2311 ¹⁰,
1041 2225 1373 2324 pluribus
1429 2242 1773 2326 praeterea
1827 2249 2056 2324 quum
2118 2226 2586 2324 scripsisset¹¹
2614 2281 2634 2312 ‚
2677 2231 2802 2323 qui

747 2400 793 2445 7·
819 2384 902 2432 Ab
929 2383 1116 2436 ὣᾶθω-
1151 2385 1286 2436 Goer·
1309 2386 1478 2435 floribit
1499 2386 1693 2434 eisdem·
1780 2394 1958 2459 corrigi
1976 2393 2447 2457 scripsissenejubet.
2474 2397 2539 2444 G.
2559 2396 2611 2442 in
2630 2394 2804 2444 Addit.

673 2467 771 2525 Its,
797 2464 985 2530 inquit,
1014 2482 1106 2531 pro
1133 2465 1301 2515 iisdem
1331 2465 1558 2516 dedimus
1573 2499 1588 2525 2
1612 2467 1691 2527 iu·
1853 2488 1930 2522 10.
1957 2474 2161 2536 Qualem
2191 2473 2241 2521 in
2260 2473 2509 2537 republica
2518 2473 2790 2539 principem

672 2543 902 2592 bentibus
953 2545 1090 2594 Gud.
1134 2561 1163 2592 a
1183 2579 1199 2604 ‚
1241 2547 1438 2594 Monac.
1484 2547 1595 2595 Bas.
1642 2555 1693 2594 et

671 2623 866 2670 Marso:
894 2622 1067 2669 scribae
1088 2623 1220 2670 enim
1247 2624 1317 2670 sic
1342 2639 1447 2671 non
1477 2634 1688 2673 mutant.

744 2703 794 2750 8.
833 2701 947 2748 Non
992 2701 1153 2748 solum
1200 2702 1274 2749 ad
1308 2702 1519 2766 private
1572 2702 1695 2751 vitae

669 2780 928 2830 racionem.
948 2779 1068 2827 Non
1089 2779 1256 2844 inepte
1282 2781 1474 2845 ignorat
1500 2779 1634 2830 Gud.
1663 2797 1685 2828 ι

668 2862 909 2909 rationem
929 2875 949 2907 .·
967 2859 1038 2907 sio
1056 2858 1184 2907 enim
1202 2859 1308 2907 hec
1325 2859 1390 2906 ad
1404 2859 1688 2918 rectionem,

667 2940 803 3003 qnod
820 2940 1056 3003 sequitur,
1075 2937 1323 2988 referenda
1346 2939 1526 2987 forent.
1549 2940 1688 3003 Saepe

667 3016 1212 3083 antemregerevitam,
1252 3028 1511 3075 namt-am,
1544 3028 1694 3065 semet

669 3097 822 3161 epseem
841 3131 857 3157 ‚
883 3096 1074 3144 auctori
1109 3096 1290 3147 dicitur
1307 3115 1322 3146 z
1350 3109 1405 3147 ut
1439 3098 1583 3147 etism
1621 3096 1690 3145 ita

664 3177 865 3241 jungere
913 3176 1123 3224 voluisse
1169 3177 1325 3226 videri
1377 3180 1548 3243 possit.
1620 3180 1689 3228 At

668 3269 809 3302 cansa
835 3252 1084 3303 sufficiens
1111 3255 1244 3304 nulls
1275 3268 1379 3317 est,
1418 3259 1550 3306 unde
1583 3274 1688 3307 vox

669 3332 732 3380 sd
779 3345 1011 3383 contexta
1055 3337 1379 3397 conveniens,
1430 3336 1496 3386 ob
1539 3339 1692 3387 ambi·

667 3428 808 3474 gnam
839 3412 1053 3472 codicis,
1081 3415 1133 3460 in
1169 3415 1452 3465 omittendis
1488 3418 1692 3468 vocibus

667 3492 804 3537 nirnii
826 3524 842 3547 ,
868 3491 1203 3540 anctoritatem
1230 3493 1467 3544 elimetur.
1495 3497 1560 3544 G.

735 3574 787 3620 9.
819 3562 978 3623 Quum
1007 3572 1220 3626 uterque.
1251 3564 1334 3611 Ad
1384 3566 1489 3613 hec
1528 3567 1691 3615 Brem-

664 3637 794 3684 hanc
820 3639 1014 3703 scripsit
1039 3640 1223 3706 legem:
1256 3664 1277 3686 ι
1302 3645 1418 3692 Post
1444 3656 1648 3708 uterque
1670 3679 1687 3702 ‚

668 3716 709 3763 si
729 3715 1015 3775 conjunctio
1041 3721 1204 3784 aliqua
1233 3735 1478 3786 sequatur,
1510 3738 1689 3771 novam

666 3795 1046 3844 enuntiationem
1100 3799 1340 3849 inchoans
1367 3834 1383 3859 ‚
1428 3801 1490 3849 sd
1540 3817 1685 3865 quam

664 3876 817 3937 ipsam
840 3874 935 3923 hoc
955 3886 1157 3940 uterque
1177 3895 1282 3926 non
1300 3891 1575 3944 repetetur3
1596 3898 1687 3945 po-

669 3952 884 4000 nendum
935 3972 1037 4003 esse
1080 3956 1319 4021 pluralem
1367 3958 1499 4005 verbi
1526 3973 1540 4007 :
1590 3959 1689 4008 hoc

663 4031 865 4096 quidem
912 4034 1022 4082 loco
1066 4052 1127 4083 eo
1168 4037 1320 4099 magis
1364 4038 1685 4085 necessarium

662 4128 816 4173 quum
861 4113 1032 4162 Cicero
1076 4126 1244 4179 pergat
1278 4129 1292 4164 ε
1338 4118 1443 4163 Hoc
1472 4115 1684 4180 amplius

666 4189 1023 4254 Theophrastus
1043 4214 1085 4242 a.
1117 4195 1226 4257 Qus
1251 4194 1448 4257 quidem
1481 4210 1544 4241 ex
1578 4193 1681 4257 lege

1777 2569 1884 2602 esse
1932 2553 2224 2602 conveniret.
2272 2555 2453 2602 Omnes
2497 2554 2653 2602 nostri
2687 2570 2792 2603 esse

1779 2632 2036 2696 ignorum:
2055 2630 2194 2695 quod
2213 2647 2275 2680 ne
2296 2632 2512 2691 mireris,
2534 2634 2795 2681 vicinarum

1779 2726 1957 2760 vocum
2008 2710 2301 2776 compendia
2344 2711 2605 2775 cogitanda
2648 2723 2759 2760 sunt
2777 2748 2794 2771 ‚

1768 2776 2264 2854 principe-{vessima
2290 2800 2342 2839 et
2360 2790 2430 2838 sic
2457 2806 2656 2853 prorsus
2670 2790 2799 2839 Gud.

1779 2885 1809 2919 2
1840 2869 2002 2918 refert.
2040 2872 2186 2931 Esse,
2212 2870 2349 2934 quod
2383 2870 2434 2918 h.
2463 2870 2500 2917 1.
2526 2870 2692 2919 abesse
2721 2885 2801 2916 ne·

1776 2949 1910 3013 quit,
1929 2949 2156 2998 Victori«)
2176 2949 2398 2998 debetur.
2425 2951 2594 2998 omn.
2618 2944 2667 3013 ψ.
2691 2964 2796 2995 esse

1777 3044 1993 3077 servasse
2021 3027 2233 3088 videtur,
2260 3044 2412 3092 quum
2450 3028 2602 3077 modo
2629 3026 2801 3091 reliqui

1777 3118 1992 3172 quatuor
2012 3108 2065 3155 id
2086 3118 2250 3156 tenere
2278 3118 2529 3171 negentur.
2549 3107 2612 3155 G.

1851 3202 1873 3236 1
1890 3202 1937 3235 ι.
1966 3189 2125 3251 Quum
2148 3185 2424 3250 saepsisset.
2464 3186 2596 3249 Spir.
2623 3196 2676 3233 et
2701 3187 2803 3234 Eri.

1777 3264 2151 3330 conscripsisset,
2174 3264 2312 3329 qnod
2333 3267 2498 3328 utique
2514 3262 2804 3328 probamus.

1779 3348 2075 3409 Frequenter
2118 3344 2246 3392 enim
2283 3355 2454 3393 suetot-
2494 3344 2803 3392 conscribere

1778 3438 1871 3487 pro
1889 3423 2100 3486 simplici
2118 3423 2326 3472 scribere
2341 3439 2360 3470 .·
2379 3438 2537 3486 neque
2559 3423 2676 3471 satis
2689 3434 2802 3487 epta

1783 3517 1928 3550 causa
1951 3502 2104 3549 estin
2140 3519 2292 3566 quum
2321 3503 2612 3566 postposita.
2650 3501 2805 3549 lidan

1780 3581 1983 3630 inferius
2008 3596 2111 3629 non
2139 3583 2300 3630 minus
2326 3582 2450 3630 bene
2477 3593 2806 3645 transponunt

1781 3674 1942 3706 rerum
1982 3660 2319 3709 inclinationes
2329 3679 2349 3718 ,-
2376 3661 2446 3708 sic
2481 3661 2611 3709 enim
2645 3660 2806 3709 oratio

1781 3737 2075 3786 concinnior
2093 3740 2273 3789 evadit.
2299 3739 2444 3789 Cous.
2466 3742 2619 3802 Legg.
2635 3743 2683 3797 1,
2713 3742 2773 3797 14
2788 3773 2803 3790 .

1780 3822 1875 3870 4οἕ
1896 3826 1921 3855 ³·
1942 3829 2123 3878 augore
2154 3818 2491 3877 conscientiae,
2523 3817 2805 3879 fraudisque

1781 3893 2075 3953 cruciatun3
2102 3896 2279 3955 0121,
2314 3900 2401 3955 31,
2440 3912 2502 3956 7:
2533 3895 2711 3959 «quod
2732 3895 2805 3942 le·

1779 3973 1890 4018 nior
1912 3987 2082 4021 eorum
2106 3973 2206 4021 vita
2222 4011 2238 4034 ‚
2261 3985 2311 4021 et
2335 3990 2494 4022 mores
2515 3976 2707 4022 fuerant
2731 3976 2802 4023 fa·

1774 4049 1966 4098 ciliores
1983 4072 2028 4097 a.
2058 4053 2199 4099 Hanc
2220 4052 2513 4101 inversionis
2531 4056 2770 4103 rationem
2788 4090 2803 4111 ,

1773 4128 1825 4174 in
1856 4128 2169 4193 oppositione
2204 4132 2507 4192 potissimum
2541 4133 2800 4191 usitatam,

1772 4222 1900 4270 saepe
1923 4206 2152 4255 vidimus.
2174 4211 2236 4257 G.
