3217 4784
644 461 787 548 646
1330 468 1426 532 M.
1480 467 1556 533 T.
1614 468 2095 536 CICERONIS
2179 497 2187 506 ·

643 585 731 655 ad
762 584 970 656 beate
1007 584 1392 657 vivendum
1424 611 1499 658 se
1534 587 1688 683 ipsa
1721 602 2057 659 contenta
2092 601 2199 656 est
2234 614 2248 654 ε
2281 617 2321 654 ι).
2338 589 2633 676 Quare?
2672 591 2787 660 in-

644 697 839 792 quit3
868 695 1258 793 respondet
1297 722 1312 761 ε
1360 699 1588 785 Quia,
1627 700 1764 767 nisi
1793 696 1990 794 quod
2022 696 2407 767 honestum
2444 712 2583 780 est,
2617 700 2791 772 nul-

647 806 792 876 lum
833 822 938 878 est
973 805 1166 877 aliud
1211 805 1517 876 bonum.
1556 813 1719 878 Non
1757 831 2001 904 quaero
2032 808 2219 902 jam,
2258 809 2728 878 verumne.sit
2757 838 2778 877 :

647 915 824 985 illud
858 916 1055 1000 dico,
1089 941 1168 986 ea
1191 970 1209 998 ‚
1233 940 1393 1010 quae
1430 916 1622 987 dicat
1650 972 1669 1002 ,
1702 916 2037 1014 praeclare
2073 918 2262 985 iuter
2290 940 2365 986 se
2391 916 2775 988 cohaerere.

536 1029 603 1078 80
645 1026 916 1095 Dixerit
945 1024 1084 1094 hoc
1116 1023 1308 1095 idem
1339 1028 1685 1122 Epicurus
1699 1029 1756 1112 4,
1788 1030 2133 1124 «Semper
2159 1024 2452 1098 beatum
2491 1049 2643 1097 esse
2671 1051 2781 1097 sa-

639 1137 991 1233 pientem:
1018 1165 1052 1199 n
1083 1134 1283 1231 quod
1308 1135 1602 1232 quidem
1634 1136 1817 1208 solet
1854 1135 2159 1208 ebullire
2188 1160 2774 1231 nonnumquam.

635 1248 872 1334 Quem
909 1243 1200 1341 quidem
1224 1300 1243 1330 ‚
1281 1269 1509 1341 quum
1549 1249 1847 1318 summis
1895 1246 2271 1317 doloribus
2320 1244 2778 1333 conficiatur,

637 1353 731 1422 ait
758 1351 1118 1432 dicturum
1137 1407 1156 1440 ,
1183 1355 1418 1443 Quam
1448 1380 1663 1426 suave
1692 1355 1834 1428 est!
1864 1379 2079 1452 quam
2105 1355 2285 1426 nihil
2312 1380 2493 1426 curo
2511 1353 2541 1399 ⁵
2558 1355 2571 1425 !
2610 1344 2775 1428 Non

639 1487 957 1561 pugnem
1002 1488 1170 1535 cum
1219 1462 1552 1552 homine,
1597 1489 1729 1535 cur
1774 1480 2054 1537 tantum
2101 1463 2362 1534 habeat
2401 1465 2475 1534 in
2519 1472 2776 1536 'natura

639 1569 889 1645 bonifi.
946 1572 1133 1643 Illud
1180 1599 1504 1671 urgeam,
1538 1600 1687 1644 non
1728 1574 2124 1670 intelligere
2169 1597 2378 1661 eum,
2414 1574 2593 1669 qnid
2639 1574 2775 1644 sibi

640 1682 1027 1754 dicendum
1081 1685 1214 1767 sit,
1252 1708 1483 1778 quum
1527 1684 1854 1755 dolorem
1893 1707 2259 1754 summum
2314 1684 2576 1754 malum
2626 1710 2777 1756 esse

641 1850 744 1897 niat
767 1864 783 1908 3
829 1850 1041 1897 Zenonis
1081 1865 1198 1896 vero
1238 1849 1363 1897 bene
1399 1849 1670 1897 consistens

640 1929 721 1976 sit.
749 1929 873 1990 Quia
890 1964 905 1986 ‚
931 1928 1122 1991 inquit,
1152 1943 1303 1992 quum
1332 1929 1512 1993 (quum
1537 1927 1667 1975 idem

641 2008 769 2056 valet
803 2023 861 2056 ac
887 2006 933 2055 si
946 2009 965 2067 )
999 2009 1132 2055 Zeno
1161 2007 1283 2055 dicit
1309 2008 1538 2055 virtutem
1564 2007 1667 2054 euf-

641 2085 784 2134 fieere
802 2087 866 2135 ad
883 2086 1074 2134 beatam
1093 2087 1239 2133 vitam
1251 2119 1265 2144 ,
1285 2086 1326 2133 ai
1343 2087 1666 2148 interrogetur

642 2181 807 2230 quare,
822 2176 870 2213 et
897 2164 1216 2229 respondeat:
1242 2165 1356 2227 quia
1383 2163 1455 2211 nil
1481 2163 1666 2212 bonnm

644 2255 716 2291 eat
739 2244 836 2290 nisi
859 2245 1144 2301 honestum,
1181 2244 1254 2290 sic
1280 2242 1374 2290 sibi
1402 2242 1525 2290 bene
1554 2259 1669 2291 con·

645 2323 883 2371 venientia
899 2323 1085 2386 jungit:
1106 2333 1273 2371 contra
1295 2337 1409 2370 vero
1429 2324 1670 2385 Epicurus

644 2418 794 2468 quum
838 2403 956 2450 dicit
998 2418 1187 2467 semper
1225 2402 1418 2449 beatum
1456 2417 1558 2449 esee
1598 2417 1671 2449 ea·

639 2484 884 2546 pientetu,
923 2491 1070 2545 atque
1095 2479 1227 2529 idem
1247 2480 1329 2528 ille
1353 2480 1554 2527 aliunde
1577 2480 1670 2527 do-

641 2571 717 2608 cet
736 2559 953 2607 dolorem
973 2559 1151 2606 malum
1171 2575 1274 2606 esse
1288 2595 1302 2620 ‚
1324 2574 1424 2605 non
1445 2558 1538 2604 sibi
1560 2558 1667 2621 ipae

641 2637 883 2686 consentit
903 2651 916 2684 z
934 2638 1070 2699 atqui
1099 2646 1149 2682 tu
1171 2636 1283 2683 Piso
1308 2635 1439 2682 haud
1456 2649 1596 2683 secus
1613 2652 1669 2683 ac

643 2718 881 2781 Epicurus
904 2713 1122 2761 dolorem
1158 2714 1337 2761 malum
1379 2730 1480 2762 esee
1512 2714 1668 2763 dicie:

642 2810 758 2857 ergo
780 2794 833 2839 in
858 2791 1072 2839 eamdem
1112 2791 1244 2838 cadis
1269 2792 1665 2840 inconstantiam.

642 2900 713 2911 -
742 2876 949 2936 Quare?
985 2869 1166 2934 inquin-
1191 2870 1477 2934 Respondet.
1504 2871 1667 2934 Vulgo

644 2977 668 2995 a
690 2954 751 3015 Q.
776 2951 952 3014 inquit.
974 2953 1122 3015 Reep.
1142 2973 1167 2992 ιι
1197 2953 1357 2999 Locus
1383 2948 1555 2997 melius
1581 2966 1667 2998 co·

645 3035 794 3082 haeret
830 3041 881 3080 et
921 3030 1240 3095 intelligitur,
1277 3031 1319 3077 ai
1354 3039 1470 3094 poet¹
1511 3028 1670 3093 inquit

643 3122 880 3176 punctum
908 3112 1172 3158 maximum
1197 3119 1302 3157 non
1336 3109 1572 3173 posueris.
1602 3136 1669 3145 —

645 3194 830 3259 Inquit,
850 3193 1023 3258 supple
1042 3190 1351 3240 adversat-fus
1362 3208 1381 3246 ,·
1402 3189 1671 3250 objiciendi

647 3275 797 3322 forma
833 3272 1102 3320 notissima.
1130 3298 1199 3307 —-
1234 3271 1457 3318 Ceterum
1481 3269 1670 3316 Stoico-

647 3367 754 3400 rum
771 3351 853 3399 illa
873 3352 1109 3399 sententia
1123 3386 1137 3411 ,
1158 3351 1426 3397 «virtutem
1447 3349 1510 3395 ad
1531 3349 1670 3397 beate

647 3430 909 3478 vivendum
925 3427 1151 3479 sufficere
1165 3450 1191 3470 a
1206 3429 1376 3491 quinta
1394 3428 1669 3475 Tusculana

646 3520 694 3556 et
714 3509 932 3557 oecnnelo
958 3507 1217 3557 Paradoxo
1247 3516 1493 3555 tractatur.
1642 3511 1649 3518 '

718 3594 765 3641 4.
795 3586 991 3634 Dixerit
1012 3585 1242 3634 hocidem
1258 3585 1514 3648 Epicurus.
1533 3584 1670 3632 Idem

645 3676 799 3713 mutat
839 3665 970 3712 Gud.
1005 3681 1025 3711 1
1067 3681 1179 3713 cnm
1219 3663 1326 3712 aliis
1351 3653 1591 3723 aliorum,
1618 3676 1668 3712 et

642 3761 753 3794 cum
783 3743 975 3807 vulgata
1012 3754 1121 3792 ante
1159 3744 1302 3792 Grut.
1341 3744 1393 3790 in
1433 3742 1627 3807 quidem
1646 3762 1666 3800 ,-

643 3823 776 3878 Gud.
804 3840 832 3871 2
861 3823 1091 3886 ignorat:
1119 3822 1267 3886 idque
1307 3823 1474 3871 Davie.
1513 3838 1663 3886 quum

642 3907 693 3952 in
743 3903 887 3951 Pario.
921 3917 942 3949 ι
989 3917 1089 3949 non
1124 3902 1377 3964 reperisset
1405 3935 1421 3959 ,
1463 3900 1661 3950 delevit.

643 3985 719 4032 cf.
740 3983 840 4030 Off.
867 3984 940 4037 11,
971 3997 989 4027 r
1006 4016 1020 4039 ,
1044 3982 1073 4027 3
1097 3994 1113 4029 ε
1145 4002 1167 4022 ι
1184 3979 1369 4026 Vellem
1397 3979 1540 4027 nobis
1565 3980 1662 4028 hoc

641 4062 767 4110 idem
796 4062 954 4109 dicere
980 4061 1196 4108 liceret».
1221 4058 1374 4106 Facile
1400 4058 1524 4107 idem
1548 4059 1663 4107 iude

642 4142 799 4188 omitti
825 4141 1017 4204 potuit,
1045 4139 1179 4204 qnod
1206 4155 1293 4204 per
1319 4139 1577 4202 compend.
1611 4138 1665 4185 id

639 4219 881 4268 scribitur.
911 4221 972 4267 G.

1829 1850 1878 1897 5.
1903 1849 2052 1914 Quod
2066 1849 2260 1913 quidem
2280 1851 2401 1897 solet
2423 1849 2637 1907 ebullire,
2659 1865 2778 1897 non·

1756 1943 2034 1990 numquam.
2062 1931 2216 1991 Quem
2244 1928 2517 1993 quidem...
2554 1945 2695 1976 euro.
2717 1964 2729 1977 .
2752 1963 2767 1976 .

1759 2007 1905 2067 Quod
1940 2005 2133 2068 quidem
2170 2006 2220 2054 h.
2254 2007 2285 2052 Ι.
2325 2007 2445 2069 quia
2469 2023 2593 2055 sane
2629 2007 2776 2058 valet.

1756 2084 1852 2131 Sed
1875 2098 1979 2131 non
2006 2083 2231 2148 displicet
2254 2084 2369 2148 qui,
2402 2087 2537 2149 qnod
2564 2087 2693 2134 Gud.
2722 2102 2778 2145 1,

1754 2165 1917 2211 Oxou.
1940 2179 1988 2224 χ.
2011 2175 2060 2210 et
2082 2164 2207 2210 Ven.
2254 2172 2385 2226 1494
2404 2199 2419 2222 ,
2444 2165 2663 2229 praebent
2679 2201 2694 2226 ,
2719 2177 2779 2213 ut

1754 2256 1847 2304 pro
1871 2256 1986 2286 nam
2014 2241 2055 2288 is
2096 2240 2379 2305 accipiatur.
2424 2245 2554 2291 Mire
2581 2246 2776 2292 Monac.

1757 2320 1860 2380 ejus
1877 2318 1989 2366 loco
2013 2319 2105 2368 boc
2120 2319 2278 2369 :unde
2298 2321 2349 2368 in
2367 2320 2487 2381 hoe,
2504 2322 2643 2370 velia
2662 2338 2777 2386 qm),

1753 2397 1912 2460 legere
1938 2398 2101 2459 liceat,
2127 2415 2196 2446 sc.
2213 2399 2461 2463 sapiente,
2484 2417 2633 2464 quum
2658 2416 2776 2465 Ρα-

1757 2475 1957 2524 cedente
1981 2477 2119 2525 litera
2145 2494 2212 2536 m,
2234 2478 2285 2526 in
2308 2479 2448 2528 facile
2472 2480 2656 2527 sorberi
2680 2496 2777 2544 po·

1756 2555 1919 2603 tuerit.
1945 2557 2007 2602 Iu
2032 2567 2193 2604 antem
2214 2573 2343 2621 saepe
2356 2574 2467 2605 cum
2486 2569 2625 2618 eezto
2646 2573 2774 2612 casu,

1756 2633 1892 2696 quod
1905 2633 2083 2682 attinet
2106 2636 2203 2693 ad,
2228 2636 2373 2683 valet.
2398 2638 2523 2684 Tum
2545 2637 2617 2684 sic
2636 2636 2772 2684 locus

1755 2714 1936 2776 eoiret,
1960 2735 1982 2757 ι
1997 2715 2049 2762 in
2080 2730 2181 2779 quo
2208 2715 2399 2778 quidem
2424 2715 2545 2762 solet
2569 2715 2768 2763 ebullire

1755 2808 2118 2857 nonnumquam
2136 2830 2150 2854 ,
2178 2809 2413 2858 quemque
2432 2793 2559 2841 idem
2572 2830 2586 2855 ,
2609 2805 2705 2843 etc.
2721 2816 2766 2844 ο.

1755 2873 1863 2933 Qua
1890 2882 2022 2919 certe
2052 2874 2106 2921 in
2132 2873 2342 2921 lectione
2369 2887 2467 2920 non
2493 2874 2670 2920 mirum
2695 2874 2774 2921 fo-

1754 2959 1851 3009 ret,
1875 2952 1916 2997 si
1944 2952 2116 3000 scribae
2154 2954 2418 3000 haesieeent.
2452 2955 2773 3017 Quocumque

1756 3044 1870 3077 vero
1901 3031 2051 3079 modo
2078 3032 2181 3079 haec
2204 3029 2501 3091 afficiantur,
2522 3034 2572 3080 in
2603 3049 2772 3097 paren·

1756 3108 1880 3157 theei
1906 3111 2064 3174 posita
2093 3121 2223 3158 recte
2247 3111 2567 3174 putabuntur.
2589 3114 2644 3159 In
2671 3110 2775 3175 qui-

1755 3188 1864 3234 dem
1891 3200 2049 3236 tamen
2070 3190 2271 3254 repetite
2295 3192 2471 3253 posita,
2486 3205 2571 3253 per
2587 3206 2638 3237 se
2654 3189 2773 3236 nihil

1756 3277 1829 3314 eat
1863 3280 1918 3316 ut
1940 3269 2121 3316 bareas
2137 3303 2153 3329 ‚
2178 3269 2241 3316 οῖ.
2260 3269 2384 3317 Cato
2404 3270 2521 3331 Mej.
2548 3277 2608 3323 τι
2626 3304 2640 3328 ,
2676 3270 2739 3317 50
2761 3284 2774 3316 :

1762 3369 1783 3388 ι
1804 3348 1966 3410 Atque
1989 3348 2093 3394 haec
2111 3346 2308 3411 quidem
2328 3347 2486 3395 studia
2508 3346 2769 3395 doctrine:

1755 3441 1866 3488 qua
1891 3424 2087 3487 quidem
2117 3424 2440 3490 prudentibus
2462 3437 2512 3473 et
2546 3425 2669 3473 bene
2690 3426 2769 3472 in-

1755 3505 1935 3552 stitutis
1954 3505 2136 3569 pariter
2170 3520 2281 3552 cum
2301 3516 2469 3552 aeatate
2495 3515 2713 3562 crescunt
2728 3526 2769 3553 υ.

1756 3584 1816 3631 G.
1829 3609 1899 3619 --
1922 3584 2069 3647 Quod
2085 3585 2297 3649 quidem.
2320 3585 2600 3647 Simplicius
2619 3583 2771 3648 expli·

1754 3673 1908 3722 catur,
1929 3664 1969 3710 si
1988 3666 2124 3727 quod
2140 3665 2205 3712 eit
2226 3677 2503 3728 pronomen
2525 3664 2774 3712 relativum

1753 3744 2030 3790 accusativo
2080 3759 2195 3791 casu
2214 3778 2228 3801 ‚
2291 3760 2351 3790 eo
2402 3759 2547 3790 sensu
2574 3761 2586 3789 ε
2640 3743 2773 3806 quod

1746 3821 1927 3880 jactare
1945 3821 2069 3868 solet
2088 3823 2614 3885 nonnumquam—De
2637 3822 2773 3869 dicto

1751 3899 1846 3947 hoc
1866 3901 2062 3963 Epicuri
2092 3900 2202 3948 vide
2227 3899 2423 3950 Tuscul.
2452 3900 2515 3954 V,
2563 3915 2649 3956 ιο,
2682 3901 2772 3954 3ι;

1755 3978 1818 4025 26
1837 4013 1851 4038 ,
1882 3981 1964 4039 73.

1820 4057 1869 4104 6.
1922 4058 2015 4105 Cur
2062 4069 2253 4105 tamum
2294 4055 2467 4103 babeat
2507 4054 2557 4101 in
2595 4064 2774 4101 namra

1748 4134 1877 4182 bom'.
1916 4136 2023 4181 Bas.
2068 4136 2171 4197 cui,
2198 4137 2391 4184 Monac.
2422 4149 2573 4196 quum
2600 4150 2618 4176 .·
2640 4132 2773 4179 unde

1750 4229 1845 4276 quo
1866 4214 2036 4262 elicere
2057 4215 2213 4278 possis
2227 4251 2240 4275 ,
2255 4209 2347 4278 pro
2376 4214 2508 4261 uncle
2524 4212 2767 4276 positum:
