3217 4784
746 492 867 559 DE
909 490 1081 560 FlN.
1137 492 1339 560 BON.
1392 493 1505 559 ET
1556 490 1771 558 MAI..
1823 490 1924 572 11,
1961 485 2072 556 23.

2338 478 2465 551 251

442 612 697 680 XXIII.
736 616 1005 682 Verum
1028 666 1048 700 ‚
1076 627 1254 684 esto.
1284 610 1608 682 Verbum
1639 614 1875 706 ipsum
1910 605 2296 704 voluptatis
2325 628 2472 673 non
2511 607 2577 678 75

348 718 566 791 habet
602 721 1020 817 dignitatem
1058 749 1074 791 ε
1120 748 1255 793 uec
1293 746 1428 792 nos
1467 718 1771 791 fortasse
1810 719 2292 816 intelligimus.
2321 720 2477 784 Hoc

346 832 540 900 enim
578 830 974 902 identidem
1011 831 1282 919 dicitis,
1322 855 1470 901 non
1515 829 1911 926 intelligere
1945 854 2115 918 nos,
2149 825 2475 923 volupta-

350 954 493 1010 tem
547 966 769 1037 quam
802 941 1121 1011 dicatis1.
1163 945 1345 1012 Rem
1390 938 1633 1010 vides²
1689 936 2059 1008 difficilem
2104 952 2178 1007 et
2225 934 2478 1006 obscu-

350 1074 524 1119 ram.
575 1047 987 1120 Individua³
1024 1075 1254 1148 quum
1291 1050 1561 1134 dicitis,
1597 1064 1670 1120 et
1711 1047 2199 1119 intermundia
2216 1045 2274 1134 ⁴,
2320 1069 2481 1142 quae

351 1185 487 1230 uec
515 1173 684 1231 sunt
709 1158 876 1243 ulla,
899 1184 1033 1231 nec
1054 1177 1358 1259 possunt
1380 1185 1566 1247 esse,
1603 1158 2104 1255 intelligimus:
2122 1155 2483 1253 voluptaS‚

351 1294 514 1367 quae
568 1270 972 1367 passeribus
1020 1287 1195 1344 nota
1240 1287 1347 1345 est
1383 1270 1725 1344 omnibus
1743 1260 1797 1357 ⁵,
1840 1293 1881 1339 a
1931 1266 2142 1338 nobis
2186 1265 2488 1361 intelligi

352 1460 496 1509 Haud
507 1460 653 1510 dubie
666 1463 928 1513 verissime.
953 1465 1048 1514 Hic
1067 1468 1196 1514 enim
1208 1482 1376 1514 seusus

351 1550 422 1587 est
444 1575 458 1600 ,
493 1561 515 1583 ι
535 1541 636 1589 Cur
660 1557 762 1590 nou
787 1543 956 1601 iacies,
984 1545 1078 1594 uisi
1106 1546 1266 1594 oratio
1285 1546 1376 1593 ista

356 1620 483 1682 (qua
503 1621 662 1667 omnia
682 1619 747 1668 sd
768 1620 1066 1686 voluptatem
1085 1621 1377 1684 referuntur)

353 1714 465 1745 vere
500 1699 660 1763 turpis
697 1701 810 1747 est?
837 1721 862 1741 ›-
904 1701 1051 1764 Quod
1086 1703 1277 1749 insuere
1320 1700 1379 1748 li·

355 1776 536 1834 brarii,
567 1794 717 1842 quum
758 1778 812 1826 id
831 1794 924 1843 pro
972 1779 1131 1842 glossa
1177 1778 1242 1826 sd
1283 1776 1384 1825 nisi

355 1858 738 1921 superscriptum
762 1868 902 1905 esset.
930 1859 1023 1905 Est
1042 1870 1202 1906 autem
1223 1869 1381 1906 trans-

356 1945 625 1994 posuerunt
647 1968 663 1993 ‚
691 1935 921 1998 quoniam
946 1935 1144 1984 auribus
1163 1937 1377 2002 ipsorum

357 2011 407 2055 iu
435 2011 647 2059 clausula
673 2015 833 2060 minus
860 2014 1134 2065 addicebat.
1170 2020 1379 2065 Peccant

357 2088 407 2133 hi
436 2099 594 2136 autem
629 2101 732 2137 tum
762 2092 1000 2153 maxime,
1033 2096 1072 2141 si
1112 2096 1378 2160 praedicato

366 2165 621 2229 praemisso
641 2167 933 2217 abstractum
953 2172 1018 2219 ita
1035 2171 1307 2235 subjicitur,
1326 2185 1380 2222 ut

358 2244 535 2308 copula
579 2248 867 2294 senteutiam
911 2248 1104 2297 chudst
1133 2267 1148 2307 ς
1190 2261 1245 2298 ut
1284 2251 1379 2299 hoc

359 2323 472 2370 loco
496 2339 589 2370 usu
617 2325 753 2371 veuit
777 2340 790 2373 ε
818 2342 911 2389 qun
952 2326 1014 2375 de
1040 2345 1091 2375 re
1116 2329 1381 2394 aliquando

359 2413 582 2450 accurate
607 2417 820 2466 agemus.
839 2405 975 2453 Nihil
1002 2406 1174 2456 dicunt
1198 2409 1314 2456 Ern.
1334 2417 1381 2455 et

360 2483 521 2528 Brem.
558 2483 644 2545 qui
687 2483 825 2545 quod
845 2485 1056 2533 retinent
1085 2500 1099 2533 ε
1134 2502 1245 2534 nam
1268 2487 1383 2535 ferri

358 2559 411 2606 id
450 2575 593 2622 posse
612 2593 627 2617 ‚
673 2562 782 2623 quis
824 2565 1008 2626 negat?
1036 2564 1122 2612 sed
1148 2566 1383 2615 scriboeue

358 2638 411 2685 id
438 2639 721 2697 omiserint,
762 2653 847 2690 sut
882 2643 1049 2707 potius
1075 2644 1383 2705 addiderint,

361 2717 458 2764 hoc
490 2720 746 2780 quaritur.
777 2720 950 2784 Neque
974 2722 1144 2770 similis
1169 2734 1383 2772 structu-

362 2811 569 2858 ra‚quae
595 2796 719 2844 iufra
760 2797 790 2861 S
825 2817 890 2862 79
926 2799 1119 2863 legitur,
1156 2802 1383 2867 impedit,

364 2889 467 2936 quo
491 2875 651 2922 minus
671 2876 722 2924 h.
745 2876 780 2925 l.
808 2878 1063 2927 meliorum
1082 2880 1235 2930 codd.
1250 2882 1384 2947 opti-

367 2969 495 2999 mam
535 2964 825 3002 structuram
867 2959 1098 3019 sequaris.
1136 2961 1254 3008 Post
1293 2959 1389 3008 nisi

362 3043 524 3079 nutem
550 3033 691 3097 quod
712 3045 762 3081 et
789 3050 939 3098 quum
962 3035 1094 3085 haud
1120 3054 1232 3086 raro
1261 3040 1386 3088 inse·

366 3111 509 3159 ritur.

433 3191 630 3239 xxm.
660 3207 704 3238 1.
737 3191 1039 3256 Voluptatem
1073 3210 1223 3258 quam
1248 3193 1386 3243 dica·

362 3266 441 3313 eis.
466 3268 673 3316 Goereuz
695 3270 864 3318 scribit
889 3285 903 3319 ε
932 3288 1081 3336 quam
1103 3270 1386 3337 dicasisssvo·

367 3347 619 3408 luptaeem.
651 3352 789 3409 Hoc,
813 3350 1005 3413 inquit,
1033 3351 1206 3400 ordine
1234 3353 1385 3400 nostri

365 3436 539 3487 praeter
581 3426 716 3475 Gud.
765 3444 794 3475 α
839 3444 1009 3477 omnes
1052 3446 1067 3477 t
1116 3429 1387 3494 eodemque

364 3503 513 3552 modo
530 3507 679 3553 Mars.
700 3507 830 3555 Cret.
844 3507 1061 3572 editique
1085 3521 1204 3558 vett.
1227 3510 1384 3559 multi.

365 3583 546 3630 Similis
581 3583 720 3633 loeus
765 3596 838 3634 est
873 3589 1022 3652 Legg.
1054 3591 1101 3646 1,
1156 3606 1213 3650 ¹7
1236 3625 1252 3650 ,
1276 3598 1339 3651 47
1367 3611 1378 3637 z

362 3685 387 3701 ‹-
423 3663 597 3711 animis
632 3665 859 3714 omuibus
893 3668 1160 3716 tenduntur
1192 3669 1382 3718 iusidiae

476 3743 555 3791 vel
592 3743 655 3791 ab
679 3761 761 3805 ea,
800 3762 909 3810 quae
934 3747 1129 3811 penitus
1160 3747 1213 3795 iu
1248 3750 1383 3797 omni

363 3837 506 3869 sensu
549 3823 758 3885 insidet,
800 3826 1034 3875 imitatrix
1088 3826 1210 3874 boni
1239 3828 1382 3877 volu-

364 3911 473 3963 ptas
493 3923 536 3949 ι.
570 3903 635 3951 Et
667 3914 840 3953 nostro
879 3905 1010 3953 libro
1054 3906 1175 3954 infra
1217 3905 1248 3972 S
1283 3923 1342 3968 77
1372 3920 1386 3954 :

363 4001 388 4018 ..
414 3994 556 4027 nemo
580 3982 795 4046 appellnt
817 3985 1115 4049 voluptatem
1138 4007 1180 4032 ι.
1204 3985 1385 4049 Vulga-

367 4067 448 4102 tur
463 4078 488 4097 0·
504 4058 805 4125 voluptutem
823 4079 970 4126 quam
985 4063 1157 4112 dicatis
1179 4085 1221 4112 a.
1250 4065 1386 4112 Nihil

370 4135 545 4182 mirum
566 4153 668 4186 esse
696 4139 837 4189 debet
854 4175 868 4199 ‚
895 4143 934 4189 si
954 4142 1032 4190 his
1054 4144 1104 4190 in
1133 4145 1388 4194 structuris

367 4213 537 4264 scribo
564 4216 625 4265 ad
653 4234 791 4268 suum
812 4221 1023 4285 palatum
1047 4234 1386 4288 transponunt.

1537 1481 1586 1512 α.
1630 1465 1746 1509 Rem
1780 1459 1924 1508 vides
1960 1456 2232 1526 difficilem.
2264 1455 2322 1504 ld
2344 1456 2485 1504 estin

1465 1555 1632 1608 aperta
1651 1540 1804 1588 ironis
1820 1572 1834 1596 ,
1860 1539 1912 1585 iu
1931 1554 2025 1602 qus
2049 1539 2163 1586 Eru.
2182 1535 2326 1584 vides
2345 1547 2488 1599 negat

1465 1622 1563 1669 dici
1590 1632 1768 1683 posse;
1810 1617 1935 1666 vide
1973 1615 2179 1664 mavult.
2218 1616 2350 1664 Ante
2378 1629 2488 1660 eum

1464 1701 1518 1748 Ρ.
1555 1699 1752 1746 Manat.
1784 1695 2020 1745 videlicet
2064 1697 2082 1757 (
2121 1706 2167 1743 et
2211 1695 2281 1742 sic
2319 1690 2485 1739 Lamb.

1464 1777 1678 1844 edidit),
1719 1778 1888 1824 Daris.
1920 1776 2068 1825 video
2087 1783 2358 1824 suaserunt.
2385 1771 2487 1819 Ne·

1463 1874 1559 1923 que
1594 1873 1711 1904 sane
1745 1856 1901 1904 ironis
1928 1856 1980 1904 iu
2020 1856 2162 1905 vides
2194 1855 2375 1911 haeret‚
2402 1848 2488 1897 sed

1463 1938 1515 1983 in
1542 1947 1710 1984 tenore
1737 1934 1835 1982 loci
1870 1934 2053 1993 totius,
2085 1933 2168 1997 qui
2196 1929 2488 1998 pronuntia·

1464 2017 1598 2063 tione
1637 2012 1945 2075 adiuvandus
1987 2024 2076 2061 est.
2110 2012 2293 2060 Eodem
2332 2007 2486 2056 modo

1461 2094 1549 2141 ius.
1572 2096 1662 2151 lv,
1689 2094 1719 2140 3
1738 2128 1752 2151 ‚
1795 2109 1820 2154 7
1845 2105 1858 2140 :
1888 2113 1912 2133 ιι
1932 2091 2109 2151 Vides,
2134 2100 2360 2155 quantam
2388 2102 2487 2134 rem

1462 2187 1611 2235 ιρις
1650 2182 1706 2220 ut
1734 2172 1918 2220 Circeis
1957 2172 2044 2235 qui
2085 2171 2292 2228 habitet,
2331 2179 2488 2217 totum

1462 2249 1596 2298 hunc
1624 2250 1859 2298 mundum
1885 2267 2026 2298 suum
2046 2250 2366 2314 municipium
2386 2267 2488 2298 esse

1465 2328 1709 2376 existimet
1736 2350 1776 2375 »-
1814 2331 1993 2379 Tentat
2017 2331 2214 2394 quidem
2249 2331 2364 2379 Eru.
2393 2330 2488 2377 hoc

1466 2422 1663 2471 quoque
1705 2407 1817 2454 loco
1843 2407 1963 2455 ‘vide
1992 2425 2010 2454 .·
2053 2409 2137 2457 sed
2175 2409 2306 2457 idem
2345 2410 2488 2456 etism

1466 2486 1583 2533 alibi
1614 2486 1731 2533 facit
1751 2519 1767 2547 ,
1803 2496 1858 2533 ut
1878 2501 2021 2550 supra
2046 2503 2137 2547 ιο,
2168 2489 2264 2546 30,
2301 2498 2397 2537 etc.
2438 2487 2488 2535 Si

1466 2564 1586 2628 quid
1615 2564 1901 2613 mutandum
1930 2565 2052 2613 foret
2070 2600 2086 2625 ,
2117 2568 2298 2628 conjici
2323 2567 2489 2616 liceret

1468 2647 1585 2691 Rem
1624 2644 1746 2693 vide
1778 2644 1961 2693 scilicet
1983 2663 2001 2694 .·
2031 2662 2142 2694 uam
2172 2646 2362 2695 scilicet
2394 2648 2489 2695 sre-

1468 2735 1674 2789 queuter
1698 2724 1908 2789 simplici
1928 2725 2065 2775 litera
2089 2742 2130 2774 s.
2158 2727 2331 2775 scribis
2355 2736 2492 2774 uota-

1470 2815 1566 2853 tur.
1587 2807 1651 2854 G.
1675 2830 1742 2838 —
1769 2806 1819 2855 J.
1842 2807 1905 2853 V.
1933 2805 2127 2854 Leclerc
2153 2809 2334 2854 rectius
2360 2817 2494 2854 certe

1473 2884 1732 2945 videlicet,
1763 2898 1817 2934 ut
1832 2888 1930 2947 jam
1954 2889 2161 2937 P.Msu.
2185 2887 2491 2937 intellexerat

1470 2976 1519 3012 et
1558 2964 1682 3013 bene
1715 2968 1893 3014 vertit:
1921 2966 2087 3029 Quelle
2117 2964 2388 3033 difficultd,
2430 2980 2492 3011 en

1470 3041 1589 3107 essee
1605 3080 1622 3105 ‚
1655 3045 1817 3106 quelle
1844 3042 2116 3091 obscur-516!
2140 3044 2349 3091 Irouice.

1544 3122 1596 3169 3.
1636 3122 1901 3170 Indiuidua
1926 3155 1942 3181 ,
1989 3133 2193 3169 atomos.
2232 3147 2300 3158 -
2335 3120 2494 3184 Quum

1470 3199 1643 3247 dicitis.
1673 3202 1791 3247 Haee
1827 3199 2005 3248 absunt
2043 3216 2070 3246 s
2114 3198 2243 3248 Gud.
2287 3210 2497 3263 utroque

1472 3277 1727 3340 tribusque
1786 3281 1987 3328 Oxoun.
2035 3277 2307 3342 abjecitque
2355 3280 2497 3326 Lam-

1473 3356 1633 3403 binus.
1660 3356 1755 3404 Sed
1782 3356 1906 3405 uihil
1942 3359 1993 3405 in
2020 3376 2071 3406 se
2109 3357 2290 3407 habent
2312 3393 2327 3417 ‚
2355 3358 2493 3422 quod

1470 3433 1678 3482 scribam
1697 3435 1854 3496 oleat,
1879 3437 2029 3486 immo
2048 3449 2096 3487 et
2118 3439 2257 3500 loco,
2280 3454 2383 3503 quo
2406 3454 2495 3502 po·

1471 3525 1678 3573 uuntur‚
1703 3525 1751 3563 et
1777 3516 1882 3581 ipsa
1923 3529 2093 3567 natura
2128 3536 2244 3577 sus,
2281 3518 2497 3567 auctoris

1472 3594 1721 3657 ingenium
1745 3595 1978 3659 produnt.
2007 3598 2072 3646 G.

1543 3680 1590 3729 4.
1619 3675 1971 3725 Inter-mundio.
1998 3677 2079 3723 Sic
2105 3676 2405 3725 vocabantur
2428 3679 2492 3726 sb

1469 3752 1685 3817 Epicuro
1738 3755 1890 3818 spatis
1920 3790 1935 3814 ‚
1984 3770 2094 3819 quae
2139 3771 2165 3803 s
2207 3755 2303 3803 diis
2344 3758 2497 3805 incoli

1476 3832 1673 3882 dicebat
1690 3836 1818 3882 iuter
1839 3835 2002 3884 varios
2022 3835 2248 3885 mundos.

1546 3913 1597 3961 5.
1632 3915 1756 3977 Quoe
1773 3915 2047 3979 passeribus
2085 3928 2205 3964 noea
2240 3929 2313 3966 esc
2338 3918 2497 3965 omni-

1477 3992 1584 4039 bus.
1626 3991 1824 4041 Mirum·
1853 4004 1950 4053 est,
2002 3995 2141 4058 quod
2184 3997 2343 4043 nostri
2387 4014 2497 4044 cum

1475 4070 1620 4119 Vien.
1658 4082 1707 4119 et
1737 4073 1938 4135 Marso,
1976 4074 2195 4123 omnibus
2235 4088 2357 4122 noea
2392 4087 2497 4131 ese,

1478 4159 1817 4214 transponunt.
1842 4153 2014 4218 Neque
2039 4154 2137 4202 huc
2165 4171 2325 4217 presse
2350 4154 2498 4217 perti·

1479 4240 1588 4288 net,
1625 4230 1761 4294 quod
1804 4231 2056 4281 collectiva
2084 4243 2258 4282 auctor
2285 4234 2334 4280 iu
2365 4230 2500 4287 clau,
