3217 4784
681 462 812 534 170
1357 441 1454 508 Μ.
1508 441 1586 508 Τ.
1642 441 2127 517 CICERONIS
2685 452 2718 483 ⁸

668 561 815 632 ulla
853 586 944 633 ex
985 574 1189 658 parte
1241 558 1517 655 aliquid
1554 577 1684 634 aut
1730 562 2018 654 dolens»,
2059 582 2184 639 aut
2219 595 2537 668 aegrum,
2571 572 2648 643 id
2694 589 2802 645 est

665 685 908 743 autem
948 669 1216 739 malum
1250 696 1307 736 n.
2656 739 2662 746 .
2701 732 2707 737 .

759 788 917 852 Hoc
946 779 1110 849 loco
1148 788 1397 852 tenere
1426 804 1502 852 se
1527 777 1938 857 ¹³,Triarius
1965 809 2115 857 non
2147 787 2407 884 potuit.
2444 786 2799 877 Obsecro,

661 891 902 990 inquit
923 946 942 975 ,
978 893 1383 987 Torquate,
1426 892 1582 964 haec
1627 893 1802 965 dicit
1836 896 2190 994 Epicurus
2213 898 2326 969 ¹4?
2371 898 2577 995 quod
2619 898 2795 971 mihi

660 1000 960 1101 quidem
991 1001 1186 1073 visus
1218 1016 1364 1089 est,
1402 1028 1633 1100 quum
1669 1005 1912 1091 sciret,
1948 1006 2132 1079 velle
2171 1021 2407 1080 tamen
2441 1006 2797 1080 confiten-

660 1128 809 1185 tem
831 1111 1081 1183 audire
1105 1115 1576 1209 Torquatum.
1612 1116 1704 1185 At
1728 1115 1846 1186 ille
1869 1140 2020 1187 non
2050 1118 2448 1214 pertimuit,
2478 1142 2797 1215 saneque

659 1219 1073 1310 fidenter¹⁵,
1114 1224 1274 1294 Istis
1301 1223 1598 1321 quidem
1632 1226 1806 1323 ipsis
1837 1225 2074 1303 verbis
2095 1280 2115 1314 ,
2149 1231 2430 1325 inquit3
2464 1228 2590 1301 sed
2616 1226 2798 1327 quid

658 1335 954 1422 sentiat,
982 1359 1132 1404 non
1164 1331 1439 1406 videtiS.
1475 1336 1549 1405 Si
1579 1334 1714 1406 alia
1743 1339 1995 1422 sentit,
2020 1338 2323 1433 inquam
2344 1392 2361 1423 ‚
2397 1338 2531 1409 alia
2568 1338 2799 1436 loqui-

660 1457 808 1530 tur-3
864 1467 1260 1539 numquam
1321 1443 1750 1542 intelligam,
1800 1445 1977 1544 quid
2036 1446 2336 1530 sentiat3
2392 1446 2518 1517 sed
2581 1448 2797 1547 plane

659 1551 868 1640 dicit,
917 1552 1119 1651 quod
1169 1554 1558 1653 intelligam
1613 1583 1629 1625 ε
1670 1554 1893 1654 idque
1934 1559 1989 1628 si
2047 1560 2147 1628 ita
2191 1554 2400 1643 dicit,
2454 1584 2606 1629 non
2644 1582 2798 1629 esse

657 1661 1294 1762 reprehendendos
1340 1662 1781 1752 luxurios05,
1835 1669 1892 1737 si
1948 1667 2310 1767 sapientes
2365 1668 2549 1752 sint,
2624 1665 2798 1737 dicit

657 1771 1007 1861 absurde3
1040 1772 1369 1846 similiter
1398 1770 1458 1819 ¹⁶
1496 1791 1570 1847 et
1608 1777 1668 1848 si
1712 1774 1933 1865 dicat,
1971 1801 2122 1848 non
2157 1774 2797 1875 reprehendendos

659 1926 868 1987 fuerint,
896 1936 1054 1974 tamen
1079 1924 1226 1972 nobis
1245 1925 1522 1987 constabit,
1542 1928 1685 1991 igno·

656 2015 809 2053 ratam
844 2005 1096 2070 particulae
1134 2003 1281 2065 hujus
1318 2003 1419 2051 vim
1452 2005 1507 2052 in
1539 2022 1683 2053 causa

655 2084 804 2133 fuisse
823 2117 839 2143 ‚
892 2094 949 2131 ut
1010 2099 1065 2131 ea
1136 2083 1457 2134 omitteretur.
1510 2083 1685 2148 Neque

656 2163 769 2211 illos
807 2160 975 2209 audies
993 2198 1010 2224 ‚
1047 2162 1111 2210 ad
1147 2178 1300 2225 graeca
1328 2176 1682 2227 provocantes,

656 2257 809 2304 quum
836 2239 899 2287 ad
938 2238 1051 2309 ὅπερ
1091 2240 1306 2306 (quippe
1331 2243 1498 2308 quod)
1538 2243 1682 2307 plene

591 2336 599 2343 ·
656 2319 1071 2384 compensandum
1117 2332 1281 2370 autem
1330 2321 1447 2371 addi
1496 2323 1680 2373 videas.

658 2400 818 2462 Hujus
834 2401 964 2449 enim
976 2401 1227 2466 particule
1252 2403 1304 2450 in
1328 2404 1680 2453 asseveratione

656 2496 772 2527 usus
814 2480 947 2545 apud
991 2481 1277 2530 Ciceronem
1323 2482 1643 2531 creberrimus
1663 2516 1681 2545 ,

656 2571 760 2608 tum
789 2562 888 2610 fere
924 2561 1107 2626 ubique
1134 2563 1366 2623 cernitur,
1403 2563 1444 2611 si
1482 2563 1680 2611 tertium

656 2639 823 2688 locum
862 2649 1071 2704 occupat
1098 2654 1113 2689 ε
1149 2655 1252 2688 non
1270 2650 1369 2688 tam
1402 2651 1460 2689 ut
1478 2643 1553 2688 vis
1576 2641 1683 2688 haec

655 2733 714 2766 ex
725 2719 829 2782 ipsa
838 2717 1208 2782 pendeat,quam
1217 2719 1354 2781 quod
1364 2718 1561 2767 verbum
1569 2718 1683 2766 sub-

656 2796 921 2846 stantivum
939 2810 1050 2842 cum
1062 2795 1279 2859 pondere
1294 2797 1684 2861 praemittitur.G,

739 2877 816 2925 13.
856 2877 1036 2923 Tenere
1060 2892 1130 2923 se.
1168 2878 1309 2938 Hoc,
1358 2877 1521 2940 inquit
1565 2876 1686 2925 Goe-

657 2974 773 3007 rena
791 2991 807 3015 ,
847 2966 921 3004 est
949 2955 1202 3006 Ciceronis
1221 2990 1236 3016 ,
1279 2970 1383 3003 non
1412 2971 1465 3002 se
1500 2966 1683 3003 tenere.

656 3037 753 3085 Sed
802 3052 956 3099 quum
986 3051 1041 3083 ea
1084 3051 1161 3083 res
1205 3051 1308 3083 nou
1349 3034 1684 3098 exemplorum

656 3116 971 3165 multitudine
1014 3113 1304 3174 dirimatur-3
1329 3112 1429 3161 hoc
1469 3130 1533 3160 ex
1571 3115 1684 3161 soni

657 3196 850 3244 ratione
872 3195 1129 3257 adjicimus
1146 3228 1162 3253 ,
1197 3211 1298 3258 quo
1320 3194 1419 3242 vim
1438 3193 1678 3242 enuntiati

657 3292 762 3324 non
799 3276 862 3324 ad
889 3291 975 3337 se,
1004 3274 1089 3323 sed
1135 3274 1199 3323 ad
1236 3286 1401 3322 tener-e
1437 3274 1680 3338 pertinere

657 3355 843 3403 clarum
868 3366 958 3403 est.
985 3353 1237 3401 Ambabns
1265 3354 1416 3417 igitur
1444 3352 1577 3403 Gud.
1618 3369 1640 3401 1
1660 3386 1676 3413 ,

659 3437 719 3482 Ρ.
750 3434 932 3491 Marsi,
974 3433 1105 3482 Crat.
1140 3430 1440 3496 aliarumque
1462 3432 1678 3497 plurium

659 3524 778 3562 vett.
830 3511 970 3561 editt.
1017 3512 1357 3560 auctoritatem
1388 3512 1681 3576 accipimus,

629 3632 637 3650 ,
658 3594 746 3658 qui
770 3594 841 3640 sic
866 3592 1105 3657 prebent.

736 3681 816 3727 14.
831 3672 942 3720 Obs.
955 3707 967 3718 .
981 3707 995 3719 .
1009 3670 1083 3720 .Ιι.
1105 3669 1159 3718 d.
1180 3669 1450 3733 Epicurus?
1469 3669 1637 3718 Lamb.
1656 3685 1683 3717 e

660 3751 810 3799 veteri
831 3750 945 3800 cod.
968 3749 1104 3799 addit
1133 3762 1181 3799 ee
1207 3759 1323 3814 post
1347 3749 1448 3796 obs.
1476 3765 1685 3812 eumque

658 3842 893 3895 sequutus
907 3842 982 3879 est
994 3830 1163 3878 Davis.
1183 3845 1335 3892 quum
1350 3830 1402 3876 in
1412 3844 1512 3876 uno
1529 3829 1683 3876 Paris.

658 3909 785 3958 idem
822 3908 1091 3973 reperisset.
1139 3909 1297 3956 Brem.
1339 3907 1467 3954 idem
1510 3906 1681 3964 dedit,

657 3988 821 4054 augeri
852 3986 1219 4036 admirationem
1260 3987 1551 4052 pronomine
1589 3987 1677 4035 ad·

652 4069 786 4127 jecto
809 4065 1070 4115 affirmans.
1102 4067 1270 4115 Nostri
1311 4082 1479 4113 omnes
1518 4077 1564 4114 te
1598 4083 1676 4115 re·

657 4158 841 4215 spuunt
861 4162 875 4197 ε
897 4162 1055 4213 neque
1075 4147 1319 4195 Bremium
1332 4147 1446 4194 satis
1468 4148 1678 4211 assequi-

657 4243 782 4275 mur.
796 4229 1047 4290 Quantum
1065 4226 1263 4291 quidem
1286 4226 1507 4291 *fidemus
1522 4261 1536 4286 ,
1554 4226 1682 4276 inter

1770 1927 1991 1976 additum
2034 1945 2177 1994 pron.
2210 1940 2261 1977 et
2299 1931 2532 1977 omissum
2579 1928 2632 1977 id
2674 1929 2725 1979 h.
2763 1929 2797 1976 l.

1772 2005 2065 2056 discriminis
2087 2019 2190 2070 est,
2215 2020 2270 2057 nt
2290 2009 2491 2058 obsecro
2520 2021 2565 2056 ee
2590 2008 2790 2058 admira-

1774 2086 1955 2134 tionem
1972 2089 2194 2151 proxime
2210 2088 2271 2137 ad
2292 2090 2539 2138 hominem
2555 2089 2768 2154 applicet
2783 2125 2797 2146 ,

1772 2182 1884 2213 cum
1926 2182 2027 2231 quo
2067 2168 2397 2234 colloquaris,
2438 2171 2535 2218 hoc
2564 2171 2664 2217 sere
2689 2185 2795 2216 sen-

1769 2262 1854 2306 su,
1885 2268 1907 2290 ι
1925 2246 2159 2308 obsecro,
2187 2248 2267 2296 dic
2294 2249 2416 2298 mihi
2544 2248 2651 2296 haec
2674 2248 2797 2295 dicit

1768 2327 1866 2393 Ep.
1890 2348 1914 2370 ι
1953 2327 2190 2391 Neglecto
2244 2340 2415 2377 contra
2464 2327 2796 2392 pronomine,

1769 2405 1970 2453 verbum
1997 2406 2096 2454 hoc
2123 2409 2222 2454 vim
2248 2407 2498 2471 particulae
2522 2406 2796 2453 exclaman-

1769 2484 1832 2530 tis
1874 2483 2053 2530 induit.
2102 2486 2177 2531 Ex
2222 2474 2394 2532 nostri)
2449 2483 2685 2531 idiomate
2728 2485 2796 2530 sic

1771 2560 2089 2624 distingueres
2112 2596 2126 2620 ,
2172 2563 2321 2623 Beym
2358 2560 2571 2608 Himmel
2609 2559 2792 2624 sprich,

1770 2639 1865 2687 das
1904 2649 2017 2703 sagr
2041 2640 2134 2702 Ep.
2176 2649 2223 2686 et
2260 2640 2412 2701 Beym
2456 2638 2672 2686 Himmel
2687 2643 2709 2686 .'
2743 2655 2798 2686 so

1770 2728 1883 2783 sag:
1899 2716 2257 2781 Epicur?Quae
2280 2718 2322 2766 si
2344 2718 2433 2765 rite
2456 2717 2797 2781 perpenderis,

1771 2796 2000 2844 affectum
2026 2797 2229 2845 omnino
2260 2807 2459 2844 auctum
2492 2794 2655 2855 dices,
2696 2812 2798 2845 non

1774 2890 1890 2923 vero
1927 2891 2038 2923 eum
2075 2874 2406 2924 admirationis
2424 2910 2441 2935 ,
2486 2892 2597 2939 quae
2619 2893 2680 2925 ex
2709 2892 2797 2924 na·

1773 2965 1880 3002 tura
1898 2970 1982 3002 sua
2007 2971 2106 3002 rem
2133 2956 2286 3019 ipsam
2306 2972 2417 3003 cum
2444 2968 2646 3021 stupore
2673 2972 2796 3021 quo-

1772 3032 1885 3081 dam
1917 3032 2147 3083 intuetur.
2189 3035 2285 3083 Sed
2319 3050 2410 3083 nos
2431 3070 2448 3096 ,
2481 3052 2544 3083 ne
2587 3035 2694 3083 hoec
2731 3035 2795 3082 ri-

1770 3130 1974 3169 memur,
2003 3116 2075 3161 sic
2108 3114 2387 3175 judicamus
2418 3128 2433 3162 t
2468 3114 2648 3163 rectius
2667 3114 2719 3163 b.
2756 3115 2793 3163 l.

1766 3195 1926 3255 credi,
1954 3207 1998 3244 te
2034 3212 2062 3244 a
2094 3196 2254 3246 scriba
2289 3196 2512 3245 additum
2530 3213 2662 3254 esse,
2691 3196 2789 3243 vim

1768 3275 1902 3323 verbi
1925 3275 2146 3324 absolute
2173 3277 2324 3341 positi
2351 3293 2452 3324 non
2471 3285 2757 3340 assequente
2775 3311 2790 3335 ,

1766 3369 1914 3418 quam
1976 3365 2032 3403 ut
2084 3356 2316 3403 incertam
2365 3354 2520 3403 fidem
2567 3353 2795 3402 binorum

1769 3433 1918 3483 codd.
1943 3434 2159 3499 sequaris
2175 3467 2190 3491 ,
2211 3444 2284 3482 tot
2303 3444 2475 3482 contra
2496 3432 2761 3481 nitentibus
2778 3448 2794 3492 ;

1770 3512 1887 3562 licet
1908 3528 2051 3578 pron.
2087 3511 2312 3561 additum
2333 3514 2563 3562 affectum
2590 3511 2793 3561 admira-

1771 3592 1955 3640 tionem
1997 3590 2225 3656 flngentis
2264 3593 2438 3642 melius
2470 3593 2662 3658 pingat.
2704 3594 2796 3642 Ce-

1772 3683 1928 3720 terum
1968 3683 2172 3736 utraque
2216 3672 2340 3722 ratio
2378 3672 2510 3737 apud
2545 3683 2793 3720 auctorem

1774 3751 2158 3816 &equentissimu
2180 3762 2271 3800 est.
2292 3754 2355 3801 G.

1849 3833 1929 3879 15.
1956 3831 2182 3894 Sauoque
2202 3829 2442 3897 fidenter·
2472 3832 2592 3877 Tres
2616 3845 2675 3878 ex
2702 3847 2792 3878 no-

1771 3910 1884 3958 stris
1913 3926 2008 3974 que
2033 3910 2263 3973 ignorant
2298 3927 2312 3958 τ
2348 3911 2434 3958 sed
2460 3910 2636 3975 saepius
2672 3910 2793 3957 vidi-

1769 4006 1877 4038 mus
1902 3986 2082 4037 scribas
2100 3988 2373 4052 turbantes,
2409 3991 2449 4037 si
2470 4007 2566 4056 que
2588 4026 2601 4048 ,
2650 3988 2794 4037 immo

1763 4070 1925 4134 potius
1943 4066 2089 4115 valet.
2112 4068 2173 4115 G.

1847 4150 1928 4196 16.
1961 4145 2216 4205 Similiter,
2254 4157 2348 4196 etc.
2379 4150 2481 4196 Aut
2506 4146 2723 4197 similiter
2740 4159 2795 4194 m

1769 4227 2025 4290 legendum
2059 4226 2270 4289 videtur,
2303 4238 2385 4276 aut
2417 4238 2605 4276 veteres
2623 4226 2794 4275 simili-
