3217 4784
782 413 908 480 DE
955 408 1128 479 ΠΝ.
1179 410 1385 477 ΒοΝ.
1434 408 1548 474 ET
1594 406 1810 474 MAI„
1863 407 1986 489 lv,
2027 427 2133 471 12.

2381 403 2512 495 471

407 546 605 617 suut,
654 531 852 627 quod
900 531 1257 629 posterius
1294 530 1549 626 posui,
1602 525 1974 598 similiora.-
2009 521 2291 594 Habent
2329 522 2520 591 enim

408 643 887 712 accessionem
924 640 1236 737 dignam,
1266 643 1338 707 in
1373 660 1518 734 qua
1554 636 2038 707 elaboretur¹¹
2067 661 2087 723 3
2121 647 2204 704 ut
2235 631 2411 701 mihi
2447 632 2521 701 in

410 748 547 821 hoc
570 751 774 821 stoici
797 751 1023 844 Jocari
1052 747 1429 819 videantur
1451 743 1818 816 interdum
1835 796 1854 831 ‚
1882 768 2111 841 quum
2129 748 2229 814 ita
2250 740 2522 825 dicant,

404 864 461 931 si
501 858 591 930 ad
634 860 825 930 illam
858 862 1116 944 vitam,
1154 881 1314 953 quae
1350 879 1517 927 cum
1555 856 1822 925 virtute
1854 854 2176 953 degatur,
2211 849 2525 949 ampulla

404 985 530 1041 aut
563 968 850 1065 strigilis
881 965 1170 1039 accedat
1194 977 1277 1053 ¹²,
1311 977 1771 1064 sumpturum
1801 967 2196 1061 sapientem
2229 985 2385 1033 eam
2428 963 2523 1031 vi-

408 1094 550 1148 tam
600 1080 879 1176 potius»,
918 1102 1067 1175 quo
1121 1076 1272 1147 haec
1311 1075 1589 1172 adjecta
1633 1071 1902 1159 sint¹³,·
1942 1098 2076 1144 nec
2129 1072 2522 1144 beatiorem

407 1204 645 1259 tamen
696 1187 795 1258 ob
851 1210 1007 1259 eam
1053 1211 1340 1259 causam
1388 1183 1567 1256 fore.
1613 1189 1768 1255 Hoc
1808 1183 2040 1255 simile
2083 1182 2374 1253 tandem
2417 1193 2524 1252 est
2563 1184 2620 1235 3¹

408 1322 554 1368 non
572 1298 716 1370 risu
740 1300 1000 1397 potius,
1016 1322 1235 1395 quam
1266 1297 1591 1368 oratione
1621 1290 2169 1389 ejiciendumm?
2189 1289 2528 1388 Ampulla

480 1543 502 1574 ι
518 1544 560 1577 ι.
605 1528 851 1593 Dignam,
884 1530 937 1578 in
979 1545 1083 1594 qua
1128 1530 1418 1580 elaboratur.

408 1610 451 1656 1.
475 1625 521 1657 e.
546 1630 572 1650 α
597 1623 741 1672 quam
767 1608 860 1656 tibi
885 1609 1142 1656 conciliare
1163 1609 1356 1656 studeas
1380 1631 1421 1656 ιι.

406 1686 537 1735 Gud.
564 1704 584 1735 1
616 1697 664 1735 et
681 1689 789 1736 Bas.
814 1687 863 1734 in
884 1686 1138 1750 ignoraut3
1156 1686 1242 1733 sed
1257 1702 1422 1751 prave.
1437 1716 1447 1727 ·

408 1769 464 1812 In
481 1764 908 1829 elabomnescripti
921 1765 1231 1813 consentiunt
1239 1780 1422 1813 omnes.

407 1844 613 1892 Inferius
653 1844 858 1903 laboret,
887 1845 941 1890 in
964 1843 1135 1891 eodem
1174 1855 1422 1903 contextu,

410 1924 627 1984 ponitur.
664 1925 732 1972 G.

485 2016 565 2050 ια.
601 2001 835 2066 Ampulla
856 2013 945 2049 aue
977 1999 1171 2067 strigilis
1194 2002 1419 2053 accedat.

409 2080 533 2127 Mira
557 2096 671 2128 sane
698 2090 771 2127 est
796 2082 899 2128 hoc
924 2096 1087 2128 rerum
1110 2080 1298 2128 mittimi
1321 2099 1423 2130 mo-

407 2159 557 2206 menti
602 2158 897 2222 designatio;
947 2160 1038 2206 nisi
1088 2176 1200 2207 cum
1247 2160 1424 2209 vilitate

409 2253 521 2285 usus
559 2252 753 2300 quoque
797 2252 964 2284 eorum
1011 2238 1267 2284 necessitas
1291 2238 1424 2299 judi-

407 2314 561 2363 canda
601 2316 715 2364 fuit.
745 2316 863 2363 Haee
901 2315 1030 2363 enim
1067 2315 1288 2365 utensilia
1313 2327 1425 2363 sunt

406 2394 690 2443 balneorum
703 2430 720 2455 ‚
738 2394 917 2459 quibus
940 2396 1101 2443 Graeci
1118 2396 1425 2460 Romanique

409 2485 593 2522 veteres
613 2474 679 2521 ita
705 2473 894 2523 adsueti
918 2485 1053 2522 erant
1069 2509 1085 2533 ,
1107 2484 1164 2523 ut
1187 2490 1348 2523 carere
1365 2475 1425 2523 iis

410 2568 511 2600 nou
530 2563 748 2616 possent.
780 2557 813 2602 J
817 2553 1012 2617 ungitur
1040 2554 1112 2601 sic
1138 2554 1283 2603 etiam
1309 2553 1425 2603 alias

409 2633 627 2697 ampulla
664 2632 841 2697 strigili
875 2633 1074 2697 Apulei.
1115 2633 1328 2683 Floridd.
1366 2653 1421 2701 p.

416 2727 511 2760 122
531 2747 547 2771 ,
586 2713 696 2775 Bip.
721 2735 745 2754 κ
767 2712 1009 2775 strigilem
1045 2724 1095 2761 et
1132 2714 1422 2778 ampullam,

409 2800 663 2853 ceteraque
673 2791 829 2838 balnei
843 2792 1065 2839 utensilia
1079 2810 1125 2852 υς
1140 2794 1269 2857 apud
1281 2810 1424 2857 quem

408 2868 551 2916 etiam
595 2880 868 2916 accuratam
914 2872 1165 2934 utriusque
1206 2871 1425 2921 utensilia

410 2945 778 3008 descriptionem
811 2946 922 2994 vide
962 2964 1013 3011 p.
1045 2964 1161 3008 121,
1189 2950 1253 2997 ad
1279 2967 1426 3014 quem

408 3025 574 3073 locum
603 3027 707 3072 Pet.
746 3025 970 3076 Colvium
1008 3030 1251 3089 conseras,
1277 3031 1423 3079 alios-

410 3120 505 3167 que
524 3107 564 3151 Δ
570 3104 720 3169 puleii
737 3105 848 3153 intt.
865 3109 929 3156 G.
942 3110 1247 3171 —Ampulla
1264 3127 1426 3159 vascu-

411 3182 513 3230 lum
557 3184 789 3232 vinarium
815 3202 843 3233 e
876 3187 1031 3234 corio.
1074 3188 1361 3238 Gestabatnr
1396 3206 1424 3238 a

414 3263 628 3327 Cynicis,
646 3263 991 3328 mendicisque.
1007 3267 1167 3316 Plaut.
1187 3268 1239 3316 iu
1255 3270 1396 3316 Persa
1408 3305 1426 3331 ‚

409 3353 507 3391 act.
527 3344 576 3404 1,
602 3360 673 3394 sc.
698 3347 728 3393 3
748 3379 763 3403 ,
785 3361 853 3393 vs.
875 3353 978 3401 44:
1016 3367 1038 3389 ι
1065 3347 1303 3411 Cynicum
1326 3367 1428 3400 ease

410 3434 628 3484 egentem
681 3434 878 3487 oportet
930 3428 1194 3489 parasitum
1244 3429 1426 3491 probe:

411 3503 706 3566 Ampullam,
730 3504 984 3568 strigilem,
1011 3507 1259 3570 scaphium
1274 3541 1291 3565 ,
1313 3525 1427 3558 soe-

411 3597 527 3637 cos,
574 3583 771 3645 pallium
790 3617 807 3642 ‚
865 3585 1167 3649 Marsupium
1216 3587 1391 3636 habeat
1411 3621 1427 3649 ,

410 3672 502 3710 etc.
530 3681 553 3704 a
575 3664 782 3713 Mona.
856 3704 861 3709 ,

488 3743 567 3790 ι3.
599 3745 706 3805 Quo
731 3741 835 3789 hoec
868 3741 1065 3807 adjecta
1101 3741 1212 3790 sine.
1243 3744 1423 3805 Conje·

411 3820 571 3869 ctabat
596 3821 859 3878 Gruterus,
878 3822 1122 3885 scripsisse
1145 3822 1429 3871 Ciceronem

412 3897 543 3959 quoi.
567 3902 631 3949 Et
664 3900 815 3949 videri
850 3910 1014 3964 potest
1048 3917 1150 3949 non
1178 3902 1427 3967 improba·

414 3974 539 4033 bile3
565 3995 716 4040 quum
754 3991 956 4030 testetur
988 3981 1156 4028 Velius
1194 3984 1427 4046 Longus,

416 4052 505 4101 lib.
529 4055 589 4102 de
603 4058 932 4125 Ortbograph.
962 4062 1210 4126 scripsisse
1237 4064 1431 4109 Veteres

416 4130 560 4193 quoi,
586 4137 721 4197 quod
751 4155 882 4189 nunc
900 4141 1155 4190 scribimus
1183 4140 1277 4190 cui.
1304 4140 1432 4190 Illud

1509 1532 1631 1597 quoi
1653 1522 1890 1596 placuisse
1912 1530 2166 1588 Lea-etio,
2192 1528 2414 1590 Catullo,
2440 1527 2526 1577 Ci-

1510 1613 1702 1668 ceroni,
1724 1611 1933 1675 Virgilio
1948 1644 1964 1669 ,
1985 1609 2195 1676 probant
2213 1606 2525 1673 grammatici.

1509 1689 1712 1738 Creditu
1750 1689 1892 1738 facile
1915 1701 2014 1746 est,
2043 1687 2273 1737 cecidisse
2307 1685 2433 1733 inter
2465 1682 2528 1730 u-

1509 1768 1780 1816 brariorum
1806 1784 1977 1817 manns
2011 1778 2274 1829 extremam
2312 1762 2500 1812 literam
2518 1797 2535 1823 ,

1508 1857 1559 1896 et
1573 1848 1658 1896 ubi
1672 1859 1773 1896 erat
1786 1848 1905 1912 quoi
1917 1846 2196 1895 remansisse
2212 1860 2324 1909 que.
2341 1841 2533 1891 Etenim

1510 1926 1736 1976 observat
1781 1931 1890 1976 Jac.
1928 1926 2233 1986 Perizonius,
2270 1923 2325 1970 in
2366 1923 2531 1969 Sanct.

1510 2007 1724 2055 MinerV.
1748 2007 1846 2065 111,
1888 2014 1954 2062 ιι
1987 2038 2005 2065 ,
2056 2020 2153 2068 quo
2187 2013 2394 2051 veterem
2430 2014 2534 2047 esse

1512 2084 1728 2133 dativum
1758 2083 2064 2150 pronominis
2092 2082 2177 2147 qni
2198 2079 2417 2129 omnium
2447 2092 2531 2141 ge-

1511 2180 1710 2224 nerum,
1740 2179 1770 2210 a
1797 2162 2037 2226 plerisque
2067 2160 2287 2208 habitum
2307 2157 2421 2205 loco
2446 2154 2535 2202 ad·

1510 2241 1668 2289 verbii
1683 2273 1701 2300 ‚
1741 2251 1887 2304 atque
1932 2242 2065 2304 gravi
2111 2240 2249 2305 apice
2285 2247 2535 2287 notatum.

1511 2322 1765 2370 Axona.
1787 2321 1868 2368 cui
1887 2321 2096 2369 Goereuz
2112 2319 2390 2367 assentitur.

1573 2402 1670 2454 14.
1693 2401 1797 2447 Hoc
1823 2397 1977 2445 simile
2000 2398 2195 2444 taudem
2221 2406 2294 2444 ese
2309 2411 2405 2442 non
2431 2393 2533 2441 rim

1501 2479 1698 2543 petitu,
1733 2494 1879 2541 quam
1934 2475 2154 2524 eratione
2204 2474 2489 2538 ejiciendum
2506 2479 2535 2521 ι’

1509 2560 1663 2607 Recte
1707 2566 1844 2604 cavet
1886 2556 2043 2607 Bremi
2060 2588 2076 2614 ‚
2111 2571 2175 2602 ue
2215 2553 2531 2624 rejiciendum

1512 2637 1675 2696 malis,
1699 2635 1901 2685 laudans
1917 2635 1969 2682 iu
1989 2645 2118 2685 nott.
2138 2650 2303 2682 mscrr.
2325 2635 2464 2682 Orat.
2491 2635 2532 2690 Ι,

1515 2718 1612 2773 323
1638 2716 1748 2763 Fin.
1773 2718 1834 2768 V.
1865 2717 1928 2773 ὃς
1957 2713 2280 2777 Oudendorp.
2304 2712 2366 2761 ad
2395 2713 2532 2760 Suet.

1510 2795 1696 2843 Neron.
1716 2812 1760 2843 c.
1791 2794 1872 2855 37.
1906 2792 2186 2840 Similitudo
2213 2793 2340 2839 enim
2367 2791 2429 2839 ab
2450 2790 2530 2838 hi·

1510 2875 1775 2924 strionibus
1800 2876 1948 2939 petita
1967 2884 2066 2934 est,
2093 2872 2133 2919 si
2160 2882 2413 2937 peccantes
2430 2887 2524 2919 sce-

1511 2972 1622 3005 nam
1649 2956 1919 3018 relinquere
1944 2952 2090 2999 sibilo
2119 2952 2385 3015 plausuque
2413 2948 2531 2997 sini-

1511 3045 1615 3085 stro
1639 3046 1900 3097 coguntur.
1920 3032 2086 3094 Vulgo
2101 3030 2204 3077 haec
2223 3045 2313 3093 per
2331 3029 2531 3075 iuterro-

1512 3114 1755 3177 gationem
1791 3112 2058 3159 efferuntur
2088 3122 2100 3154 :
2138 3108 2224 3156 sed
2250 3122 2352 3171 quo
2379 3107 2530 3158 mode

1512 3192 1639 3241 banc
1657 3192 1765 3236 VV.
1787 3190 1897 3236 DD.
1919 3187 1983 3235 ad
2008 3187 2138 3235 hunc
2164 3187 2419 3235 verboram
2441 3204 2531 3251 po-

1511 3270 1660 3318 situm
1714 3278 1881 3332 aptare
1925 3266 2176 3330 potuerint
2191 3302 2208 3325 ,
2258 3281 2351 3313 nos
2401 3278 2532 3317 certe

1512 3350 1796 3413 ignoramus
1818 3363 1833 3394 ε
1864 3346 1960 3394 nisi
1983 3347 2108 3394 forte
2131 3346 2186 3393 in
2199 3345 2364 3408 potius
2397 3356 2530 3409 post·

1514 3427 1677 3492 posito
1699 3426 1802 3485 ejus
1825 3425 2060 3475 rationem
2092 3424 2433 3489 quaesiverunt.
2464 3427 2533 3474 At

1515 3521 1644 3570 saepe
1670 3506 1741 3552 sie
1763 3515 1950 3563 auctor,
1970 3521 2017 3553 v.
2046 3520 2094 3553 c.
2117 3504 2284 3552 Plane.
2313 3504 2399 3563 37,
2425 3519 2494 3566 9ο
2517 3519 2531 3553 :

1528 3607 1549 3629 ι
1568 3600 1831 3647 numquam
1874 3583 2149 3632 mehercule
2197 3598 2286 3631 eos
2328 3593 2533 3632 mortem

1517 3666 1698 3731 potius,
1721 3680 1864 3728 quam
1890 3662 2292 3713 immortalitatem
2305 3678 2535 3726 assequu-

1519 3758 1596 3794 ιω
1619 3745 1786 3809 putavi
1808 3765 1852 3790 a.
1887 3743 2099 3791 Tandem
2129 3742 2276 3801 valet,
2297 3741 2534 3790 «tandem

1515 3823 1777 3888 aliquando
1792 3846 1817 3865 ι
1831 3856 1848 3879 ,
1866 3818 1932 3871 ex'
1948 3822 2186 3885 frequenti
2205 3822 2534 3869 usuanctoris.

1518 3907 1687 3966 Itaque
1723 3901 2052 3965 interrogandi
2093 3902 2282 3964 signum
2297 3935 2312 3957 ,
2348 3911 2403 3948 ut
2424 3900 2536 3947 luco

1518 3985 1843 4046 incongruum
1858 4016 1874 4041 ,
1890 3982 2085 4031 sustulit
2105 3982 2420 4030 Goere-Nos
2437 3995 2539 4027 non

1521 4062 1762 4123 videmus,
1774 4061 2029 4123 quomodo
2053 4063 2282 4123 interrog.
2309 4068 2425 4107 nota
2446 4058 2539 4105 de-

1519 4142 1614 4195 leta
1637 4141 1906 4207 probabilis
1931 4155 2102 4189 sensus
2124 4138 2234 4186 clici
2262 4137 2432 4203 possit.
