3217 4784
784 429 907 495 DE
959 423 1130 494 FIN.
1185 427 1387 494 BON.
1443 425 1552 491 ET
1603 424 1817 491 MAL.
1874 427 1959 510 V,
2007 449 2108 522 ¹7·
2372 432 2512 528 607

385 546 1002 646 quemadmodum
1031 549 1195 643 quis
1219 545 1577 631 ambulet,
1599 543 1846 616 sedeat
1866 599 1885 633 ,
1905 549 2033 643 qui
2059 547 2318 623 ductus
2337 556 2515 643 oris„

386 662 514 756 qui
562 659 802 730 vultus
829 660 926 728 ’in
971 681 1273 754 quoque
1313 657 1448 725 sit:
1489 653 1765 726 nihilne
1818 670 1926 727 est
1974 660 2049 727 in
2095 659 2207 729 his
2253 661 2516 748 rebus»,

386 768 585 866 quod
641 767 942 866 dignum
1001 765 1266 852 libero,
1323 778 1447 834 aut
1490 763 1873 861 indignum
1919 792 2074 840 esse
2129 768 2517 845 ducamus?

385 903 632 949 nonne
677 877 848 949 odio
911 878 1170 973 dignos
1232 872 1555 944 multos⁷
1605 887 1975 971 putamuS,
2019 882 2146 976 qui
2199 884 2513 978 quodam

387 1004 590 1060 motu
625 1004 751 1060 aut
783 1002 973 1059 statu
995 985 1335 1057 videntur
1369 998 1643 1055 naturae
1668 983 1896 1082 legem
1922 1002 1995 1058 et
2019 990 2319 1065 modum
2348 1020 2516 1067 con-

387 1098 1299 1196 tempsissePEt‚quoniam
1331 1094 1482 1167 haec
1517 1091 2020 1167 deducuntur⁸
2056 1097 2146 1171 de
2175 1126 2515 1203 corpore,

384 1209 555 1304 quid
587 1222 695 1279 est
718 1262 737 1294 ‚
754 1232 886 1278 cur
904 1194 1054 1277 non
1075 1220 1269 1277 recte
1294 1202 1765 1303 pulchritudo
1795 1208 2007 1278 etiam
2038 1212 2191 1308 ipsa
2219 1232 2519 1315 propter

384 1344 459 1389 se
504 1319 904 1417 expetenda
940 1317 1295 1390 ducatur?
1333 1318 1514 1386 Nam
1564 1318 1623 1385 si
1675 1319 2132 1414 pravitatem,
2176 1324 2519 1398 imminu-

385 1430 803 1527 tionemque
834 1429 1158 1527 corporis
1177 1481 1196 1506 ,
1219 1429 1518 1523 pro'pter
1544 1450 1622 1497 se
1650 1425 2059 1523 fugiendam
2079 1443 2111 1489 9
2141 1450 2513 1531 putamus:

382 1562 514 1608 cur
554 1564 703 1610 uon
754 1544 1004 1625 etiam,
1041 1561 1124 1608 ac
1169 1533 1469 1606 fortasse
1518 1538 1777 1633 magis»,
1817 1554 2122 1639 propter
2160 1568 2237 1615 se
2269 1543 2516 1618 formae

383 1715 537 1763 tribus
580 1713 759 1761 nostris
795 1711 1137 1775 impressisque
1167 1719 1285 1757 vett.
1314 1705 1403 1754 'sat
1491 1708 1661 1770 potius
1683 1711 1862 1758 multos
1880 1712 2139 1762 delendum
2157 1716 2516 1788 videtui-,quip-

380 1794 559 1840 multis.
605 1790 700 1840 Sed
745 1802 801 1838 ut
847 1789 982 1854 Quid
1028 1789 1288 1853 saepissime
1334 1790 1404 1834 sic
1490 1799 1553 1849 pe
1579 1795 1712 1851 quo,
1739 1790 1835 1838 hoc
1864 1801 2135 1854 contextu,
2173 1795 2313 1846 facile
2336 1815 2516 1851 careas.

379 1873 738 1936 corrumpitur,
754 1881 803 1919 et
824 1870 963 1935 plum
989 1870 1134 1917 etiam
1161 1867 1235 1915 his
1259 1867 1311 1915 in
1336 1866 1402 1913 li·
1488 1867 1569 1914 Sic
1587 1878 1747 1916 autem
1767 1880 1817 1918 et
1839 1870 2063 1920 similiter
2084 1874 2254 1923 aeribae
2274 1877 2515 1939 adjectiva

379 1950 479 1997 brIs
505 1950 638 2008 loca,
663 1951 732 1998 sic
752 1963 967 2015 pravata,
994 1951 1136 1999 nobis
1153 1950 1404 1998 restituen-

379 2029 438 2076 da
480 2030 708 2079 fuerunt:
751 2031 818 2078 ita
856 2030 982 2077 clare
1022 2031 1263 2088 cernitur,
1300 2046 1398 2077 non

379 2120 481 2155 tum
520 2108 713 2157 demum
753 2110 1036 2166 accessisse,
1069 2125 1220 2172 quum
1259 2109 1405 2171 Quod

377 2188 528 2235 scribi
565 2198 779 2253 eoeptum
819 2199 958 2239 esset.
999 2188 1097 2238 Sed
1136 2189 1314 2237 clarius
1346 2189 1400 2237 id

378 2267 519 2314 etiam
543 2268 658 2314 inde
681 2279 837 2332 patet,
858 2269 996 2333 quod
1017 2269 1196 2318 Eliens.
1215 2279 1265 2316 et
1284 2270 1396 2317 Bas·

377 2362 474 2392 non
500 2358 613 2395 ante
652 2348 1133 2396 anunadvenendum
1172 2359 1399 2412 transpo-

377 2435 516 2473 nunt.
555 2427 667 2473 Jam
704 2428 898 2476 resectis
934 2444 996 2475 ne
1033 2438 1082 2475 et
1116 2427 1401 2486 non,multi

379 2503 548 2568 scripti
595 2522 689 2570 pro
738 2518 839 2565 esc,
878 2506 1000 2554 inest
1042 2506 1292 2570 praebent,
1345 2515 1401 2553 ut

277 2621 284 2628 .
377 2582 592 2647 plerique
619 2586 836 2644 Gruteri,
853 2586 1059 2643 Davisii,
1081 2597 1177 2634 tres
1198 2587 1399 2633 Oxonn.

375 2672 422 2710 et
444 2680 470 2710 e
495 2665 670 2712 nostris
693 2665 799 2712 bini
818 2665 887 2714 ini
908 2664 1099 2728 optimi,
1120 2680 1231 2713 cum
1250 2664 1394 2714 Mon.

377 2740 526 2804 idque
557 2753 607 2791 et
644 2755 932 2809 opportuno
968 2742 1083 2791 loco
1111 2744 1327 2808 ponitur,
1351 2755 1401 2791 et

375 2837 502 2885 saepe
537 2823 591 2868 in
621 2824 829 2887 simplex
894 2823 1050 2870 ravari
1076 2823 1227 2885 eolet;
1265 2824 1395 2872 conf.

376 2900 464 2956 IV,
504 2917 551 2960 ⁶7,
604 2916 684 2960 ¹7·
725 2903 836 2949 Jam
897 2901 946 2959 i,
994 2912 1244 2949 auctorem
1287 2913 1401 2966 post

380 2977 516 3039 Quid
526 2982 554 3024 Ρ
585 2994 713 3041 saepe
748 2978 1083 3042 interrogandi
1114 2982 1398 3042 particulam

377 3057 572 3104 reticere
588 3090 603 3115 ,
623 3055 898 3103 memineris
919 3069 933 3103 :
955 3056 1116 3104 locum
1132 3091 1147 3114 ‚
1166 3067 1220 3105 ut
1237 3058 1399 3106 edidi-

377 3151 512 3195 mus,
539 3137 816 3183 restitutum
849 3135 1063 3199 putabis.
1102 3135 1227 3184 Nam
1262 3137 1399 3200 quod

374 3229 474 3260 esse
498 3224 593 3261 tres
619 3216 819 3262 Oxonn.
839 3214 892 3261 in
909 3226 983 3262 ese
1003 3225 1215 3274 mutant,
1238 3225 1286 3263 et
1304 3216 1397 3264 alia

375 3309 520 3340 manu
555 3295 607 3341 iu
635 3309 738 3342 uno
772 3293 948 3341 horum
972 3294 1207 3342 ducamus
1227 3309 1399 3359 super·

375 3374 609 3437 scriptum
628 3383 700 3420 eat
716 3407 731 3431 ,
771 3372 823 3420 id
844 3371 987 3421 uobis
1012 3373 1214 3421 verbum
1241 3372 1400 3421 infini-

376 3463 477 3499 tum
531 3453 810 3516 neutiquam
871 3460 1149 3515 suspectum
1197 3451 1363 3502 reddit
1381 3488 1396 3512 ‚

373 3547 524 3594 quum
568 3541 681 3596 apta
725 3531 787 3579 ad
824 3540 1056 3579 contexta
1097 3531 1148 3578 vi
1189 3531 1396 3581 dicatur.

377 3610 547 3657 Paucis
571 3611 837 3672 interjectis
859 3627 965 3659 esse
983 3612 1219 3659 ducamus
1236 3614 1396 3677 sequi·

374 3699 454 3734 tur
473 3699 488 3737 :
527 3689 641 3737 hine
661 3690 860 3738 verbum
883 3688 1008 3737 illud
1029 3708 1055 3738 a
1084 3691 1239 3739 scriba
1263 3708 1397 3757 repe-

374 3768 514 3815 titum
538 3768 750 3831 putabis.
768 3797 834 3808 --
859 3771 1034 3817 Totam
1063 3769 1189 3818 banc
1214 3787 1241 3818 a
1279 3774 1395 3821 Goe-

372 3847 535 3894 reuzio
583 3858 811 3897 tentatam
858 3858 1019 3896 textus
1070 3850 1391 3914 perturbatio-

372 3939 478 3970 nem
503 3927 678 3974 merito
704 3927 899 3975 damnat
921 3928 970 3978 J.
986 3928 1053 3976 V.
1082 3930 1292 3979 Leelerc.

445 4013 491 4060 7.
516 4002 640 4050 Odib
662 4003 837 4068 dignos
864 4004 1054 4052 multos.
1089 4009 1272 4056 Omnes
1301 4025 1392 4056 no·

372 4080 459 4126 stri
500 4096 612 4129 cum
654 4083 798 4133 Vien.
847 4096 1174 4150 transponunt
1219 4088 1392 4136 meeltos

369 4159 557 4225 dignos.
598 4162 699 4211 Aut
739 4164 885 4213 multo
932 4165 1240 4216 scribendum
1261 4205 1277 4233 ,
1308 4180 1392 4218 aut

1491 1944 1551 1992 de
1597 1962 1690 1994 suo
1737 1947 1954 2009 addunt,
2007 1951 2094 1999 uhi
2116 1986 2132 2011 ,
2185 1955 2388 2004 relativo
2439 1976 2514 2007 ee-

1488 2037 1671 2088 quente
1688 2064 1701 2085 ‚
1749 2027 2183 2078 demonstrativum
2232 2032 2510 2099 intelligen-

1488 2103 1603 2151 dum
1631 2116 1719 2153 est.
1735 2107 1800 2156 G.

1559 2184 1608 2233 8.
1648 2186 1970 2235 Dedueuntur
2003 2189 2066 2237 de
2102 2206 2315 2254 corpore.
2358 2195 2510 2245 Recte

1485 2261 1698 2326 explicat
1726 2266 1915 2314 Ernest.
1941 2288 1966 2309 ιι
1982 2283 2228 2317 removere
2246 2270 2467 2322 homiues
2484 2292 2511 2322 a

1485 2357 1694 2406 corpore
1711 2343 1943 2392 student»
1962 2345 2036 2410 (ἰιι
2053 2349 2315 2413 exemplari
2339 2364 2512 2402 nostro

1484 2421 1693 2469 Ernestii
1723 2422 1868 2471 verba
1903 2436 2042 2472 aunt:
2073 2447 2098 2468 ιι
2117 2427 2179 2474 ab
2202 2428 2278 2474 his
2308 2429 2511 2480 liberare

1485 2514 1667 2565 corpus
1711 2501 1908 2550 student
1942 2503 2166 2553 homiues
2190 2505 2268 2570 a),
2310 2508 2511 2559 laudato

1485 2580 1658 2629 Horat.
1678 2581 1769 2645 Ep.
1790 2583 1838 2640 1,
1869 2598 1898 2629 a
1914 2617 1929 2640 ‚
1950 2583 2014 2638 48
2040 2602 2051 2630 x
2081 2606 2107 2625 α
2131 2583 2373 2636 deducere
2398 2603 2510 2637 eor-

1483 2673 1604 2721 pore
1643 2659 1802 2709 febres
1820 2683 1861 2710 1».
1901 2663 2077 2711 Tentat
2124 2665 2318 2715 Nissen.
2362 2668 2517 2737 -haeq

1483 2748 1611 2785 recte
1644 2738 1875 2787 dicuntur
1885 2774 2016 2790 .....
2052 2742 2242 2792 dicatur
2264 2766 2287 2787 ι
2314 2759 2329 2793 :
2374 2745 2509 2811 quod

1483 2832 1657 2881 parum
1704 2818 1915 2884 placet,
1949 2821 2173 2886 pluribus
2224 2824 2285 2872 de
2334 2828 2509 2876 causis.

1485 2897 1752 2962 vulgatum
1781 2900 2021 2964 applicate
2050 2901 2114 2949 ad
2141 2902 2338 2952 dicendi
2360 2907 2506 2953 ratio·

1483 2992 1628 3039 nem,
1662 3000 1687 3019 α
1710 2977 1948 3026 deducere
1984 2979 2044 3027 de
2079 2997 2265 3029 summa
2286 3005 2340 3043 u,
2374 2987 2508 3046 posi-

1483 3066 1588 3103 tum
1613 3056 1823 3107 videtur.
1844 3060 1906 3108 G.
1942 3085 2011 3095 —
2050 3060 2261 3108 Ernestii
2285 3072 2334 3110 et
2365 3064 2504 3111 Goer.

1483 3133 1847 3199 interpretatio,
1879 3140 2102 3199 quamvis
2128 3139 2376 3203 ingeniosa
2395 3176 2409 3197 ‚
2443 3158 2506 3190 ue

1482 3227 1656 3276 parum
1681 3229 1790 3260 vera
1817 3214 1883 3261 sit
1909 3231 2147 3266 veremur.
2181 3218 2364 3267 Gallica
2394 3237 2505 3269 ver-

1484 3290 1558 3338 sio
1597 3290 1681 3339 dat
1701 3309 1717 3341 ε
1752 3307 1938 3340 comme
1966 3304 2119 3342 toutes
2154 3312 2231 3344 ees
2268 3296 2505 3348 choses-Id

1477 3379 1683 3432 par-eene
1711 3372 1778 3419 du
1804 3389 1968 3438 corps,
2011 3374 2143 3438 quod
2180 3376 2330 3426 latina
2358 3380 2503 3428 verba

1482 3449 1676 3499 fidelius
1693 3452 2052 3517 interpretatur.
2224 3465 2228 3469 *

1554 3546 1606 3593 9.
1633 3531 1765 3579 Nam
1791 3530 1836 3579 si
1844 3531 2142 3594 pravitatem
2159 3567 2177 3594 ,
2208 3533 2503 3584 immittutio-

1484 3626 1691 3674 nemque
1709 3610 1922 3674 corporis
1931 3622 2131 3675 propter
2140 3627 2192 3659 se
2190 3611 2488 3679 fugiendam
2496 3650 2507 3662 .

1485 3691 1614 3755 Spir.
1652 3701 1700 3738 et
1737 3690 1836 3738 Erl.
1850 3689 2124 3757 fugienda.
2156 3694 2306 3755 Quod
2335 3697 2507 3760 proba-

1483 3786 1618 3828 mus3
1646 3787 1794 3834 quum
1817 3773 2035 3836 pravitas
2067 3773 2119 3819 in
2144 3770 2380 3833 distorto,
2416 3776 2505 3825 im-

1490 3847 1688 3896 minutio
1725 3850 1779 3897 iu
1809 3849 1982 3898 mutilo
2021 3865 2231 3915 corpore
2262 3867 2503 3916 cernatur,

1488 3928 1593 3976 haec
1608 3927 1759 3991 igitur
1779 3928 1967 3978 diversa
1994 3943 2253 3994 ponantur.
2273 3935 2397 3983 Tum
2414 3952 2502 3983 au·

1482 4019 1577 4055 tem
1611 4019 1782 4055 auctor
1810 4021 1978 4058 neutra
2007 4012 2382 4074 pronominum,
2414 4014 2503 4061 ad·

1475 4086 1795 4151 jectivorum,
1832 4089 2297 4153 participiorumque
2327 4090 2505 4139 addere

1480 4176 1626 4215 amat.
1658 4165 1719 4214 G.
