3217 4784
874 362 996 441 DE
1046 373 1219 440 F1N.
1276 352 1477 439 BoN.
1535 373 1645 437 ET
1698 369 1908 437 MAI..
1963 369 2080 451 IV,
2128 363 2186 435 5.

465 528 577 572 ars
612 516 851 571 tamen
896 513 1003 567 est
1050 496 1197 567 dux
1245 490 1620 577 certiorffi,
1668 516 1883 588 quam
1928 505 2205 560 natura.
2248 489 2456 560 Aliud
2498 509 2605 560 est

468 625 846 708 poetarum
891 632 1095 677 more
1132 603 1352 675 verba
1392 602 1728 687 fundere3
1776 601 1967 671 aliud
2010 624 2132 685 ea,
2177 624 2336 696 quae
2375 600 2604 687 dicas,

466 723 742 790 ratione
780 733 850 788 et
896 731 1048 786 arte
1090 714 1555 808 distinguere.

560 836 644 900 V.
675 829 944 900 Similia
983 826 1122 896 dici
1152 837 1457 921 possunt
1485 823 1575 892 de
1619 820 2098 918 explicatione
2126 836 2429 909 naturae,
2460 849 2602 919 qua

467 941 537 1009 hi
575 952 921 1023 utuntur,
963 949 1035 1004 et
1064 933 1280 1003 vestri
1313 960 1327 1002 :
1365 958 1605 1028 neque
1635 955 1809 1001 vero
1842 929 1940 1000 ob
1979 930 2157 1001 duas
2185 932 2407 1004 modo
2445 958 2606 1005 cau-

464 1076 613 1135 sa5‚
653 1045 855 1145 quod
892 1045 1210 1143 Epicuro
1255 1043 1564 1130 videtur,
1616 1057 1698 1113 ut
1735 1040 2046 1139 pellatur
2089 1045 2344 1114 mortis
2381 1060 2454 1115 et
2487 1070 2603 1114 ro-

465 1161 747 1255 ligionis
805 1170 1092 1240 mctus;
1158 1152 1280 1223 sed
1344 1154 1555 1223 etiam
1590 1164 1609 1197 ¹
1673 1150 2094 1222 modestiam
2119 1163 2147 1193 ²
2217 1153 2602 1250 quamdam

461 1268 780 1365 cognitio
820 1290 1058 1336 rerum
1102 1264 1489 1335 caelestium
1519 1259 1547 1305 3
1609 1260 1820 1334 affert
1863 1262 1982 1349 iis,
2040 1262 2220 1358 quil*
2271 1262 2602 1347 videant,

461 1395 730 1477 quanta
763 1383 855 1449 sit
884 1379 1098 1448 etiam
1129 1374 1322 1474 apud
1359 1373 1537 1445 deos
1567 1372 2005 1457 moderatio,
2041 1387 2357 1468 quantus
2385 1374 2600 1461 ordo;

460 1506 532 1561 et
572 1488 1140 1585 magnitudinem
1188 1487 1445 1570 animi,
1498 1484 1803 1554 deorum
1847 1507 2067 1579 opera
2109 1498 2180 1553 et
2218 1482 2398 1554 facta
2443 1510 2600 1556 cer-

460 1599 846 1684 nentibus‚·
882 1599 1229 1693 justitiam
1271 1597 1484 1665 etiam
1507 1583 1560 1679 ⁵,
1609 1618 1840 1689 quum
1882 1597 2251 1690 cognitum
2296 1594 2598 1679 habear»,

458 1709 657 1805 quod
704 1713 795 1779 sit
858 1708 1118 1776 summi
1175 1706 1475 1774 rectoris
1519 1718 1593 1774 et
1644 1700 1967 1774 domini6
2014 1729 2331 1793 numen,
2396 1706 2596 1802 quod

457 1820 871 1903 consilium,
907 1841 1068 1914 quae
1102 1815 1432 1885 voluntas
1463 1841 1478 1883 :
1512 1815 1723 1909 cujus
1761 1813 1847 1884 ad
1884 1830 2212 1885 naturam
2255 1829 2450 1913 apta⁷
2490 1843 2594 1888 ra-

460 1933 593 2015 tio,
621 1954 791 1999 vera
819 1927 938 1998 illa
976 1944 1049 1997 et
1081 1950 1359 1997 summa
1393 1923 1509 1995 lex
1537 1949 1576 1994 a
1603 1923 2059 2022 philosophis
2085 1924 2364 1996 dicitur.
2400 1933 2596 1998 Inest

460 2042 532 2108 in
585 2038 833 2110 eadem
881 2037 1361 2134 explicatione
1402 2050 1669 2104 naturae
1712 2032 2133 2106 insatiabilis
2183 2035 2508 2131 quaedam
2557 2064 2597 2108 e

456 2148 977 2247 cognoscendis
1025 2144 1246 2217 rebus
1279 2141 1697 2243 voluptas⁸;
1739 2148 1814 2214 in
1858 2168 2001 2241 qua
2039 2169 2212 2230 una,
2249 2144 2596 2217 confectis

528 2371 549 2402 1
562 2356 611 2402 5.
626 2357 721 2402 Ars
736 2365 898 2401 tamen
921 2362 993 2400 est
1008 2351 1113 2398 dux
1127 2350 1313 2400 certior.
1329 2352 1475 2413 Igno·

453 2446 562 2482 rant
586 2434 717 2497 Spir.
752 2445 801 2481 et
828 2431 931 2480 Erl.
963 2442 1032 2479 est
1050 2448 1067 2477 .·
1096 2430 1232 2493 quod
1270 2431 1321 2476 in
1353 2432 1478 2490 ejus-

454 2511 588 2559 modi
610 2511 759 2558 breve
788 2509 963 2569 dictis,
1000 2509 1221 2573 inprimis
1265 2510 1305 2555 si
1341 2524 1476 2555 com-

452 2591 664 2655 parantis
712 2598 825 2638 sunt
842 2625 857 2648 ‚
910 2588 1323 2637 contemnendum
1372 2603 1477 2634 uon

450 2681 538 2719 est.
565 2672 629 2718 G.

520 2756 583 2799 V.
634 2769 677 2801 1.
715 2752 815 2799 Sed
849 2750 1015 2798 etiam.
1054 2748 1261 2797 Addunt
1308 2749 1475 2797 Lamb.

449 2834 587 2894 quod
602 2866 618 2891 ,
668 2832 836 2880 Davis.
863 2829 983 2894 quia
1002 2846 1022 2885 ,·
1059 2840 1110 2877 et
1136 2844 1251 2875 saue
1278 2829 1375 2885 sic,
1401 2828 1475 2876 vel

447 2912 764 2975 simpliciter,
804 2925 892 2972 per
923 2907 1161 2955 causalem
1191 2908 1475 2970 particulam

448 2990 753 3038 constructio
771 3004 969 3051 pergere
989 2986 1195 3034 debebat
1215 2996 1290 3034 :at
1305 2985 1470 3034 eadem

448 3080 561 3131 post
583 3070 671 3117 sed
693 3068 943 3131 inprimis,
988 3067 1053 3112 ita
1080 3066 1358 3128 frequenter
1382 3082 1470 3114 au·

446 3151 572 3197 ctori
612 3157 844 3206 mutatur,
878 3157 935 3194 ut
963 3145 1073 3192 talia
1107 3143 1354 3192 offendere
1381 3146 1469 3191 mi-

450 3228 579 3275 nime
608 3228 840 3275 debeant.
872 3227 938 3274 G.

516 3324 566 3357 2.
588 3307 877 3355 Modestiam
900 3304 1191 3369 quamdam.
1212 3304 1325 3361 Est,
1350 3317 1469 3366 quo-

442 3389 708 3436 dammodo
737 3383 1050 3451 σωφροσύνην.
1088 3383 1150 3430 G.

512 3469 561 3516 3.
604 3465 894 3515 Coelestium.
933 3467 1073 3512 Hanc
1116 3476 1287 3508 vocem
1331 3460 1471 3522 igno-

443 3558 514 3595 rat
532 3546 664 3594 Gud.
698 3561 744 3604 1,
759 3561 788 3592 2
806 3579 821 3604 ,
839 3554 889 3591 et
915 3546 1024 3592 Bas.
1053 3540 1147 3588 Sed
1165 3555 1315 3603 quum
1331 3539 1468 3602 Phy-

439 3628 536 3674 sica
559 3636 803 3683 veterum,
829 3639 926 3687 que
954 3621 1014 3668 de
1040 3621 1216 3684 agitur,
1246 3640 1269 3662 ι
1292 3619 1468 3681 cogni·

441 3707 512 3753 tio
538 3706 600 3752 sit
624 3720 785 3752 rerum
812 3702 1124 3751 divinarum·-
1141 3731 1157 3756 ,
1186 3708 1235 3745 et
1254 3694 1467 3744 caelestia

438 3785 626 3832 auctori
652 3793 828 3830 cuncta
854 3780 1111 3837 dicantur,
1149 3793 1260 3840 quae
1288 3775 1351 3823 ad
1388 3791 1467 3822 ens

439 3865 726 3921 referamur,
766 3873 912 3925 atque
939 3860 1002 3906 ita
1042 3856 1267 3905 bunuariis
1294 3854 1464 3902 crebro

439 3954 784 4005 opponantur,
822 3941 957 3989 conf.
996 3942 1132 3987 Orat.
1179 3938 1278 3995 34,
1330 3951 1464 3999 ¹¹93

440 4037 589 4082 prave
616 4022 717 4069 haec
743 4036 841 4068 vox
864 4022 1038 4067 omissa
1068 4016 1338 4083 putabitur.
1361 4018 1426 4064 G.

512 4109 560 4154 t..
594 4100 691 4163 Qm'
726 4100 946 4149 videant.
991 4097 1349 4160 Coniunctivus
1383 4095 1464 4143 vi-

1569 2350 1746 2409 deant,
1775 2349 1937 2410 valet,
1983 2350 2197 2414 oquibus
2223 2369 2285 2399 ex
2314 2352 2456 2402 docta
2478 2372 2598 2402 con-

1569 2430 1887 2494 templatione
1909 2430 2074 2477 videre
2105 2431 2278 2479 licet».
2303 2436 2366 2481 G.

1641 2506 1691 2557 5.
1738 2508 1988 2556 Iustitiam
2029 2510 2194 2559 etiam.
2239 2512 2365 2559 Mire
2412 2515 2595 2562 omittit

1567 2587 1702 2637 Gud.
1726 2604 1754 2637 2
1772 2586 2020 2651 justitiam
2051 2588 2198 2637 etiam
2222 2628 2237 2652 ,
2275 2591 2451 2640 horum
2480 2594 2593 2641 loco

1565 2668 1719 2715 nolam
1748 2670 1816 2714 Et
1839 2683 2029 2731 ponem
2049 2682 2062 2716 :
2084 2680 2170 2727 ut,
2196 2688 2304 2734 quae
2323 2673 2592 2734 subjiciun-

1567 2758 1664 2807 tur,
1684 2748 1799 2795 item
1822 2747 1886 2795 ad
1913 2749 2305 2813 magnitudinem
2331 2752 2488 2799 animi
2514 2770 2588 2800 re-

1566 2827 1797 2877 ferantur.
1833 2827 1929 2876 Sed
1978 2845 2141 2893 prave.
2187 2832 2414 2895 Sequitur
2445 2833 2592 2879 etiam

1566 2917 1740 2969 quarta
1767 2908 1923 2955 virtus
1949 2908 2234 2968 cardimus,
2278 2912 2377 2957 veri
2404 2927 2588 2972 cogno—

1560 2986 1728 3034 scendi
1754 2986 1986 3034 studium.
2017 2988 2080 3034 G.

1632 3066 1684 3114 6.
1712 3064 1927 3111 Recton‘s
1956 3074 2002 3110 et
2027 3062 2227 3111 domini.
2255 3066 2388 3114 Goer.
2417 3067 2589 3115 scribit

1560 3161 1624 3191 ac
1648 3160 1741 3206 pro
1786 3155 1851 3191 et.
1891 3143 2005 3203 Sic,
2040 3145 2232 3206 inquit,
2283 3160 2347 3191 ex
2379 3156 2588 3208 quatuor

1559 3223 1760 3287 optimis
1787 3221 1992 3283 nostris,
2027 3223 2204 3286 partim
2228 3223 2416 3270 aurium
2445 3241 2585 3273 causa

1561 3300 1782 3348 dedimus
1801 3335 1816 3359 ‚
1842 3300 2017 3364 partim
2046 3301 2181 3364 quod
2214 3301 2387 3350 erebro
2412 3305 2586 3351 scribae

1559 3380 1693 3426 acin
1720 3390 1769 3427 et
1794 3390 2004 3428 mutant.

1637 3475 1683 3520 7.
1731 3461 1867 3523 Apta
1887 3495 1904 3518 ,
1951 3459 2263 3524 participium
2312 3462 2582 3526 putandum

1559 3549 1648 3595 est,
1667 3538 1700 3587 i.
1722 3555 1764 3585 e.
1785 3560 1809 3580 σι
1828 3538 2221 3599 accommodata,
2248 3541 2391 3588 relata
2406 3564 2447 3589 ι».
2467 3544 2583 3604 Quo

1557 3616 1755 3680 quidem
1779 3617 1896 3665 loco
1919 3616 2193 3665 notandum
2219 3629 2316 3677 est,
2337 3629 2584 3669 auctorem

1557 3696 1704 3744 verba
1746 3698 1816 3745 sic
1855 3696 2114 3760 diligenter
2140 3698 2342 3762 eligere,
2373 3711 2427 3748 ut
2454 3701 2584 3747 Peri-

1554 3776 1766 3840 patetica
1783 3777 1909 3824 ratio
1928 3792 2039 3827 cnm
2065 3793 2119 3825 ea
2143 3780 2418 3827 Stoicorum
2443 3798 2582 3845 paene

1555 3856 1722 3902 eadem
1743 3855 1981 3904 videatur.
2009 3859 2073 3904 G.

1628 3937 1676 3983 8.
1709 3936 1754 3980 E
1780 3935 2130 4000 cognoscendis
2156 3936 2297 3983 rebus
2326 3936 2577 4002 voluptas.

1551 4015 1680 4079 Spir.
1712 4024 1760 4061 et
1787 4015 1886 4063 Eri.
1920 4032 1947 4062 e
1978 4016 2228 4079 ignorant:
2251 4016 2386 4078 quod
2411 4017 2576 4081 aliquo

1553 4094 1706 4141 modo
1744 4093 1939 4142 defendi
1987 4097 2170 4160 possit,
2205 4111 2356 4157 quum
2407 4097 2578 4146 crebro

1579 4330 1614 4351 l

2462 371 2599 462 [⁸47

2648 855 2705 888 lt

2639 1960 2698 1993 12
