3217 4784
153 4489 246 4696 {fii-3:²¹⁸.
237 4463 242 4472 “
187 4376 206 4406 a
205 4293 230 4325 Α,

281 4683 296 4692 θ
277 4551 294 4596 ’.ι
259 4483 266 4490 u
249 4273 272 4304 ²',

855 410 982 477 DE
1027 411 1202 479 FIN.
1255 411 1459 478 BON.
1512 410 1626 477 ET
1674 408 1884 476 MAL.
1935 411 2031 492 V,
2071 409 2183 480 32.

2438 411 2582 512 669

457 548 732 632 pertam
758 588 777 620 ‚
817 556 1035 629 quam
1074 546 1389 619 ceteras;
1433 531 1628 627 quod
1657 528 1947 629 quidam
1988 534 2052 603 ei
2097 531 2344 606 deesse
2389 535 2580 610 dice-

455 645 653 716 bant.
690 646 850 715 Non
888 667 1104 740 quam
1147 658 1465 713 nostram
1499 641 1797 737 quidem
1820 696 1840 729 ‚
1870 643 2106 739 inquit
2137 648 2581 744 Pomponius

450 755 705 848 jocans
725 758 777 821 4.
806 751 947 822 Sed
982 750 1391 822 mehercule
1420 764 1754 847 pergrata,
1774 750 1954 821 mihi
1974 753 2203 824 oratio
2228 769 2371 826 tua.
2410 762 2585 850 Quae

458 865 647 933 enim
685 862 825 932 dici
857 860 1074 931 latine
1104 884 1314 958 posse
1357 885 1507 930 non
1534 858 1960 948 arbitrabar,
1996 885 2079 933 ea
2123 862 2309 936 dicta
2345 883 2517 938 sunt
2544 894 2585 939 a

460 990 565 1056 te,
606 996 740 1043 nec
776 972 1014 1052 minus
1041 969 1285 1068 plane,
1321 993 1540 1068 quam
1570 968 1914 1040 dicuntur
1935 995 1976 1042 a
2003 975 2304 1064 GraeciS‚
2348 976 2587 1050 verbis

451 1083 636 1180 aptis
656 1070 708 1150 ⁵.
748 1079 883 1152 Sed
914 1094 1202 1177 tempus
1235 1094 1379 1166 est,
1422 1082 1480 1150 si
1515 1077 1805 1150 videtur
1839 1106 1856 1148 ε
1907 1094 1977 1151 et
2004 1079 2254 1154 recta6
2288 1086 2585 1183 quidem

452 1193 541 1263 ad
591 1215 725 1261 me.
775 1187 992 1278 Quod
1033 1213 1263 1287 quum
1301 1188 1420 1260 ille
1456 1187 1790 1277 dixisset,
1829 1204 1902 1261 et
1937 1193 2105 1261 satis
2137 1191 2583 1291 disputatum

452 1302 823 1373 videretur
848 1355 868 1388 ‚
918 1302 992 1370 in
1045 1299 1398 1399 oppidum
1451 1300 1542 1371 ad
1586 1302 2072 1396 Pomponium
2139 1307 2586 1400 perreximus

456 1435 708 1482 omnes
718 1467 730 1479 .

459 1569 619 1618 thesin
639 1567 856 1632 neglexit
873 1602 890 1627 ‚
910 1580 1054 1630 quam
1064 1564 1246 1630 igitur,
1273 1574 1330 1612 ut
1354 1580 1483 1629 sepe

456 1649 611 1704 solet,
643 1645 859 1708 excipit:
900 1644 1041 1705 cujus
1066 1644 1201 1708 signa
1230 1646 1480 1692 revocavi-

455 1721 1207 1786 mus.-—Ceterumpossessiones
1220 1737 1482 1788 opponun-

458 1817 537 1853 tur
553 1801 853 1868 supellectili,
873 1813 930 1850 ut
946 1801 1118 1850 dor‘nus
1132 1836 1147 1861 ,
1166 1812 1250 1850 aut
1270 1801 1400 1851 villa
1421 1802 1482 1850 iis

457 1883 629 1943 rebus,
657 1898 778 1947 quas
797 1881 858 1929 ad
885 1897 1028 1929 usum
1057 1881 1328 1930 incolarum
1347 1896 1481 1929 com·

456 1966 750 2030 plectuntur.
768 1988 840 1998 —
856 1963 1064 2009 Possess.
1079 1993 1095 2009 .
1111 1994 1124 2007 .
1138 1993 1151 2006 .
1164 1957 1478 2022 reliquorum.

455 2048 575 2093 Haec
596 2043 659 2092 sd
679 2041 864 2105 reliqua
892 2038 1217 2104 philosophias
1236 2034 1478 2103 συστήμα·

455 2141 517 2173 τα
570 2133 808 2188 spectant.
863 2119 1009 2169 Unde
1059 2133 1240 2167 errasse
1287 2117 1480 2165 videtur

455 2204 568 2267 gall.
580 2205 781 2266 interpr.
803 2200 890 2264 qui
903 2214 916 2247 ε
937 2199 1066 2248 cetea
1087 2196 1391 2262 philosophie
1401 2231 1414 2245 .
1425 2231 1440 2244 .
1452 2232 1466 2247 .

453 2281 575 2331 done
588 2299 615 2346 J
624 2278 851 2329 'estimais
860 2311 985 2326 .....
997 2278 1069 2325 lcs
1104 2275 1336 2324 richesscs
1361 2277 1477 2340 plus

455 2379 548 2427 que
567 2375 671 2410 eous
700 2362 764 2409 les
791 2355 961 2407 veson
983 2358 1050 2405 du
1077 2356 1270 2404 monde.

525 2452 577 2497 4.
609 2441 717 2488 Non
744 2453 894 2502 quam
914 2447 1127 2484 nostram
1153 2433 1379 2499 quidem,
1401 2433 1477 2481 in·

456 2521 560 2586 quit
593 2516 887 2584 Pomponius
916 2514 1113 2582 jocans.
1145 2516 1190 2561 1.
1225 2530 1268 2561 e.
1307 2535 1334 2556 ιι
1373 2529 1476 2561 non

454 2601 748 2656 acutiorem,
775 2612 943 2662 quam,
970 2605 1104 2643 etc.»
1121 2597 1231 2643 Hoc
1253 2593 1477 2641 librarios

454 2698 555 2729 uon
576 2679 753 2728 vidisse
786 2677 917 2726 baud
944 2676 1120 2724 mirum
1149 2684 1224 2722 est
1256 2685 1270 2719 t
1308 2670 1437 2721 unde
1457 2709 1472 2731 ‚

455 2771 632 2824 praeter
679 2759 823 2807 binos
870 2756 982 2805 illos
1002 2790 1018 2817 ‚
1073 2753 1249 2818 reliqui
1321 2753 1478 2800 nostri

457 2854 657 2896 omnes,
679 2850 734 2886 ut
760 2836 910 2884 ceteri
931 2835 1139 2882 aliorum
1155 2869 1169 2892 ‚
1189 2847 1474 2896 numquam.

456 2916 661 2981 Quidem
692 2916 917 2979 ignorant
955 2914 1065 2959 Bas.
1106 2921 1158 2958 et
1185 2909 1318 2959 Gud.
1345 2920 1481 2959 uter-

453 3011 579 3061 que;
614 2995 699 3043 sed
729 2996 832 3041 sine
862 2991 963 3039 ulla
985 2992 1114 3052 iusta
1132 3004 1292 3036 causa.
1320 2990 1382 3036 G.
1405 3014 1475 3025 —

452 3075 678 3124 Ceterum
696 3073 833 3122 Goer.
867 3066 1170 3133 transposuit
1204 3081 1315 3114 cum
1342 3064 1475 3114 Gud.

461 3168 481 3201 1
500 3165 549 3201 et
568 3155 734 3201 Marso
757 3146 1051 3213 Pomponius
1074 3143 1264 3210 inquin-
1290 3159 1441 3208 quum
1458 3178 1472 3202 ,

452 3235 611 3298 inquit
620 3268 635 3291 ,
662 3249 726 3280 ex
737 3240 864 3279 certa
875 3226 1087 3277 auctori·
1103 3223 1265 3290 regula
1278 3260 1294 3283 ,
1316 3222 1477 3288 inquit

453 3313 756 3361 enuntiatum
794 3325 896 3358 non
936 3306 1106 3364 ducat,
1151 3302 1239 3353 sed
1264 3312 1348 3351 sut
1375 3318 1474 3352 me·

453 3392 537 3441 dio
561 3393 911 3456 interponatur,
935 3398 1020 3435 aut
1041 3385 1172 3435 idem
1190 3382 1402 3432 claudet.

528 3473 575 3521 5.
613 3474 690 3518 Ea
716 3469 849 3518 dicta
884 3478 996 3514 sunt
1022 3483 1056 3513 a
1082 3477 1157 3525 te,
1181 3481 1231 3513 n.
1254 3480 1319 3512 m.
1337 3479 1393 3528 p.
1419 3479 1469 3527 q.

453 3551 678 3599 dicuntur
697 3566 731 3596 a
757 3546 971 3610 Groecis,
991 3544 1153 3594 νει-δίε
1170 3542 1311 3608 aptis.
1326 3544 1445 3591 Hac
1458 3579 1474 3602 ,

453 3631 644 3694 quoties
677 3629 908 3694 legimus,
945 3625 1298 3692 displicuerunt
1323 3637 1337 3671 ε
1359 3638 1471 3670 uam

452 3724 760 3773 quocumque
787 3721 932 3755 voces
947 3740 962 3765 ,
980 3704 1143 3754 verbis
1166 3701 1317 3769 aptis,
1333 3712 1467 3751 retu-

351 3807 360 3846 3
417 3839 430 3848 .
451 3787 590 3846 loris,
623 3787 822 3836 taediose
858 3783 1148 3833 redundant.
1191 3782 1303 3831 Sive
1338 3780 1469 3829 enim

451 3881 504 3914 ea
530 3867 599 3914 sic
630 3864 985 3922 construxeris,
1012 3872 1068 3911 ut
1106 3860 1168 3909 sd
1202 3860 1311 3923 illa,
1335 3859 1470 3909 dicta

1571 1576 1689 1614 sune
1708 1583 1744 1614 a
1774 1578 1850 1629 ee,
1892 1568 2196 1633 interpositis
2218 1570 2418 1619 seorsim
2447 1588 2588 1622 neee-

1568 1645 1669 1711 μὴ
1686 1680 1703 1706 ,
1763 1646 2066 1709 referamus-3
2115 1648 2228 1709 jure
2274 1665 2543 1713 quatemus
2571 1690 2586 1712 ‚

1569 1723 1823 1789 quomodo
1839 1726 1996 1789 plane
2020 1726 2119 1774 diei
2143 1725 2264 1791 quid
2286 1729 2466 1793 possit,
2490 1731 2588 1780 nisi

1568 1803 1732 1852 verbis
1756 1803 1882 1869 aptis
1906 1822 1926 1852 .-
1952 1805 2057 1853 sive
2091 1805 2245 1869 plane
2269 1808 2435 1856 verbis
2460 1811 2589 1876 aptis

1561 1882 1812 1942 junxeris,
1838 1892 1896 1931 ut
1906 1883 2065 1947 plane
2083 1918 2098 1943 ,
2113 1899 2320 1947 prorsus
2346 1898 2511 1947 notet,
2538 1901 2589 1938 et

1564 1970 1857 2010 structuram
1874 1960 2078 2010 nimium
2098 1974 2375 2012 contortam
2392 1966 2588 2015 mirabi-

1563 2056 1676 2088 mur
1690 2074 1706 2100 ,
1750 2051 1799 2089 et
1844 2040 1981 2106 quod
2017 2053 2190 2090 auctor
2238 2059 2343 2091 non
2384 2060 2587 2109 pror-sus

1563 2120 1725 2184 ipsum
1758 2119 2003 2180 maluerit,
2032 2120 2398 2185 ambiguitatem
2431 2125 2585 2173 decli·

1562 2214 1705 2247 nans.
1719 2198 1912 2262 Quibus
1927 2199 1969 2246 si
1983 2216 2151 2264 vagam
2163 2200 2425 2252 lectionem
2437 2205 2586 2254 trium

1561 2278 1811 2342 potiorum
1864 2288 2147 2326 nostrorum
2199 2295 2534 2346 comparamus
2568 2300 2585 2344 ;

1562 2357 1692 2422 Spir.
1713 2358 1842 2405 enim
1860 2367 1912 2405 et
1929 2355 2030 2406 Erl.
2052 2378 2079 2400 α
2098 2357 2241 2421 plene
2260 2361 2422 2409 verbis
2457 2396 2471 2408 .
2486 2398 2501 2411 .
2515 2397 2528 2411 .
2555 2380 2583 2410 a

1560 2435 1750 2486 Graecis
1793 2436 1922 2501 aptis
1971 2457 2016 2484 υ.
2062 2436 2194 2485 Gud.
2225 2453 2283 2495 ο,
2318 2460 2345 2482 αι
2371 2455 2400 2487 e
2426 2440 2585 2489 verbis

1564 2515 1750 2563 Graecis
1776 2514 1904 2581 aptis
1927 2527 1941 2560 ε
1969 2537 1996 2557 ιι
2030 2515 2285 2578 probabile
2305 2534 2420 2568 ssne
2439 2520 2587 2569 nobis

1560 2593 1758 2642 videtur
1776 2629 1792 2654 ,
1816 2594 1933 2642 istas
1959 2593 2103 2642 binas
2131 2611 2278 2645 voees
2311 2615 2376 2647 ex
2401 2598 2587 2662 glosse-

1561 2683 1688 2721 mate
1708 2672 1772 2720 ad
1793 2671 2077 2737 particulam
2085 2674 2245 2739 plane
2262 2675 2508 2743 adscripto
2532 2679 2587 2730 in

1562 2761 1698 2800 texta
1725 2750 1935 2800 venisse.
1976 2752 2184 2801 Accedit
2226 2756 2371 2804 etiam
2412 2757 2547 2821 qnod
2565 2792 2581 2815 ‚

1561 2848 1714 2895 quum
1756 2832 1984 2896 primarie
2024 2832 2276 2882 sententie
2309 2836 2448 2884 notio
2489 2837 2551 2886 sit
2566 2871 2581 2896 ‚

1561 2909 1666 2958 dici
1705 2910 1890 2968 latine,
1926 2911 2037 2971 jure
2070 2922 2321 2974 exspectes
2345 2916 2584 2964 secunda-

1560 2990 1709 3051 riam,
1732 2987 1962 3036 dicuntur
1983 3004 2019 3035 a
2047 2988 2260 3048 Gra-cis,
2286 2991 2339 3039 in
2365 2993 2583 3054 ejusdem

1560 3064 1661 3114 fine
1679 3066 1890 3131 positam
1921 3082 1934 3113 :
1962 3081 2073 3130 qum
2095 3067 2224 3115 enim
2243 3069 2583 3122 collocationis

1560 3147 1689 3194 ratio
1733 3144 2033 3209 singularum
2058 3146 2449 3197 enuntiationum
2476 3162 2550 3199 est
2567 3188 2581 3212 ,

1560 3223 1724 3272 eadem
1768 3233 1843 3271 est
1880 3223 2024 3271 etiam
2061 3224 2357 3290 integrarum
2390 3240 2581 3279 senten·

1560 3303 1753 3350 tiarum.
1782 3328 1855 3340 —
1893 3300 2126 3366 Schijtzio
2146 3321 2230 3355 vv.
2257 3307 2424 3356 verbis
2453 3310 2583 3373 aptt‘s

1558 3382 1771 3447 genuina
1793 3382 2022 3431 videntur
2035 3416 2052 3443 ,
2099 3383 2186 3432 sed
2220 3390 2579 3452 transponenda

1558 3472 1678 3528 post
1717 3461 1855 3511 dicta
1890 3479 1927 3511 a
1964 3473 2029 3511 ee.
2065 3462 2142 3511 cf.
2168 3463 2278 3513 Fin-
2301 3468 2354 3528 1,
2382 3482 2494 3533 cap.
2522 3469 2582 3534 3,

1558 3542 1646 3591 ubi
1673 3541 1734 3591 de
1756 3542 1977 3608 Epicuro
1996 3544 2208 3595 Noster:
2236 3566 2260 3589 ι
2281 3545 2579 3612 complecti·

1560 3634 1642 3671 tur
1671 3621 1836 3669 verbis
1876 3621 2012 3695 quod
2046 3621 2153 3670 vult
2167 3655 2185 3683 ‚
2214 3633 2266 3673 et
2291 3623 2413 3674 dicit
2436 3627 2582 3692 plane

1558 3696 1694 3768 qllod
1716 3700 1982 3765 intelligam
2004 3722 2050 3749 n·

1628 3771 1679 3831 6'.
1705 3782 1995 3830 Etr-ecca...
2023 3780 2203 3830 adn-e.
2230 3784 2272 3833 1.
2297 3800 2339 3833 e.
2363 3794 2493 3833 recte
2517 3785 2581 3834 sd

1557 3860 1758 3910 domum
1785 3877 1943 3910 meam
1970 3861 2240 3911 tendamus.

1068 4030 1963 4064 *—
