3217 4784
700 490 841 537 220

1358 467 1456 533 M.
1509 467 1584 532 T.
1641 466 2123 535 CICERONIS

699 605 842 660 tem
881 587 968 658 ad
1012 585 1426 671 utilitatem,
1478 599 1815 672 acutum,
1857 601 2226 656 versutum
2253 640 2271 671 ,
2325 602 2821 679 veteratorem,

695 698 899 769 facile
927 712 1008 768 ut
1038 699 1416 791 excogitet,
1430 721 1580 794 quo
1609 695 1828 767 modo
1859 695 2234 783 occulte13.
2266 699 2420 769 sine
2449 715 2647 788 teste,
2666 704 2823 774 sine

593 824 658 887 54
696 805 846 876 ullo
879 807 1169 875 conscio
1206 802 1421 874 fallat.
1460 809 1570 876 An
1636 818 1715 875 tu
1771 830 1886 876 me
1953 804 2043 877 de
2094 810 2173 875 L.
2202 807 2492 879 Tubulo
2515 810 2574 865 ¹⁴
2615 827 2822 908 putas

695 914 977 985 dicere?
1019 916 1143 1011 qui
1166 968 1184 1001 ,
1218 940 1447 1013 quum
1486 930 1751 1012 praetor
1793 917 2495 1011 quaestioneminter
2530 924 2821 993 sicarios

695 1024 1158 1110 exercuisset,
1198 1025 1299 1093 ita
1332 1039 1575 1121 aperte
1614 1022 1888 1121 cepit¹5
1926 1028 2264 1122 pecunias
2301 1025 2401 1097 ob
2436 1054 2588 1100 rem
2621 1032 2818 1125 judi-

694 1131 1028 1219 candam,
1066 1147 1147 1203 ut
1184 1157 1377 1204 anno
1432 1134 1761 1230 proximo
1790 1136 1868 1203 P.
1903 1133 2242 1221 Scaevola‚
2287 1134 2626 1207 tribunus
2665 1138 2818 1234 ple·

693 1242 841 1328 bis,
872 1240 1087 1313 ferret
1124 1242 1213 1314 ad
1248 1242 1575 1341 plebem,
1608 1242 1971 1314 vellentne
2001 1242 2093 1337 de
2131 1267 2213 1314 ea
2252 1269 2330 1315 re
2365 1249 2611 1341 quaeri.
2651 1250 2818 1337 Quo

693 1350 1072 1448 plebiscito
1098 1350 1183 1439 ¹⁶,
1239 1352 1526 1424 decreta
1592 1376 1633 1422 a
1693 1368 1945 1423 senatu
2012 1369 2118 1425 est
2185 1354 2466 1425 consuli
2519 1360 2818 1453 quaestio

691 1465 826 1532 Cn.
855 1464 1207 1560 Coepioni.
1252 1460 1623 1535 Profectus
1661 1463 1736 1532 in
1779 1464 2107 1535 exsilium
2162 1463 2490 1555 Tubulus
2541 1469 2814 1552 statim,

695 1597 830 1643 nec
866 1573 1306 1670 respondere
1342 1583 1670 1644 ausus¹⁷.
1710 1556 1884 1642 Erat*
1913 1576 2112 1644 enim
2153 1598 2261 1644 res
2303 1588 2569 1671 aperta.

766 1738 845 1786 13.
880 1738 1127 1800 Quomodo
1154 1736 1355 1785 occulte.
1384 1740 1591 1786 Goerenz
1620 1738 1706 1785 de-

688 1817 756 1866 let
784 1818 943 1866 modo.
972 1820 1140 1878 Hauc,
1159 1818 1355 1880 inquit,
1378 1818 1603 1879 ignorant
1623 1832 1712 1863 vo·

690 1914 796 1944 cem
817 1895 948 1947 Gud.
971 1907 1201 1960 uterque,
1238 1897 1346 1942 Bas.
1379 1897 1576 1944 Oxoun.
1600 1913 1635 1958 χ
1663 1904 1712 1942 et

691 1971 737 2039 ψ.
753 1978 919 2024 Recte.
939 1976 1065 2023 Nam
1086 1974 1226 2020 locus
1242 1974 1313 2019 sic
1335 1972 1598 2036 capiendus
1613 1985 1706 2022 est:

690 2077 715 2094 ι
739 2064 797 2101 ut
822 2054 963 2101 facile
987 2053 1231 2120 excogitet
1246 2048 1470 2114 aliquid,
1497 2067 1598 2113 quo
1632 2085 1646 2100 .
1661 2088 1672 2099 .
1687 2086 1701 2100 .

690 2133 853 2183 fallere
878 2132 1033 2196 possit
1062 2152 1107 2179 a.
1145 2130 1295 2177 Modo
1333 2124 1495 2179 autem
1530 2131 1712 2195 ubique

692 2210 874 2258 intrudi
909 2208 1063 2256 solere
1087 2224 1229 2256 nemo
1265 2210 1472 2273 ignorat.
1502 2211 1577 2259 Cf.
1605 2213 1708 2259 Ant.

693 2289 783 2345 IV,
808 2304 886 2351 cp.
932 2290 990 2343 8,
1028 2310 1050 2331 ι
1091 2289 1283 2336 interim
1327 2292 1573 2354 excogita,
1609 2307 1714 2356 quo

691 2366 868 2414 rectius
885 2367 976 2414 ista
996 2378 1228 2415 curentur
1247 2389 1290 2415 a.

769 2454 849 2503 ¹⁴·
874 2448 932 2495 L.
972 2447 1171 2495 nabulo.
1203 2449 1277 2494 De
1312 2463 1371 2494 eo
1400 2448 1464 2497 cf.
1503 2449 1565 2497 de
1592 2449 1709 2498 Nat.

692 2526 839 2575 Deor.
862 2529 962 2588 111,
992 2527 1074 2575 51.

768 2606 848 2653 15.
903 2609 1059 2669 Quum

692 2695 859 2747 aperte
905 2684 1048 2749 cepit.
1087 2687 1158 2733 Ita
1210 2686 1381 2750 scripti
1430 2698 1708 2749 veteresque

690 2763 913 2827 impressi
938 2763 999 2812 ad
1025 2780 1173 2812 uuum
1203 2780 1388 2813 omnes.
1417 2767 1484 2813 At
1508 2766 1625 2812 Ern.
1646 2764 1708 2811 de

690 2858 780 2893 suo
793 2854 1039 2893 exerceret
1064 2842 1200 2892 dedit
1218 2878 1235 2905 ,
1256 2860 1437 2907 quum,
1467 2844 1510 2890 si
1538 2842 1706 2907 vulga-

692 2933 793 2970 tum
814 2935 943 2972 recte
967 2940 1019 2971 se
1049 2923 1245 2971 haberet
1268 2957 1280 2979 ,
1330 2924 1381 2969 in
1406 2939 1541 2991 seqq.
1566 2937 1704 2984 cepe-

688 3014 794 3064 rat,
821 3018 924 3066 uon
946 3003 1069 3069 oepit
1098 3005 1333 3067 scriptum
1361 3017 1462 3049 esse
1489 2999 1704 3053 deberet.

689 3082 862 3145 Neque
907 3092 1023 3148 post
1084 3082 1403 3146 quaestionem
1450 3081 1706 3144 pecuniam

688 3162 843 3226 accipi
863 3198 879 3223 ,
914 3162 1001 3210 sed
1027 3163 1144 3211 dum
1170 3178 1244 3211 res
1265 3159 1514 3221 judicetur
1549 3175 1567 3208 τ
1592 3160 1708 3209 inde

689 3240 806 3289 addi
832 3258 1027 3308 quoque
1044 3276 1060 3302 ,
1087 3264 1112 3283 ‹-
1131 3242 1197 3289 ob
1217 3257 1317 3289 rem
1335 3239 1706 3301 judicandam».

689 3322 846 3369 Brcmi
864 3356 878 3381 ,
906 3321 1037 3369 huuc
1052 3331 1288 3384 sequutus
1302 3355 1317 3379 ,
1340 3320 1469 3369 idem
1490 3330 1709 3368 testatur.

691 3400 825 3461 Quid
853 3399 1003 3462 igitur
1022 3399 1380 3462 iudicandum?
1408 3402 1589 3447 Locmu
1608 3415 1709 3459 nou

692 3495 793 3527 csse
814 3476 1175 3527 sollicitandum
1192 3511 1207 3536 ‚
1230 3477 1317 3527 sed
1341 3494 1489 3541 quum
1515 3478 1575 3525 de
1599 3490 1712 3526 tem·

693 3574 810 3621 pore
846 3555 1215 3619 accipiendum,
1250 3559 1327 3603 cui
1366 3558 1713 3619 conjunctivus

693 3652 828 3699 aeque
872 3644 1019 3697 atque
1064 3633 1357 3684 indicativus
1400 3635 1519 3683 addi
1571 3635 1713 3684 solet.

692 3714 818 3763 Poni
849 3724 1010 3761 autem
1044 3713 1093 3761 h.
1120 3713 1155 3762 1.
1180 3714 1563 3780 plusquamperf.
1592 3715 1713 3762 rela-

695 3804 797 3843 tum
833 3793 896 3841 ad
929 3810 982 3840 ea
1004 3826 1019 3849 ,
1059 3808 1169 3857 quae
1184 3794 1421 3857 proximo
1447 3809 1579 3840 anno
1611 3794 1714 3854 ejus

694 3873 762 3919 rei
794 3888 939 3920 causa
977 3873 1103 3919 facta
1131 3885 1403 3922 narrantur.
1433 3871 1567 3920 Addi
1595 3888 1712 3921 vero

693 3952 755 3999 ad
782 3968 962 4016 queem,
994 3953 1036 3999 si
1071 3962 1143 3998 est
1171 3954 1401 4017 temporis
1420 3988 1435 4011 ,
1463 3952 1711 4011 conjunct.

691 4048 893 4096 quoque
917 4031 1103 4089 solere,
1145 4030 1296 4079 multa
1324 4032 1432 4078 locs
1462 4040 1711 4078 testantur.

693 4112 843 4161 Conf.
887 4112 999 4161 Nat.
1037 4112 1187 4158 Deor.
1229 4109 1317 4157 lib.
1354 4112 1407 4165 1,
1459 4124 1554 4167 Μ,
1600 4109 1661 4171 57
1695 4124 1707 4157 :

693 4214 719 4239 σε
740 4192 893 4255 quue
931 4206 1083 4255 quum
1113 4206 1267 4252 sape,
1297 4198 1429 4248 tum,
1469 4204 1620 4251 quum
1667 4199 1712 4236 tc

1246 2608 1535 2655 exercuisset
1565 2642 1583 2664 ‚
1634 2607 1710 2655 ica

1797 1737 2039 1797 audirem,
2081 1738 2246 1802 paullo
2274 1750 2386 1786 autc
2422 1740 2698 1801 contigit».
2736 1742 2812 1789 Ibi

1799 1816 1828 1880 S
1859 1815 1960 1881 59:
2005 1819 2283 1866 «Zenonem
2320 1854 2333 1867 .
2358 1855 2370 1866 .
2392 1851 2404 1864 .
2428 1833 2580 1882 quum*
2611 1817 2818 1868 Athenis

1798 1913 1946 1944 essem
1968 1930 1984 1954 ,
2037 1896 2289 1944 audiebam
2332 1897 2606 1960 Frequenter
2648 1920 2686 1945 ιι.
2734 1900 2811 1947 Μ.

1798 1976 2018 2026 Marcell.
2067 1987 2096 2034 4
2117 2011 2132 2034 ,
2190 1993 2251 2023 10
2284 1990 2296 2024 :
2324 1997 2348 2017 α
2384 1972 2620 2039 Equidem
2663 1994 2814 2041 quum

1797 2057 2018 2105 Marcelli
2055 2089 2069 2103 .
2083 2092 2094 2104 .
2108 2092 2119 2104 .
2140 2056 2378 2119 lacryma
2395 2055 2546 2103 modo
2565 2056 2812 2105 vobiscum

1798 2136 2011 2184 viderem
2026 2158 2078 2196 a,
2106 2137 2190 2184 ubi
2220 2138 2338 2184 Em.
2361 2136 2593 2184 videbam
2618 2136 2786 2184 suadet
2802 2172 2816 2196 ,

1797 2227 1892 2265 otc.
1918 2218 2078 2265 Nemo
2104 2227 2265 2265 autem
2293 2227 2426 2264 recte
2457 2215 2748 2272 offenderit,
2773 2216 2816 2262 si

1797 2306 1969 2343 auctor
1995 2298 2282 2362 scripsisset,
2302 2318 2327 2337 α
2347 2298 2432 2358 qui
2447 2328 2462 2353 ,
2484 2311 2543 2342 eo
2567 2307 2783 2357 mmpore
2799 2326 2816 2352 .

1798 2392 1902 2439 quo
1919 2387 2101 2440 praetor
2124 2411 2138 2424 .
2153 2410 2166 2421 .
2180 2407 2195 2421 .
2220 2374 2402 2430 fuerat,
2418 2373 2485 2420 itu
2504 2382 2668 2436 aperte
2687 2374 2818 2436 cepit

1797 2454 2026 2517 peoeniss
2053 2488 2067 2501 .
2084 2489 2096 2501 .
2118 2485 2133 2499 .
2159 2462 2214 2498 ut
2241 2487 2252 2497 .
2272 2483 2285 2497 .
2301 2481 2313 2494 .
2343 2452 2487 2523 seruet
2508 2470 2562 2497 ι.
2588 2451 2816 2497 Ceteru-

1796 2530 2122 2594 proetereundi
2147 2544 2248 2576 non
2271 2538 2385 2574 mut
2409 2527 2546 2574 Gud.
2581 2542 2601 2572 ι
2630 2537 2678 2573 et
2703 2528 2814 2588 Bas.
2841 2576 2844 2577 ⁷

1795 2610 1879 2671 qui
1909 2607 2137 2670 «accepit
2174 2606 2428 2670 pecuniam
2475 2605 2540 2652 ob
2580 2621 2656 2651 res
2683 2605 2817 2663 jndi-

1795 2686 1971 2734 cnndss
1993 2701 2052 2735 a:
2084 2685 2172 2733 sed
2198 2683 2372 2733 scribis
2395 2684 2504 2732 hoec
2541 2684 2691 2732 lectio
2731 2685 2818 2732 dc-

1795 2765 1898 2813 heri
1918 2764 2127 2813 videtur.
2150 2766 2215 2814 G.

1871 2845 1951 2892 16.
2006 2846 2123 2907 Quo·
2155 2841 2422 2907 plebiscito.
2448 2841 2655 2889 Goerenz
2694 2845 2815 2890 scri·

1792 2923 1868 2973 hit
1905 2922 2188 2983 disiunctim
2214 2938 2314 2986 qno
2354 2920 2487 2985 plebi
2528 2918 2664 2970 scito.
2692 2924 2816 2970 Sunt

1795 3003 1926 3064 hoec,
1963 3004 2124 3067 inquit
2144 3037 2160 3063 ,
2178 3002 2387 3053 ablativa
2416 3003 2772 3065 consequentia
2800 3017 2813 3048 z

1796 3101 1945 3148 prave
2011 3083 2162 3147 igitur
2216 3099 2312 3131 una
2377 3097 2496 3129 voce
2549 3080 2774 3144 vulgatur
2797 3114 2816 3137 ,
2861 3108 2870 3121 .

1792 3162 2056 3228 plebiscito.
2116 3161 2230 3212 Bini
2270 3178 2298 3209 e
2343 3159 2524 3209 uostris
2568 3160 2750 3207 rectius
2788 3176 2818 3205 a

1796 3244 1942 3293 nobis
1968 3243 2152 3293 editum
2178 3240 2457 3289 firmnn—
2473 3237 2652 3295 Solve,
2680 3237 2818 3285 ..hoc

1798 3340 1950 3390 quum
1973 3321 2312 3387 plebiscitum
2366 3326 2582 3375 esset-3
2627 3316 2662 3364 i.
2705 3332 2749 3362 e.
2776 3332 2811 3361 a

1790 3403 2060 3468 plebe-Res
2087 3402 2190 3464 ipss
2216 3410 2324 3447 acta
2341 3407 2417 3446 est
2439 3411 2552 3443 ann.
2580 3397 2701 3442 612.
2729 3396 2806 3443 Cf.

1799 3481 1956 3544 Pighii
1978 3480 2189 3529 Annales
2202 3478 2262 3526 sd
2280 3477 2332 3525 h.
2350 3492 2431 3523 an.
2451 3489 2557 3537 pag.
2580 3474 2704 3531 4803
2728 3472 2810 3518 cll.

1800 3562 1916 3606 Em.
1942 3558 2021 3606 Cl.
2045 3559 2176 3607 Hist.
2199 3556 2262 3605 ad
2285 3558 2339 3603 L.
2368 3552 2604 3602 Tubulus.

1879 3654 1959 3697 ¹7·
2001 3639 2207 3685 Decreta
2242 3667 2282 3682 ..
2304 3668 2317 3681 .
2348 3630 2631 3695 respondere
2651 3645 2817 3676 anesus.

1801 3718 1920 3764 Hac
1945 3731 2049 3763 nou
2078 3715 2200 3763 bene
2230 3714 2347 3761 Era.
2377 3711 2447 3757 sic
2474 3708 2624 3756 scribi
2649 3707 2782 3754 malit
2806 3720 2819 3752 ε

1804 3817 1829 3836 ιι
1852 3793 2042 3842 decreta
2069 3810 2100 3841 a
2119 3809 2159 3841 s.
2188 3788 2389 3841 Consuli
2426 3787 2695 3851 quaestions
2720 3788 2813 3835 Cn.

1799 3874 2023 3937 Caspiani
2039 3908 2054 3932 ,
2095 3872 2343 3935 profectus
2367 3879 2441 3915 est
2460 3902 2477 3928 ,
2503 3876 2597 3915 etc.
2621 3888 2645 3907 a·
2670 3868 2820 3928 (nam

1795 3951 1935 4015 quod
1966 3952 2040 3998 vel
2068 3952 2137 3998 sic
2175 3947 2424 3996 distinctio
2464 3945 2672 3995 maxima
2707 3958 2820 4011 post

1804 4030 2022 4095 Caepioni
2056 4029 2219 4076 relicta
2264 4036 2338 4074 est
2355 4059 2370 4082 ‚
2416 4025 2690 4089 typothctis
2735 4028 2818 4075 tri-

1799 4111 1947 4173 bues)
1981 4106 2336 4168 conjiciendum
2368 4105 2511 4153 etism
2533 4103 2823 4169 decretaque

1802 4200 1919 4237 erat.
1947 4191 2019 4235 Ita
2059 4184 2255 4249 quidem
2298 4184 2469 4232 melius
2505 4182 2688 4248 relique
2715 4183 2821 4232 coi-

2294 4266 2309 4303 Ι
