3217 4784
783 414 906 479 DE
964 412 1131 478 FIN.
1187 413 1392 481 BoN.
1446 415 1558 480 ET
1611 416 1824 481 MAL.
1877 418 2014 500 lv,
2076 443 2129 485 ι.
2386 406 2526 507 ,435

401 531 688 600 hercule
735 532 1008 602 soleo¹¹
1060 547 1331 602 temere
1381 549 1634 605 contra
1679 541 1979 623 stoicos;
2020 564 2168 610 non
2205 567 2356 637 quo
2393 546 2531 617 illis

394 641 783 711 admodum
823 644 1191 726 assentiar,
1233 642 1360 712 sed
1393 644 1674 739 pudore
1710 648 2113 745 impedior:
2157 652 2250 723 ita
2306 656 2530 727 multa

392 750 676 837 dicunt,
706 776 864 847 quae
894 753 1007 820 vix
1047 751 1463 847 intelligam.
1493 751 1818 826 Obscura
1839 812 1857 843 ‚
1899 760 2174 855 inquit.
2203 766 2530 858 quaedam

389 885 539 929 csse
577 860 971 945 confiteor3
1010 883 1145 930 nec
1185 874 1428 930 tamen
1468 861 1560 932 ab
1600 863 1739 934 illis
1787 869 1885 936 ita
1923 868 2269 942 dicuntur
2300 874 2390 946 de
2427 879 2532 947 in-

388 969 693 1058 dustria;
718 971 842 1042 sed
877 973 1066 1041 inest
1102 972 1178 1041 in
1211 970 1430 1044 rebus
1469 974 1644 1070 ipsis
1680 975 2102 1051 obscuritas.
2140 988 2287 1055 Cur
2317 987 2532 1082 igitur

385 1080 673 1152 easdem
709 1107 861 1167 reS‚
895 1084 1191 1177 inquam
1213 1085 1733 1180 ‚peripateticis
1752 1085 2196 1179 dicentibus,
2221 1096 2529 1168 verbum

388 1191 668 1261 nullum
698 1207 840 1278 est,
867 1191 1067 1288 quod
1104 1216 1256 1263 non
1293 1193 1780 1292 intelligatur?
1817 1198 2218 1273 Easdemne
2250 1229 2390 1290 reS,
2424 1211 2531 1277 in-

386 1302 590 1396 quit?
618 1326 709 1371 an
749 1327 1007 1399 parum
1047 1302 1388 1391 disserui,
1425 1328 1576 1375 non
1608 1304 1846 1376 verbis
1874 1309 2137 1380 stoicos
2172 1336 2212 1381 a
2256 1318 2531 1413 peripa-

386 1414 615 1483 teticis
641 1468 659 1501 ‚
701 1411 827 1484 sed
866 1415 1202 1485 universa
1255 1438 1331 1483 re
1375 1428 1447 1484 et
1485 1428 1637 1484 tota
1672 1419 2028 1488 sententia
2063 1420 2532 1495 dissiderem?

388 1528 638 1619 Atqui,
668 1528 967 1620 inquam
987 1579 1005 1610 ‚
1034 1528 1251 1607 Cato,
1279 1524 1337 1592 si
1367 1524 1558 1594 istud
1590 1523 2023 1616 obtinueris,
2059 1530 2389 1603 traducas
2413 1560 2528 1605 me

381 1632 468 1701 ad
504 1647 576 1704 te
625 1649 864 1703 totum
903 1632 1171 1704 licebit.
1214 1631 1563 1703 Putabam
1605 1635 1943 1729 equidem
1988 1641 2189 1723 satiS‚
2241 1643 2527 1739 inquit,—

382 1766 499 1813 me
541 1743 825 1815 dixisse.
893 1745 1138 1831 Quare
1194 1741 1284 1811 ad
1326 1766 1407 1812 ea
1455 1743 1880 1839 primum¹³‚
1930 1748 1988 1817 si
2039 1746 2373 1820 videtur:
2414 1754 2524 1822 sin

381 1852 575 1922 aliud
621 1853 801 1951 quid
858 1852 1094 1937 voleS‚
1140 1863 1413 1948 postea.
1461 1857 1698 1923 Immo
1754 1856 1893 1924 isto
1935 1854 2234 1953 quidem
2262 1858 2366 1945 ¹⁴,
2409 1862 2520 1929 in-

456 2101 477 2132 1
492 2099 538 2132 1.
580 2085 695 2132 Non
720 2083 991 2134 mehercule
1015 2085 1164 2133 soleo.
1198 2088 1403 2133 Goerenz
1488 2096 1516 2132 a
1535 2086 1735 2134 Davisio
1758 2097 1806 2135 et
1820 2089 1933 2135 Ern.
1958 2104 2021 2134 ex
2041 2086 2141 2135 Pal.
2174 2102 2218 2145 1,
2240 2089 2291 2145 3,
2308 2089 2486 2137 Eliensi
2500 2110 2516 2149 ς

378 2164 516 2211 addit
552 2164 757 2227 inquam
797 2174 911 2227 post
944 2162 1225 2212 mehercule.
1258 2167 1399 2220 Hoc,
1487 2167 1638 2212 Paris.
1672 2182 1718 2223 1,
1756 2168 1817 2227 3,
1849 2178 1897 2214 et
1928 2167 2210 2214 Victoriana
2235 2180 2510 2233 receptum,

375 2243 567 2306 inquit,
612 2234 835 2290 dedimus
873 2242 952 2290 ex'
974 2243 1154 2305 nostris
1170 2278 1185 2301 ,
1229 2255 1405 2307 praeter
1486 2254 1585 2291 tres
1611 2245 1788 2307 optimi
1812 2246 1971 2293 nostri
2001 2244 2308 2295 confirmant.
2334 2249 2411 2297 cf.
2438 2250 2513 2296 in·

375 2322 508 2369 Gud.
529 2339 557 2369 2
573 2360 587 2384 ,
606 2321 859 2379 omnibus3
883 2322 1110 2384 idemque
1129 2322 1315 2370 dudum
1338 2339 1402 2369 ex

377 2401 476 2448 Pal.
513 2417 561 2461 1,
590 2403 653 2461 3,
688 2400 967 2463 Eliensique
1004 2401 1230 2447 Davisius
1270 2418 1400 2450 rece·

373 2494 530 2546 perat.
570 2484 690 2530 Ern.
733 2483 820 2544 qui
865 2482 1066 2529 verbum
1100 2480 1197 2529 hoc
1238 2481 1398 2531 denuo

374 2560 582 2623 abjecit,
617 2560 1017 2608 animadverterat
1056 2560 1281 2624 quidem,
1312 2562 1400 2610 Ci-

374 2657 602 2688 ceronem
640 2638 886 2687 interdum
925 2651 1037 2703 post
1080 2643 1199 2686 Tum
1237 2637 1321 2687 itle
1348 2641 1398 2689 id

373 2720 617 2777 omittere3
654 2719 739 2767 sed
772 2718 927 2766 eidem
957 2721 1100 2767 etiam
1137 2718 1397 2768 tenendum

372 2810 501 2857 erat,
529 2802 598 2848 ita
625 2814 889 2861 numquam
908 2798 969 2846 ab
997 2800 1399 2848 initio'sermonis

373 2877 506 2935 fieri,
528 2878 614 2925 sed
645 2890 748 2925 tum
776 2878 1009 2935 maxime,
1034 2879 1076 2925 si
1102 2894 1164 2926 ex
1183 2879 1397 2941 quodam

372 2958 550 3006 affectu
569 2956 727 3005 oratio
747 2956 811 3003 sit
828 2957 1138 3005 concitatior.
1159 2960 1270 3006 Hoc
1284 2959 1396 3006 loco

372 3037 450 3083 vel
486 3052 625 3085 aures
664 3035 895 3082 omissum
929 3045 1175 3083 revocant.
1207 3037 1396 3085 Deinde

371 3117 515 3163 Grut.
557 3126 746 3171 narrat,
786 3112 884 3160 Pal.
924 3128 969 3169 1,
1005 3114 1107 3161 sole
1143 3122 1189 3162 tc
1222 3125 1397 3163 temere

369 3193 603 3257 praebere.
640 3197 754 3242 Erat
794 3208 969 3255 nempe
1004 3208 1050 3251 o,
1092 3209 1201 3255 quoe
1227 3210 1394 3257 super-

368 3273 518 3320 scribi
555 3274 710 3334 solet,
738 3272 994 3320 obliterata
1032 3285 1045 3318 :
1078 3283 1181 3319 tum
1219 3272 1392 3320 scribae

368 3353 642 3417 proximam
675 3351 911 3416 syllabam
937 3351 1264 3414 duplicarunt.
1297 3352 1390 3399 At-

367 3451 465 3497 que
504 3433 617 3481 iude
660 3444 734 3480 est
771 3432 944 3491 etiam,
982 3430 1117 3496 quod
1162 3431 1294 3480 Gud.
1347 3448 1392 3491 1,

368 3515 474 3561 Bas.
521 3514 738 3577 quinque
775 3514 979 3559 Oxonn.
1018 3522 1067 3558 ct
1101 3512 1252 3558 Mars.
1280 3528 1390 3558 cum

369 3593 484 3640 edd.
534 3603 652 3641 vett.
691 3591 854 3639 multis
892 3591 1050 3639 solere
1088 3602 1289 3649 temere,
1333 3604 1390 3638 ac

367 3673 498 3721 Gud.
539 3690 596 3729 2,
620 3672 774 3720 solere
810 3671 971 3718 u'mere
1017 3672 1246 3718 referunt.
1290 3670 1388 3719 Erl.

366 3754 500 3800 nude
525 3753 626 3799 sole
644 3763 753 3800 tem.
779 3753 853 3799 Ex
879 3752 1007 3815 Spir.
1025 3749 1149 3796 nihil
1174 3759 1388 3798 notatur.

366 3832 600 3895 Vulgata,
629 3848 737 3895 quie
768 3831 991 3878 Victor-io
1021 3830 1241 3885 debetur,
1279 3846 1393 3877 vere

366 3920 466 3965 est;
487 3928 612 3975 saepe
630 3911 700 3958 sic
724 3922 893 3959 auctor
911 3910 1069 3957 dicere
1089 3909 1291 3960 omittit.
1310 3910 1389 3958 Cf.

366 3990 469 4038 off.
494 3993 566 4036 111
582 4025 598 4048 ‚
627 3999 712 4046 24.

443 4082 525 4113 ια.
547 4067 799 4117 Dissidere.
825 4073 933 4117 Hoc
953 4067 1144 4117 auctori
1162 4070 1387 4132 frequens

364 4144 564 4193 verbum
593 4163 685 4210 pro
714 4149 832 4196 olim
868 4150 1067 4211 vulgato
1106 4148 1389 4207 dissentire,

1484 2322 1556 2369 fra
1585 2324 1668 2380 26,
1699 2339 1785 2384 7²·
1808 2327 1871 2371 G.

1562 2403 1642 2451 13.
1662 2405 1827 2466 Quare
1844 2402 1920 2449 ad
1935 2418 1996 2448 ea
2015 2401 2246 2466 primum.
2262 2405 2508 2469 Intellige:

1484 2482 1652 2542 Quum
1689 2498 1835 2545 neges
1872 2481 1969 2529 hoc
1995 2496 2072 2528 me
2100 2496 2401 2547 compertum
2442 2488 2511 2533 se*

1483 2561 1623 2618 cisse,
1648 2577 1823 2625 nempe
1845 2560 2036 2608 Stoicos
2054 2579 2083 2609 a
2105 2563 2431 2626 Peripateticis
2458 2583 2510 2613 re

1484 2637 1762 2696 dissentire,
1805 2656 1908 2688 non
1933 2640 2093 2688 verbis
2115 2651 2334 2704 tautum3
2376 2660 2509 2692 nune

1480 2719 1695 2782 primum
1724 2730 1779 2767 tu
1804 2720 1969 2783 incipe
1999 2721 2251 2770 ostendere
2277 2738 2360 2771 eos
2381 2724 2509 2771 inter

1481 2814 1532 2845 se
1555 2798 1716 2845 verbis
1743 2808 1929 2845 tautum
1960 2798 2191 2847 dissidere
2210 2815 2223 2847 :
2242 2812 2412 2864 postea
2442 2803 2504 2849 ad

1478 2878 1662 2941 reliqua
1691 2879 1868 2927 venies.

1558 2967 1637 3014 14.
1678 2959 1836 3005 Immo
1875 2955 1964 3003 isto
2004 2955 2228 3020 quidem,
2271 2956 2497 3020 inquam,

1479 3038 1602 3086 Ioco.
1636 3039 1844 3085 Goerenz
1881 3035 2050 3082 scribit
2087 3034 2224 3081 istud
2258 3051 2352 3097 pro
2393 3035 2499 3083 e’sto.

1477 3118 1582 3177 Sic,
1603 3119 1793 3180 inquit,
1811 3131 1978 3163 omnes
2005 3114 2207 3161 omuino
2229 3115 2400 3179 scripti
2424 3130 2500 3162 re-

1479 3196 1660 3243 ferunt.
1695 3194 1900 3242 Addunt
1931 3192 2130 3255 quidem
2170 3203 2220 3240 et
2257 3194 2410 3241 nostri
2451 3206 2499 3242 et

1477 3277 1676 3322 Oxonn.
1704 3287 1871 3320 omnes
1901 3282 2015 3318 cum
2053 3272 2355 3320 Gruter-inuis
2389 3278 2503 3320 ante'

1477 3354 1583 3400 Ioco
1606 3389 1622 3414 ‚
1669 3368 1796 3417 quo,
1848 3361 1897 3399 et
1947 3350 2110 3415 plures
2128 3386 2143 3409 ‚
2194 3352 2323 3400 iuter
2375 3369 2499 3416 quos

1476 3431 1608 3481 Gud.
1647 3440 1693 3491 1,
1719 3440 1768 3479 et
1803 3432 1861 3478 E.
1889 3433 1953 3476 V.
1980 3426 2022 3487 ξ.
2045 3441 2158 3495 post
2190 3431 2324 3489 Ioco,
2353 3434 2499 3485 etiam

1475 3511 1707 3575 quidque,
1730 3511 1805 3558 vel
1826 3509 2053 3575 quicque,
2071 3513 2213 3558 Mon.
2235 3512 2462 3576 quodque
2479 3530 2497 3559 .·

1475 3591 1560 3639 sed
1584 3590 1690 3638 haec
1713 3607 1739 3637 a
1761 3590 1933 3638 scribis
1955 3588 2120 3637 addita
2138 3589 2384 3648 videntur,
2412 3593 2497 3655 qui

1474 3670 1660 3718 nudum
1688 3669 1785 3717 abl.
1823 3670 1929 3717 Ioco
1965 3685 2067 3715 non
2089 3669 2344 3732 capiebant
2370 3687 2383 3717 t
2406 3672 2498 3717 nisi

1474 3748 1620 3797 scribi
1644 3749 1785 3807 inde,
1824 3748 1994 3795 addito
2022 3748 2252 3811 quodque
2270 3783 2284 3806 ,
2326 3750 2463 3797 malis
2484 3788 2497 3809 ,

1475 3851 1500 3871 α
1517 3829 1670 3875 immo
1694 3828 1850 3875 istud.
1866 3864 1878 3877 .
1894 3865 1906 3876 .
1919 3827 2152 3890 quodque
2177 3827 2290 3876 loco
2301 3850 2342 3875 -.
2373 3830 2500 3877 Loco

1475 3918 1636 3955 autem
1664 3923 1755 3971 pro
1782 3928 1807 3947 κ
1833 3907 1946 3954 loco
1988 3921 2079 3953 suo
2099 3939 2115 3963 ‚
2144 3917 2284 3969 epto,
2322 3923 2503 3955 conve·

1477 3989 1640 4036 niente
1673 4008 1722 4044 ι,
1759 3986 1954 4033 auctori
1982 3986 2208 4047 frequens
2235 3996 2325 4034 est.
2359 3988 2502 4034 Divv.

1476 4068 1585 4129 lx,
1611 4084 1691 4131 ep.
1744 4067 1806 4113 1'6
1829 4101 1843 4121 ‚
1887 4087 1910 4109 ι
1952 4065 2042 4113 etsi
2095 4064 2304 4127 posuisti
2341 4082 2504 4112 versus

1452 4146 1703 4193 =Attianos
1740 4145 1853 4191 loco
1880 4165 1926 4192 n.
1967 4142 2062 4192 Cll.
2094 4143 2232 4189 Orat.
2267 4145 2368 4203 111,
2410 4145 2504 4200 38,

2142 4230 2255 4298 28.
