3217 4784
838 486 961 553 DE
1008 486 1173 556 FIN.
1226 487 1433 554 BON.
1489 487 1602 554 ET
1651 487 1865 555 MAL.
1916 488 2014 569 ΙΙ,
2050 485 2162 553 28.
2410 510 2542 581 ‘²77

526 605 895 691 Traditur,
967 606 1236 702 inquit,
1284 603 1375 675 ab
1426 607 1818 701 Epicuron
1877 607 2063 676 ratio
2139 605 2550 703 negligendi

430 711 721 784 doloris.
780 716 932 783 Jam
993 715 1227 811 ipsum
1288 708 1794 799 absurdumffi,
1846 715 2237 787 maximum
2284 716 2548 788 maium

433 822 713 919 negligi.
760 822 898 893 Sed
946 848 1105 919 quae
1168 822 1458 892 tandem
1508 824 1641 893 ista
1693 824 1879 892 ratio
1936 826 2088 895 est?
2128 856 2159 890 α
2200 828 2551 898 Maximus

431 931 672 1019 dolor,
717 932 955 1027 inquit
984 986 1004 1018 ‚
1050 930 1290 1002 brevis
1341 946 1449 1002 est
1480 962 1534 1001 ».
1613 933 1930 1019 Primum
1979 934 2155 1028 quid
2213 949 2292 1005 tu
2337 935 2552 1019 dicis,

434 1040 692 1113 breve?
719 1038 980 1110 deinde
1008 1039 1335 1112 dolorem
1359 1065 1577 1137 quem
1620 1042 2065 1115 maximum?
2101 1042 2290 1133 Quid
2322 1045 2556 1113 enim?

434 1174 759 1221 summus
801 1148 1010 1219 dolor
1043 1150 1286 1247 plures
1337 1149 1488 1222 dies
1535 1174 1829 1221 manere
1883 1174 2030 1221 uon
2080 1154 2363 1248 potest?
2393 1153 2555 1225 vide

438 1284 530 1329 ne
568 1263 778 1330 etiam
816 1283 1122 1331 meuses.
1163 1262 1318 1332 Nisi
1362 1259 1548 1332 sorte
1583 1285 1750 1332 eum
1787 1260 1996 1343 dicis,
2034 1263 2160 1357 qui
2195 1263 2408 1333 simul
2448 1278 2555 1334 at-

436 1393 581 1464 que
619 1371 960 1466 arripuit,
996 1369 1357 1441 interficit.
1410 1372 1593 1460 Quis
1649 1372 1865 1440 istum
1934 1369 2261 1440 dolorem
2316 1372 2562 1443 timet?

438 1476 636 1547 illum
679 1477 959 1548 mallem
993 1478 1448 1575 levareS‚quo
1483 1482 1842 1575 optimum
1878 1492 2098 1573 atque
2130 1478 2555 1551 humanissi-

440 1613 635 1658 mum
659 1592 890 1658 virum
908 1597 997 1675 ι9,
1024 1591 1151 1657 Cn.
1177 1589 1553 1659 Octavium
1571 1642 1590 1672 ‚
1611 1593 1706 1657 M.
1737 1593 1807 1657 F.
1828 1585 2246 1658 familiarem
2275 1612 2515 1658 meum
2534 1645 2554 1677 ‚

439 1694 699 1767 confici
736 1695 915 1782 vidi3
968 1720 1100 1766 nec
1149 1720 1323 1766 vero
1368 1696 1633 1782 semel,
1677 1719 1814 1766 nec
1855 1697 1941 1766 ad
1983 1694 2199 1767 breve
2242 1711 2556 1794 tempta,

440 1804 563 1875 sed
597 1821 669 1876 et
705 1828 889 1901 saepe
932 1804 1141 1900 plane
1163 1815 1258 1892 ²⁰,
1294 1819 1366 1875 et
1410 1805 1559 1876 diu.
1614 1806 1814 1894 Quos
1850 1805 2005 1893 ille,
2051 1803 2149 1875 dii
2192 1807 2559 1876 immorta-

444 1912 656 1985 les²¹l
693 1939 919 2011 quum
951 1937 1204 1986 omues
1232 1930 1429 1986 artus
1454 1914 1705 1986 ardere
1742 1915 2178 2002 viderentur,
2205 1916 2562 1987 cruciatus

444 2106 626 2153 beatam
652 2120 830 2168 eorpus
868 2103 990 2153 bene
1017 2103 1335 2153 coustitutum
1369 2122 1447 2153 re·

443 2185 659 2247 quirere,
685 2182 747 2230 de
773 2199 874 2246 quo
895 2194 1077 2232 certum
1098 2185 1161 2231 sit
1177 2216 1193 2238 ,
1234 2186 1375 2232 etism
1397 2185 1450 2231 in

444 2271 691 2325 posterum
717 2261 769 2309 id
791 2261 885 2308 tale
907 2262 1029 2312 fore.
1055 2263 1123 2309 At
1149 2263 1328 2310 nemini
1350 2277 1456 2309 cer·

447 2351 547 2388 tum
588 2356 689 2387 esse
724 2356 893 2404 posse,
937 2340 1187 2404 quomodo
1234 2340 1454 2405 corporis

445 2421 730 2468 constitutio
743 2420 819 2467 vel
836 2418 898 2467 ad
920 2435 1171 2484 vesperum
1189 2418 1347 2467 futura
1370 2419 1450 2467 sit.

444 2499 675 2547 Dolorem
703 2499 852 2563 igitur
885 2515 1098 2563 semper,
1141 2499 1181 2547 si
1217 2514 1456 2547 summum

444 2579 621 2627 malum
647 2579 737 2637 sit,
777 2577 1085 2626 metuendum
1121 2594 1238 2627 esse.
1264 2578 1390 2625 Nam
1415 2577 1458 2624 si

445 2657 527 2705 hic
563 2656 637 2704 vel
672 2672 773 2704 uon
800 2657 895 2714 sit,
928 2673 1072 2721 posse
1106 2667 1266 2705 umen
1292 2655 1458 2704 subito

446 2736 629 2784 adesse.
656 2737 821 2798 Quum
855 2736 1005 2798 igitur
1027 2751 1102 2783 res
1128 2736 1194 2783 ita
1225 2736 1315 2793 sit,
1357 2750 1457 2793 uon

448 2830 588 2878 posse
605 2816 949 2878 sempiternum
963 2815 1136 2862 summi
1150 2815 1262 2862 mali
1280 2824 1459 2861 metum

450 2893 499 2940 iu
531 2894 626 2940 vita
654 2892 789 2940 beata
817 2891 979 2939 locum
997 2891 1171 2940 habere
1200 2907 1212 2942 ε
1237 2908 1354 2956 ergo
1369 2909 1459 2940 uec

449 2972 637 3018 beatam
663 2972 808 3019 vitam
833 2971 986 3033 ipsam
1003 2992 1044 3017 ι».
1066 2971 1296 3018 Ultimum
1315 2986 1462 3018 enun-

452 3053 619 3097 tiatum
675 3059 846 3097 auctor
903 3049 1067 3095 omisit
1090 3082 1105 3105 ‚
1166 3064 1319 3112 quum
1376 3064 1461 3097 sua

451 3138 625 3192 sponte
660 3143 720 3174 ex
750 3126 1023 3189 praegressis
1049 3138 1342 3190 sequeretur.
1367 3129 1464 3174 Sae-

453 3206 565 3270 pius
607 3216 767 3254 nutem
805 3204 951 3270 igitar
989 3206 1191 3269 repetite
1228 3205 1465 3268 ponitur;

453 3287 519 3333 cf.
560 3287 735 3350 Topic.
779 3292 837 3342 A,
873 3291 939 3335 25
970 3299 982 3333 :
1020 3286 1152 3333 «His
1177 3285 1326 3347 igitur
1344 3285 1467 3331 locis

464 3400 478 3412 .
501 3399 513 3411 .
536 3400 548 3412 .
567 3364 722 3412 detur.
750 3365 923 3411 Utrum
945 3364 1109 3426 igitur,
1133 3374 1226 3412 etc.
1248 3384 1273 3404 υ
1296 3364 1362 3411 G.

530 3460 609 3502 νγ.
644 3441 890 3500 finditur,
924 3443 1108 3505 inquit,
1152 3443 1215 3490 ab
1240 3442 1468 3506 Epicuro.

454 3522 586 3570 Gud.
642 3537 661 3568 1
701 3521 843 3569 verba
862 3521 929 3567 ab
951 3522 1156 3585 Epicuro
1174 3536 1275 3568 non
1296 3520 1472 3577 haben

457 3618 612 3665 neque
656 3617 770 3649 saue
806 3617 861 3648 ea
901 3601 1040 3648 vaide
1080 3599 1344 3657 desideres,
1390 3599 1476 3656 si,

455 3696 566 3742 quae
599 3680 662 3727 ad
687 3679 719 3743 S
764 3694 831 3741 90
872 3679 1184 3738 monuimus,
1231 3677 1471 3726 tenueris:

457 3759 551 3805 uisi
591 3772 645 3806 cs
683 3756 799 3805 inde
848 3756 963 3805 loco
1002 3758 1294 3813 vindicaris,
1339 3756 1475 3819 quod

364 3874 373 3881 .
458 3836 591 3885 brevi
637 3847 749 3885 ante
777 3835 1052 3884 Metrodori
1085 3836 1349 3883 auctoritas
1385 3833 1474 3881 nd·

457 3916 613 3964 hibita·
640 3927 762 3965 erat.
790 3916 885 3963 Sed
912 3915 979 3963 ob
1012 3915 1140 3963 hanc
1166 3915 1318 3980 ipsam
1353 3930 1476 3962 cou-

460 3994 589 4042 sulto
610 4010 742 4059 pass.
756 3995 969 4058 positum
981 3993 1189 4054 videtur,
1203 4004 1256 4041 ut
1274 3992 1336 4040 ad
1353 4008 1479 4039 com·

1535 2120 1630 2168 pro
1656 2104 1713 2153 id
1734 2102 1911 2169 ipsum,
1956 2122 1983 2152 a
2012 2105 2250 2154 Cicerone
2277 2104 2374 2151 dici
2392 2105 2561 2153 multis

1536 2176 1658 2231 loeis
1700 2182 1866 2247 (conf.
1914 2199 2060 2247 supra
2107 2186 2131 2230 1
2155 2217 2170 2239 ‚
2233 2184 2327 2239 15,
2377 2191 2473 2245 49,
2513 2194 2563 2231 et

1537 2264 1683 2325 Legg.
1703 2264 1778 2323 11,
1802 2262 1833 2310 5
1851 2298 1865 2322 ,
1891 2265 1992 2324 η),
2020 2262 2386 2326 comprobatur,
2415 2272 2564 2309 recte-

1540 2357 1637 2405 que
1663 2341 1792 2388 nude
1818 2342 2032 2404 positum
2073 2341 2122 2389 h.
2159 2341 2193 2388 l.
2218 2342 2377 2390 Brenn.
2403 2339 2563 2388 viudi-

1542 2428 1649 2477 cat‚
1690 2420 1911 2468 Ernestio
1960 2419 2016 2466 id
2057 2418 2171 2466 addi
2211 2419 2433 2479 jubente.
2479 2421 2563 2467 Sat

1542 2499 1694 2546 mults
1731 2499 1839 2546 loen
1869 2498 2094 2547 Ciceroni
2123 2499 2310 2546 restitui
2351 2498 2528 2546 debeut
2546 2535 2562 2557 ‚

1542 2594 1632 2641 per
1657 2578 1768 2625 iutt.
1783 2577 1927 2637 hujus
1947 2593 2062 2625 usus
2088 2577 2281 2640 ignaros
2303 2586 2529 2640 corrupt·
2549 2610 2564 2634 ,

1544 2672 1715 2719 εκεῖ.
1743 2658 1957 2718 Ornt.1,
1987 2672 2046 2717 7,
2075 2658 2139 2714 8,
2168 2668 2216 2704 et
2239 2656 2338 2717 39,
2371 2657 2485 2712 1³⁴·

1623 2750 1703 2798 19.
1720 2736 1885 2782 Virum
1898 2768 1911 2792 ,
1930 2736 1961 2782 J
1968 2736 2053 2783 .V.
2070 2737 2123 2783 L.
2138 2736 2281 2783 tacite
2297 2735 2566 2784 omittit.—

1547 2817 1631 2865 ca.
1647 2814 1916 2863 Octavium.
1932 2818 1993 2862 Iu
2011 2815 2159 2873 huuc,
2177 2814 2425 2862 consulem
2442 2829 2541 2861 nnn
2553 2848 2564 2860 .

1545 2895 1611 2943 U.
1646 2894 1705 2943 C.
1736 2895 1872 2955 677,
1921 2904 1969 2941 et
2008 2904 2110 2941 tum
2149 2894 2323 2950 etiam,
2364 2891 2431 2939 ob
2467 2891 2565 2938 hoc

1546 2974 1706 3037 ipsum
1729 2971 2032 3020 arthriticum
2052 2971 2228 3018 maium
2245 3001 2259 3029 ‚
2297 2969 2456 3016 finsciis
2481 2967 2568 3014 de-

1548 3046 1763 3099 vinctum
1781 3084 1796 3108 ,
1831 3061 1879 3095 et
1911 3048 2076 3095 multis
2102 3046 2460 3094 medicamentis
2485 3044 2569 3091 de-

1547 3129 1758 3177 lilmtum
1777 3163 1793 3187 ,
1828 3126 1939 3174 vide
1983 3125 2153 3173 sicinii
2197 3137 2257 3172 tr.
2299 3124 2367 3188 pl.
2407 3122 2569 3187 lepide

1552 3207 1736 3256 dietum
1771 3206 1910 3252 Brut.
1942 3205 2040 3260 60,
2076 3216 2196 3261 2¹7·
2220 3205 2284 3251 G.
2553 3190 2562 3208 ¹

1627 3301 1708 3333 so.
1732 3283 1829 3330 Sed
1852 3293 1898 3329 ee
1921 3296 2048 3346 ,παφα
2063 3280 2233 3344 plane.
2277 3282 2484 3328 Peccsnt
2517 3279 2568 3327 in

1554 3364 1632 3410 his
1655 3359 1900 3408 unimode
1924 3371 1976 3408 et
1999 3359 2167 3422 scripti
2195 3369 2244 3405 et
2270 3369 2387 3407 vett.
2416 3357 2535 3406 editi
2555 3372 2569 3406 ε

1555 3441 1621 3488 its
1650 3451 1810 3488 tamen
1826 3473 1841 3498 ,
1861 3447 1914 3485 ut
1938 3438 2164 3486 librarios
2187 3438 2238 3484 in
2261 3438 2415 3500 plane
2441 3447 2571 3501 post-

1558 3519 1724 3585 posito
1754 3517 1949 3565 haesisse
1986 3516 2164 3564 videas.
2201 3515 2260 3563 Id
2287 3527 2444 3564 autem
2481 3515 2573 3563 hac

1560 3599 1624 3646 de
1648 3612 1790 3645 causa
1827 3597 1899 3644 sic
1923 3594 2140 3660 positum
2165 3595 2360 3659 putabis
2386 3627 2402 3653 ‚
2440 3594 2576 3658 quod

1560 3678 1660 3726 loci
1690 3677 1764 3722 vis
1800 3675 1854 3723 in
1892 3673 2207 3739 oppositione
2240 3674 2472 3722 cernitur.
2503 3675 2576 3719 Ita

1560 3770 1760 3821 qnoque
1781 3770 1879 3802 non
1895 3755 2052 3817 plane
2065 3789 2081 3813 ‚
2121 3770 2222 3800 non
2238 3768 2438 3817 prorsus
2456 3751 2574 3800 dici·

1561 3847 1644 3883 tur
1659 3868 1674 3892 ‚
1698 3834 1740 3881 si
1766 3834 1816 3880 iu
1843 3834 2101 3895 negatione
2119 3834 2193 3880 vis
2218 3833 2377 3889 inest3
2413 3831 2477 3880 cf.
2500 3847 2578 3878 su·

1564 3930 1651 3979 pra
1680 3916 1758 3971 11,
1789 3914 1819 3961 5
1836 3946 1852 3970 ‚
1883 3927 1962 3974 ¹7·
1990 3913 2052 3961 G.

1639 4008 1722 4041 οι.
1766 3994 1897 4054 Quos
1946 3991 2028 4040 ille
2047 4025 2063 4050 ‚
2118 3989 2190 4038 dia·
2235 3988 2530 4039 immortales
2560 3991 2581 4034 !

463 4077 626 4123 munia
649 4078 1000 4140 Epicureorum
1024 4075 1113 4123 hac
1142 4075 1203 4123 de
1224 4091 1276 4122 re
1301 4088 1483 4137 praece·
1569 4073 1700 4122 Gud.
1730 4081 1887 4136 uterq.
1944 4074 2076 4136 Quos
2129 4069 2202 4117 dii
2239 4070 2450 4117 immor-e.
2476 4066 2580 4123 ille,

464 4165 548 4218 pt·
568 4157 835 4219 respexisse
860 4166 1032 4203 auctor
1053 4156 1213 4220 putari
1229 4152 1401 4219 possit.
1419 4153 1483 4200 G.
1569 4163 1715 4217 atque
1762 4153 1831 4201 sic
1876 4153 2063 4200 Victor.
2111 4150 2321 4198 Munatii
2349 4185 2364 4209 ,
2412 4145 2582 4195 lamb.

538 4237 620 4285 18.
646 4238 757 4282 lam
792 4235 943 4300 ipsum
968 4235 1249 4285 absurdum.
1289 4236 1450 4298 Ipsum
1469 4254 1484 4279 υ
1572 4233 1737 4281 Deris.
1766 4234 1810 4281 A
1837 4236 2048 4282 Grutero
2083 4240 2156 4284 est
2198 4239 2360 4287 nostra
2397 4225 2544 4280 lectio
2565 4258 2580 4280 .

3091 3254 3145 3335 ξι)
