3217 4784
715 470 809 553 44

1400 474 1494 541 Μ.
1543 475 1625 542 Τ.
1673 471 2151 542 CICERONIS

713 587 1091 677 dissensi0‚
1130 594 1293 688 quis
1344 592 1652 665 alienum
1710 601 1994 691 putet¹¹
2042 593 2196 688 ejus
2237 613 2390 662 esse
2432 589 2826 689 dignitatis»,

711 721 927 793 quam
975 698 1153 769 mihi
1209 704 1516 801 quisque
1566 700 1853 789 tribuit,
1920 701 2119 800 quod
2168 702 2244 771 in
2279 702 2482 772 omni
2524 726 2824 774 munere

707 811 868 881 vitae
900 813 1254 909 optimum
1298 831 1370 887 et
1408 819 1852 888 verissimum
1890 817 1978 888 sit
2005 869 2025 904 ‚
2073 818 2452 912 exquirere
2485 816 2515 885 Ξ)

802 922 948 1005 An,
1003 938 1313 1021 «partus
1349 926 1698 997 ancillae¹²
1739 928 1924 998 sitne
1963 927 2035 996 in
2072 923 2312 995 fructu
2350 904 2726 995 habendus
2750 954 2822 1009 »,

707 1025 1097 1101 disseretur
1147 1036 1335 1105 inter
1387 1037 1749 1134 principes
1804 1036 2105 1106 civitatis
2134 1089 2154 1124 ‚
2214 1039 2285 1105 P.
2328 1033 2707 1105 Scaevolam
2737 1030 2823 1118 ¹³,

705 1137 820 1208 Μ’.
864 1140 1277 1229 Manilium;
1318 1142 1409 1214 ab
1439 1143 1698 1242 hisque
1733 1148 1831 1213 M.
1884 1142 2584 1230 Brutus'dissentiet‚
2623 1142 2824 1239 quod

707 1260 781 1317 et
823 1263 1113 1320 acutum
1154 1276 1381 1349 genus
1417 1268 1565 1334 est,
1601 1268 1674 1324 et
1705 1252 1791 1323 ad
1833 1277 2006 1323 usus
2041 1254 2303 1324 civium
2339 1276 2488 1324 non
2526 1252 2821 1337 inutile;

703 1381 981 1455 nosque
1020 1385 1103 1430 ea
1159 1365 1452 1461 scripta,
1498 1363 1921 1461 reliquaque
1972 1362 2293 1459 ejusdem
2341 1363 2704 1461 geum-ism
2750 1375 2826 1432 et

702 1465 1001 1564 legimus
1035 1468 1364 1561 libenter,
1395 1489 1467 1544 et
1504 1474 1824 1571 legemus
1856 1500 1872 1542 :
1915 1471 2095 1559 herc,
2146 1497 2307 1570 quae
2341 1474 2557 1542 vitam
2592 1472 2821 1543 conti·

702 1593 878 1649 nent
919 1602 1246 1666 omnem,
1283 1581 1794 1681 negligentur?
1852 1583 2063 1670 Nam,
2105 1595 2186 1651 ut
2234 1582 2378 1652 sint
2421 1579 2537 1650 illa
2567 1578 2821 1649 vendi-

699 1684 953 1759 biliora
974 1686 1062 1778 ¹⁵,
1084 1690 1231 1762 haec
1259 1691 1589 1764 uberiora
1619 1706 1810 1764 certe
1843 1707 2032 1763 sunt.
2071 1693 2527 1786 Quamquam
2564 1688 2633 1758 id
2663 1691 2822 1785 qui-

699 1797 863 1869 dem
929 1798 1168 1872 licebit
1216 1803 1300 1871 iis
1351 1805 1792 1887 existimare,
1837 1803 1964 1898 qui
2009 1800 2328 1897 legerint.
2382 1802 2532 1869 Nos
2579 1810 2819 1867 autem

699 1905 887 1978 hanc
914 1932 1207 1980 omnem
1252 1912 1723 2008 quaestionem
1752 1907 2140 1981 definibus
2166 1906 2527 1979 bonorum
2565 1919 2638 1977 et
2673 1929 2819 1978 ma*

700 2015 977 2105 lorum,
1017 2018 1165 2090 fere
1215 2044 1253 2090 a
1292 2018 1505 2092 nobis
1554 2020 1977 2118 explicatam
2024 2042 2175 2110 esse
2209 2017 2321 2088 his
2370 2012 2671 2088 literis¹⁶
2708 2041 2818 2087 ar-

775 2221 855 2256 u.
887 2207 1006 2271 Que's
1048 2208 1259 2258 alae'enum
1291 2222 1449 2276 putet.
1487 2213 1615 2259 Bene
1654 2209 1715 2258 ad

698 2285 804 2334 haec
856 2287 1014 2334 Bremi
1046 2289 1163 2354 jure
1204 2290 1429 2355 intelligit
1451 2324 1469 2350 ,
1498 2306 1558 2338 ne
1609 2289 1717 2338 haec

701 2381 812 2437 cum
837 2366 1169 2430 superioribus
1203 2384 1416 2433 pugnare
1440 2369 1712 2418 videantur.

699 2443 780 2490 Sic
807 2444 928 2492 nihil
949 2456 1020 2493 est
1038 2483 1055 2510 ‚
1075 2458 1127 2494 nt
1150 2464 1259 2496 cnm
1284 2451 1523 2508 VictoriO‚
1559 2449 1714 2514 «qnid

699 2520 907 2571 alienum
948 2536 1112 2589 putem
1129 2549 1154 2569 a
1176 2562 1194 2586 ,
1230 2530 1429 2578 Davisio
1471 2528 1711 2594 probante

699 2612 750 2650 et
769 2604 882 2652 Bru.
910 2605 1105 2655 scribas.
1131 2607 1283 2656 Recte
1303 2620 1460 2656 nutem
1479 2611 1551 2657 sic
1568 2609 1710 2668 licet,

697 2696 850 2745 quum
866 2683 1076 2731 alienum
1098 2701 1208 2734 cum
1229 2687 1275 2733 vi
1295 2690 1629 2752 premittntnr.
1649 2687 1710 2734 G.

776 2775 859 2810 u.
896 2765 1075 2812 Partus
1098 2764 1289 2813 ancae'llae
1321 2766 1446 2815 sitne
1475 2766 1525 2814 fn
1535 2766 1713 2830 fivcm

698 2837 819 2887 hab.
840 2840 964 2889 Satis
984 2841 1090 2889 haec
1101 2843 1405 2908 explicarunt
1418 2847 1528 2893 intt.
1547 2848 1711 2909 Quum

696 2918 825 2966 enim
851 2936 914 2967 ex
942 2921 1051 2981 jure
1075 2937 1198 2971 rom.
1222 2923 1345 2971 servi
1359 2940 1459 2971 uon
1481 2940 1714 2988 personn-

698 3013 803 3046 mm
817 2998 926 3059 jure
945 3000 1241 3062 fruerentur,
1261 3003 1345 3051 sed
1362 3002 1505 3051 rebus
1522 3018 1713 3065 posses-

695 3078 843 3126 sionis
863 3092 1231 3129 accenset-entur
1253 3096 1266 3129 ε
1298 3081 1412 3129 inde
1432 3115 1447 3140 ,
1494 3091 1613 3128 teste
1628 3080 1714 3128 Ul.

694 3160 844 3224 piano
864 3160 1180 3224 DigesttVII,
1197 3174 1231 3210 t.
1245 3164 1269 3209 1
1285 3196 1300 3220 ‚
1313 3162 1405 3225 leg.
1421 3161 1486 3209 68
1507 3163 1714 3209 :«Vetus

695 3238 791 3285 fuit
808 3240 1013 3301 quaestio
1026 3273 1042 3298 ,
1060 3256 1118 3287 nn
1134 3251 1302 3305 partus
1318 3240 1379 3288 nd
1398 3240 1712 3289 fructuarium

696 3317 836 3380 (jus)
862 3318 1126 3382 pertineret
1142 3315 1167 3367 ἲ
1187 3320 1284 3369 Sed
1310 3320 1428 3375 vicit
1452 3322 1591 3369 Bruti
1612 3336 1715 3368 sen·

696 3396 847 3443 tentia
866 3431 882 3457 ,
908 3397 1222 3445 fructuarium
1258 3398 1309 3445 in
1336 3415 1397 3447 eo
1427 3399 1587 3447 locum
1611 3415 1713 3447 non

693 3472 872 3522 habere
888 3495 932 3521 ι.
960 3475 1250 3540 Intelligitur
1265 3486 1425 3525 autem
1445 3479 1518 3525 M.
1536 3477 1715 3525 Junius

692 3554 876 3601 Brutus
894 3555 1048 3603 Jctua
1065 3589 1079 3614 ,
1100 3556 1185 3619 qui
1210 3557 1308 3603 vn
1342 3555 1493 3603 libros
1515 3556 1576 3602 de
1593 3555 1715 3619 jure

692 3630 822 3679 civili
833 3632 1080 3696 scripsisse
1101 3633 1249 3699 vulgo
1269 3634 1471 3694 dicitur,
1502 3649 1712 3697 quorum

694 3721 854 3758 tamen
879 3712 983 3761 Cic.
1025 3713 1161 3761 om.
1185 3715 1232 3761 11
1251 3747 1266 3771 ‚
1313 3714 1376 3761 55
1393 3747 1409 3769 ,
1453 3726 1549 3760 πυ
1570 3746 1585 3771 ,
1614 3723 1711 3760 tres

691 3788 843 3837 modo
867 3801 1103 3840 numerat.
1125 3793 1188 3841 G.
1209 3818 1276 3828 —
1292 3795 1471 3839 Partus
1483 3789 1678 3838 ancilla.-
1692 3825 1709 3853 ,

691 3877 785 3917 etc.
805 3868 932 3916 Vide
949 3870 1015 3918 sis
1040 3881 1090 3919 et
1118 3870 1443 3919 sastinianum
1474 3872 1589 3917 Inst.
1619 3868 1708 3918 lib.

690 3947 770 4007 Π,
806 3948 880 3996 tit.
915 3965 935 3996 ι
955 3983 971 4007 ,
1008 3948 1101 4012 leg.
1121 3950 1203 4010 37.
1227 3953 1403 3999 Dure.

768 4028 846 4078 13.
892 4033 954 4077 P.
979 4029 1271 4090 Semelam,
1320 4030 1408 4078 Μ’.
1433 4028 1706 4077 Hanilimn.

689 4108 824 4158 Idem
851 4110 955 4159 sine
970 4108 1121 4158 dubio
1148 4118 1221 4156 est
1233 4108 1432 4157 Mucius
1460 4108 1676 4156 Scaevola
1693 4143 1708 4166 ‚

689 4187 751 4235 de
794 4205 895 4254 quo
936 4187 1087 4253 penio
1120 4200 1273 4249 -suprn
1290 4221 1305 4248 ,
1341 4184 1404 4234 de
1427 4202 1528 4250 quo
1564 4186 1706 4234 etism

1805 2216 1908 2265 vid.
1934 2217 2040 2268 Cic.
2062 2218 2264 2279 Orator,
2284 2216 2370 2265 ubi
2406 2217 2607 2267 Crassus
2627 2219 2684 2265 Ρ.
2708 2216 2820 2264 Mu·
2882 2209 2886 2213 ⁵

1803 2296 1929 2345 cium
1975 2307 2023 2344 et
2076 2295 2166 2345 Μ’.
2210 2295 2465 2344 Manilium
2513 2308 2567 2344 ut
2608 2309 2821 2343 summos

1796 2374 2172 2436 jurisconsultos
2191 2374 2371 2422 laudat.
2395 2374 2513 2422 vid.
2544 2373 2687 2421 etiam
2709 2371 2819 2420 Aul.

1803 2453 1929 2503 Gen.
1954 2453 2041 2501 lib.
2071 2454 2247 2513 xvn,
2276 2468 2384 2514 cap.
2422 2467 2468 2510 7.
2489 2454 2543 2499 J.
2565 2450 2629 2496 V.
2651 2451 2709 2497 L.

1878 2542 1956 2590 ιι.
2008 2530 2307 2594 Reliquaque
2346 2525 2559 2592 ejusdem
2598 2525 2815 2592 generis.

1798 2609 1993 2658 Omittit
2013 2609 2261 2657 Breuni-na
2281 2606 2361 2655 ed.
2386 2605 2528 2654 verba
2550 2607 2678 2665 haec,
2705 2627 2728 2648 ι
2745 2621 2820 2653 re-

1798 2688 1928 2753 lique
1955 2685 2167 2748 ejusdem
2193 2684 2379 2748 generis
2395 2704 2417 2725 ι·
2446 2701 2459 2733 2
2482 2701 2545 2732 ex
2562 2700 2817 2748 operarum

1800 2768 1923 2815 vitio
1973 2775 2105 2830 puta.
2135 2763 2318 2811 Eodem
2359 2762 2479 2811 vitio
2521 2762 2721 2810 inferius
2766 2763 2818 2810 in

1800 2844 1964 2894 eadem
1979 2842 2098 2909 fere
2125 2841 2438 2891 desideratur.
2464 2837 2534 2891 G.

1879 2938 1899 2969 ι
1911 2925 1957 2971 5.
1976 2922 2072 2970 ula
2088 2921 2414 2970 vendibilium
2425 2957 2440 2979 ‚
2458 2917 2565 2969 baec
2577 2920 2818 2970 uberiora.

1804 3005 1845 3049 1.
1875 3018 1919 3049 e.
1949 3017 2241 3065 quamquam
2269 3000 2350 3048 illa
2385 3002 2596 3065 scripta,
2620 3013 2680 3050 ut
2709 3016 2818 3048 orn·

1806 3079 1985 3139 tiones,
2029 3090 2077 3127 et
2098 3081 2158 3129 de
2192 3091 2296 3128 arte
2329 3081 2538 3127 oratoria
2556 3115 2569 3139 ,
2595 3079 2819 3144 cupidius

1805 3170 1851 3208 et
1881 3170 2165 3222 queruntur
2184 3193 2199 3218 ‚
2240 3169 2288 3206 et
2316 3159 2543 3222 leguntur
2570 3174 2583 3208 :
2623 3159 2727 3206 haee
2748 3167 2819 3205 t·-

1800 3254 1912 3287 men
1933 3273 1948 3298 ‚
1983 3239 2160 3302 quibus
2186 3238 2498 3304 philosophia
2533 3226 2782 3286 enarratur
2802 3271 2818 3296 ,

1800 3329 1848 3365 et
1872 3318 2093 3382 inprimis
2118 3318 2275 3366 ethica
2301 3317 2390 3365 ista
2409 3352 2427 3376 ,
2456 3317 2523 3365 ob
2545 3316 2816 3364 uberiorem

1801 3396 2059 3445 utilitatem
2074 3431 2090 3456 ,
2118 3412 2264 3460 quam
2284 3395 2504 3460 praebent
2523 3429 2540 3455 ‚
2577 3394 2653 3441 vel
2677 3394 2817 3459 cupi-

1802 3474 1912 3524 dius
1937 3477 2059 3526 adeo
2085 3475 2237 3541 quaeri
2256 3475 2448 3539 legique
2462 3485 2717 3521 merentur.
2747 3474 2819 3521 Ut

1799 3564 1960 3604 autem
1978 3579 2003 3599 ι
2020 3557 2187 3603 vinnm
2209 3552 2454 3602 vendibile
2468 3574 2494 3594 a
2507 3586 2523 3611 ,
2549 3553 2616 3599 ita
2640 3550 2817 3599 deinde

1800 3657 1826 3677 α
1844 3638 2001 3685 oratio
2016 3669 2031 3694 ‚
2057 3645 2225 3683 orator
2242 3654 2268 3676 υ
2287 3666 2302 3690 ,
2335 3641 2384 3679 et
2410 3631 2533 3679 adeo
2555 3653 2579 3672 α
2601 3632 2678 3677 via
2698 3644 2817 3677 ven·

1801 3713 2027 3773 (tibilim,
2054 3711 2277 3764 Ciceroni
2312 3710 2510 3757 dicitnr.
2539 3710 2601 3758 G.
2626 3735 2697 3746 -—
2716 3708 2818 3757 Illa

1800 3794 1941 3843 nobis
1961 3793 2126 3859 potius
2143 3791 2378 3852 respicere
2395 3788 2642 3836 videretur
2658 3802 2718 3835 ex
2736 3803 2817 3835 su-

1799 3872 2069 3937 perioribus
2086 3869 2150 3918 ad
2165 3866 2623 3931 jurisconsultorum
2648 3881 2814 3930 opera.

1876 3952 1953 3999 ¹6.
1986 3948 2070 3998 His
2098 3946 2261 3995 literis.
2280 3946 2368 3994 His
2396 3956 2573 4011 praeter
2590 3946 2699 3993 Bas.
2719 3943 2814 3992 mei

1793 4045 1961 4077 omnes
1983 4064 1998 4089 ‚
2037 4041 2196 4090 neque
2221 4025 2360 4073 aliter
2398 4023 2515 4072 edd.
2552 4033 2668 4071 vett.
2704 4025 2811 4070 Vo-

1795 4122 1898 4154 cem
1924 4103 2070 4153 Iiceris
2105 4113 2292 4162 nutem,
2344 4118 2488 4165 quam
2532 4101 2607 4149 vel
2652 4116 2811 4166 nuper

1797 4184 1940 4233 nuh.
1970 4184 2022 4231 in
2071 4182 2204 4232 libris
2254 4180 2533 4230 mut-udam
2584 4181 2768 4231 indicat
2790 4211 2807 4239 ‚
