3217 4784
689 361 770 441 14
1220 356 1355 422 Jo.
1410 355 1652 423 AUG.
1705 353 2274 423 GOERENzll

676 476 1177 566 reprehensione
1209 475 1469 551 secisse,
1511 490 1577 538 et
1608 477 1817 538 facere
1857 474 2184 562 potuisse,
2222 494 2417 537 nemo
2469 496 2604 538 non
2648 497 2807 539 oon·

678 583 861 648 cedet
880 631 900 665 ,
948 582 1063 668 qui
1094 577 1450 644 Academiae
1486 580 1861 644 recentioris
1908 580 2036 643 hoc
2080 580 2420 668 proprium
2466 579 2664 644 fuisse
2707 580 2809 643 in-

679 688 1021 767 tellexerit,
1058 685 1226 748 ultra
1257 683 1589 772 probabile
1618 685 1686 747 in
1721 685 1916 748 rebus
1950 684 2357 772 cogitationis
2398 707 2581 771 aeque
2613 700 2811 772 atque

680 798 987 879 sensuum
1024 790 1186 853 nihil
1223 789 1392 871 dari,
1430 812 1637 877 quum
1674 790 1976 880 cognosci
2019 811 2246 853 verum
2287 789 2661 878 percipique
2697 812 2808 855 ne-

681 913 894 988 queat.
933 897 1032 960 Ne
1079 911 1335 983 poterat
1368 895 1474 959 ille
1510 894 1776 983 quidem
1827 895 2245 976 sententiam,
2293 916 2484 982 quam
2538 895 2811 959 maxime

681 1004 802 1069 sibi
825 1001 1223 1090 probabilem
1243 1017 1563 1090 putasset,
1586 1001 1674 1066 ita
1698 1001 1913 1088 sequi,
1942 1017 2018 1064 ut
2039 998 2120 1063 ad
2145 1000 2281 1080 ejus
2309 1000 2492 1089 quasi
2514 1022 2810 1064 normam

682 1109 956 1195 reliquas
978 1122 1349 1170 constanter
1374 1106 1687 1196 exigeret:
1716 1122 1854 1170 tum
1880 1108 2053 1169 enim
2075 1106 2242 1170 hanc
2262 1106 2468 1193 ipsam
2496 1122 2573 1169 ut
2597 1127 2810 1169 veram

679 1214 1034 1304 posuisset3
1060 1211 1239 1300 quod
1260 1227 1485 1277 contra
1508 1212 1710 1300 ipsius
1733 1213 2047 1275 rationem
2076 1228 2229 1276 erat.
2256 1212 2614 1276 Academici
2637 1211 2812 1276 enim

683 1320 752 1383 hi
787 1318 952 1382 nihil
983 1316 1397 1406 affirmabant
1412 1364 1430 1398 ,
1467 1315 1581 1381 sed
1596 1365 1615 1398 ,
1656 1320 1843 1404 quasi
1875 1317 2205 1405 desperata
2245 1319 2593 1404 cognitione
2627 1319 2813 1398 certi,

684 1425 758 1489 id
775 1429 958 1513 sequi
981 1424 1225 1511 ubique
1257 1423 1556 1487 volebant
1571 1471 1590 1505 ‚
1626 1423 2059 1511 quodcumque
2086 1438 2378 1511 tempore
2396 1445 2816 1510 quocumque

685 1531 840 1619 ipsis
867 1528 1198 1594 ‘verisimile‘
1230 1529 1577 1608 videretur,-
1603 1528 1686 1592 cf.
1718 1530 1822 1609 11,
1864 1533 1974 1610 14,
2009 1527 2113 1606 43.
2144 1526 2350 1615 quue
2382 1528 2596 1617 ipsum
2623 1528 2814 1592 etiam

686 1652 912 1699 contra
934 1651 1321 1724 perpetuum
1349 1634 1519 1716 ejus,
1552 1634 1606 1698 si
1630 1632 2086 1698 Academicum
2110 1633 2269 1722 agit,
2295 1654 2545 1697 morem
2571 1632 2813 1697 fuisset.

690 1742 822 1807 Alia
869 1743 1040 1807 enim
1088 1764 1189 1806 res
1232 1742 1476 1831 agitur,
1509 1743 1561 1804 si
1603 1742 1884 1805 Stoicam
1931 1762 2271 1829 personam
2326 1741 2578 1823 induit,
2625 1756 2701 1804 ut
2748 1741 2814 1804 in

690 1848 868 1913 libris
901 1848 982 1912 de
1005 1846 1312 1934 Legibus,
1340 1844 1423 1909 de
1449 1844 1695 1910 Officiis
1711 1895 1729 1927 ,
1758 1848 2057 1933 aliisque3
2081 1846 2260 1935 quod
2281 1846 2414 1910 huc
2439 1847 2630 1935 plane
2657 1847 2818 1911 nihil

688 1955 985 2042 pertinet.
1020 1954 1165 2016 Huc
1197 1951 1416 2037 potius
1452 1950 1788 2014 referenda
1824 1952 1986 2015 ratio
2019 1968 2116 2015 est
2136 2000 2154 2034 ,
2182 1975 2312 2040 qua
2353 1975 2504 2016 eum
2541 1953 2608 2015 in
2641 1951 2819 2016 libris

691 2057 773 2123 de
803 2058 1046 2122 Natura
1079 2059 1368 2122 Deorum
1400 2056 1525 2120 sub
1553 2057 1756 2119 Cottoe
1788 2078 2060 2144 persona
2096 2056 2572 2122 delitescentem
2599 2056 2822 2146 dispu-

693 2179 828 2227 tare
853 2160 1168 2226 videmus.

784 2267 948 2348 Quae
1000 2288 1203 2355 quum
1250 2266 1336 2331 ita
1379 2265 1544 2347 sint,
1594 2286 1730 2333 non
1784 2265 1925 2330 sine
1964 2288 2195 2356 magna
2241 2267 2473 2348 injuria
2521 2288 2820 2330 accusare

693 2389 1022 2437 auctorem
1054 2369 1361 2435 videntur
1381 2417 1399 2451 ‚
1437 2372 1553 2459 qui
1581 2372 1800 2461 inepte
1837 2395 1988 2435 eum
2033 2371 2429 2459 ridiculeque
2469 2372 2671 2459 egisse
2710 2393 2823 2434 au-

692 2496 981 2560 tumant,
1015 2478 1275 2567 Epicuri
1304 2476 1384 2542 de.
1420 2477 1658 2543 finibus
1689 2479 2007 2543 rationem
2029 2500 2109 2541 ex
2138 2479 2240 2542 illa
2269 2478 2634 2541 Stoicorum
2659 2499 2821 2541 con-

692 2587 1041 2666 futantem,
1076 2607 1315 2648 meram
1345 2606 1518 2664 esse,
1551 2607 1746 2672 quam
1766 2600 2038 2665 vocant,
2073 2583 2451 2672 petitionem
2487 2583 2818 2671 principii,

695 2713 909 2779 neque
948 2687 1303 2777 quidquam
1339 2688 1493 2753 inde
1524 2689 1714 2754 effici.
1758 2690 1886 2755 Sed
1921 2689 2216 2771 judicant
2248 2689 2353 2753 isti
2389 2711 2542 2752 sane
2576 2711 2653 2752 ex
2690 2710 2821 2752 suae

695 2795 1026 2859 sententiae
1074 2793 1343 2857 modulo
1395 2794 1462 2857 in
1501 2816 1609 2875 re,
1648 2818 1794 2883 quae
1843 2818 1922 2859 ex
1968 2796 2228 2859 alterius
2276 2794 2592 2860 sententia
2652 2792 2821 2857 aesti-

694 2900 926 2965 manda
961 2916 1156 2988 atque
1197 2900 1516 2964 metienda
1559 2917 1696 2964 erat
1729 2925 1744 2966 :
1785 2917 1850 2966 et
1881 2902 2002 2984 sic,
2041 2900 2222 2990 quod
2253 2901 2318 2965 in
2357 2901 2570 2966 Tullio
2606 2922 2823 2989 repre·

695 3006 1027 3089 hendunt,
1057 3007 1178 3095 ipsi
1205 3007 1660 3087 committunt3
1688 3022 1920 3095 petunt
1947 3007 2120 3072 enim
2143 3008 2551 3096 principium.
2581 3009 2823 3069 Auctor

697 3114 936 3201 quippe
965 3112 1087 3177 hac
1113 3113 1592 3201 comparatione
1619 3136 1752 3177 non
1782 3113 1849 3177 id
1875 3114 2101 3204 agebat
2117 3162 2135 3195 ,
2161 3131 2239 3178 ut
2265 3136 2345 3177 ex
2371 3112 2822 3201 oppositorum

695 3219 1172 3305 comparatione
1205 3219 1390 3305 (nihil
1420 3234 1637 3283 autem
1669 3220 1928 3308 Epicuri
1953 3221 2264 3309 voluptati
2284 3268 2303 3302 ,
2331 3231 2594 3299 εὐπαθείᾳ,
2623 3216 2822 3305 magis

700 3322 1088 3411 opponitur,
1121 3345 1315 3411 quam
1360 3323 1749 3406 honestum,
1785 3335 2037 3406 ἀπάθεια,
2071 3323 2511 3410 Stoicorum),
2559 3321 2823 3410 Epicuri

702 3428 1083 3497 sententiam
1129 3427 1347 3492 falsam
1369 3477 1387 3510 ,
1424 3452 1564 3493 eam
1600 3445 1826 3493 contra
1869 3430 2237 3494 Stoicorum
2277 3449 2491 3493 veram
2531 3449 2670 3494 esse
2702 3425 2822 3490 do-

700 3547 907 3611 ceret3
939 3546 1080 3593 tum
1115 3532 1287 3594 enim
1325 3533 1444 3596 ista
1488 3533 1652 3595 ratio
1700 3533 2056 3624 incongrua
2087 3533 2353 3596 fuisset:
2389 3531 2504 3596 sed
2537 3548 2645 3611 ut,
2679 3546 2825 3593 utra

700 3636 931 3699 harum
967 3636 1429 3701 sententiarum
1467 3637 1861 3726 probabilior
1905 3656 2071 3704 esset
2092 3688 2110 3722 ,
2146 3636 2632 3726 quodammodo
2677 3650 2825 3699 ante

699 3741 924 3805 oculos
943 3759 1325 3829 poneretur,
1356 3760 1422 3808 et
1444 3744 1625 3830 quasi
1653 3766 1768 3807 sua
1790 3763 2021 3831 sponte
2042 3761 2391 3834 appareret.
2417 3743 2494 3808 Id
2521 3765 2601 3806 eo
2627 3739 2825 3830 magis

699 3844 965 3927 licebat,
999 3869 1204 3934 quum
1241 3870 1317 3915 ex
1351 3850 1487 3936 ipsa
1521 3848 1934 3936 oppositione
1964 3849 2054 3913 rei
2090 3850 2220 3913 sive
2251 3850 2515 3930 veritas,
2551 3848 2682 3911 sive
2713 3868 2824 3909 va-

700 3951 865 4016 nitas
901 3975 1019 4040 per
1057 3976 1124 4017 se
1167 3955 1303 4042 ipsa
1338 3955 1568 4019 clarius
1615 3954 1979 4020 illucescat:
2015 3955 2251 4043 quibus
2300 3957 2473 4019 enim
2521 3948 2823 4042 gradibus

697 4058 957 4124 alterius
994 4058 1147 4123 inde
1180 4060 1590 4148 probabilitas
1622 4078 1898 4151 augetur
1936 4080 2004 4126 et
2040 4062 2297 4143 crescit,
2338 4060 2563 4125 iisdem
2598 4059 2700 4124 illa
2731 4058 2825 4123 al·
