3217 4784
1364 382 1460 447 M.
1514 382 1590 446 Ῥ.
1648 382 2127 454 CICERONIS

687 497 759 563 in
803 511 1227 566 testamento
1274 501 1896 595 scriptum·esset,
1938 528 2014 573 se
2056 502 2147 575 ab
2184 530 2272 575 eo
2315 524 2688 604 rogatum,
2734 526 2818 585 ut

687 607 923 677 omnis
984 602 1340 675 hereditas
1397 607 1488 677 ad
1548 607 1769 680 filiam
1834 616 2268 709 perveniret.
2331 616 2413 687 Id
2483 622 2814 695 Sextilius

686 713 948 785 sactum
988 712 1292 809 negabat
1313 712 1366 785 ⁶.
1413 722 1700 790 Poterat
1735 735 1978 792 autem
2016 726 2316 820 impune
2357 752 2373 795 ε
2415 728 2579 824 quis
2615 732 2811 802 enim

683 823 1192 920 redargueret?
1216 830 1444 898 Nemo
1483 845 1812 901 nostrum
1844 831 2225 905 credebat⁷
2244 863 2272 922 3-
2306 855 2604 934 eratque
2636 843 2812 912 veri-

684 934 1010 1020 similius,
1038 933 1235 1005 hunc
1267 940 1598 1024 mentiri,
1628 942 1836 1036 cujus
1871 948 2246 1015 interesset
2266 1001 2285 1034 ‚
2317 973 2534 1044 quarn
2566 950 2806 1039 illum,

684 1046 809 1140 qui
854 1041 927 1112 id
964 1068 1040 1114 se
1081 1068 1366 1142 rogasse
1408 1051 1846 1146 scripsisset,
1887 1055 2085 1151 quod
2126 1054 2492 1132 debuisset
2531 1087 2805 1160 rogare.

584 1184 587 1187 ¹
684 1150 1013 1224 Addebat
1042 1157 1254 1225 etiam
1279 1210 1298 1244 ‚
1325 1181 1401 1228 se
1437 1160 1511 1228 in
1549 1159 1781 1257 legem
1810 1167 2208 1236 Voconiam
2230 1159 2263 1212 ⁸
2292 1168 2607 1263 juratum
2639 1197 2808 1245 con·
2855 1204 2870 1223 ι

684 1276 794 1333 tra
830 1287 986 1333 earn
1037 1262 1268 1337 facere
1306 1291 1458 1337 non
1495 1268 1800 1359 audere,
1843 1274 1981 1344 nisi
2013 1275 2216 1346 aliter
2254 1279 2498 1350 amicis
2530 1278 2806 1351 videre-

685 1385 825 1442 tur.
872 1369 1260 1444 Aderamus
1301 1400 1434 1446 nos
1477 1376 1774 1474 quidem
1804 1381 2290 1457 adolescentes
2315 1440 2336 1475 ,
2379 1387 2555 1459 sed9
2592 1391 2805 1461 etiam

689 398 823 441 222

682 1574 894 1637 suspicio
929 1576 1172 1624 enascitur
1200 1590 1214 1624 :
1243 1593 1357 1627 nam
1384 1580 1533 1643 alias,
1561 1604 1587 1623 «r
1606 1597 1704 1630 me-

681 1653 800 1702 mini
817 1655 1059 1715 Pisonem,
1075 1672 1225 1718 quum
1245 1657 1442 1707 diceret.
1463 1659 1703 1723 Equidem

682 1750 710 1780 e
735 1735 825 1783 Cn.
855 1731 1055 1781 Aufidio
1093 1770 1106 1783 .
1130 1769 1143 1782 .
1165 1771 1177 1784 .
1216 1736 1380 1784 audivi
1397 1771 1413 1796 ,
1439 1754 1588 1801 quum
1614 1774 1627 1787 .
1650 1775 1662 1784 .
1688 1775 1702 1788 .

683 1813 865 1861 dii-eret
888 1833 928 1859 ο.
975 1812 1071 1859 Sed
1111 1813 1281 1860 scribit
1326 1815 1454 1864 idem
1506 1833 1704 1881 quoque

681 1892 817 1939 Orat.
837 1893 914 1948 11,
935 1893 993 1950 6,
1017 1905 1113 1939 aa:
1135 1893 1308 1955 «Saepe
1331 1908 1389 1940 ex
1408 1910 1579 1941 socero
1594 1912 1704 1943 meo

679 1969 874 2025 audivi,
908 1984 1061 2031 quum
1084 1968 1126 2013 is
1146 1967 1330 2016 diceret
1346 1990 1387 2016 ο.
1416 1973 1485 2018 At
1506 1973 1634 2019 enim
1656 1988 1702 2020 v.

681 2062 780 2094 rem
800 2076 817 2107 ,
862 2047 912 2093 in
935 2061 1029 2109 qua
1054 2047 1412 2109 transponenda
1443 2049 1668 2098 turbatur
1684 2086 1699 2107 ,

678 2141 742 2173 ex
793 2125 950 2189 glossa
1008 2124 1264 2173 adhaesisse
1280 2158 1296 2184 ,
1359 2126 1579 2176 dubitare
1622 2130 1706 2177 vix

678 2203 874 2261 licebit,
902 2203 945 2249 si
972 2203 1240 2267 reputaris,
1275 2220 1421 2268 quam
1454 2222 1582 2272 sepe
1613 2208 1704 2257 ista

679 2284 826 2330 textis
877 2282 1148 2330 inculcetur
1167 2319 1183 2345 ,
1244 2301 1487 2348 quamque
1530 2303 1702 2351 parum

677 2361 783 2422 ejus
826 2360 920 2409 hac
959 2362 1012 2408 in
1053 2362 1206 2410 Forma
1234 2379 1363 2427 opus
1402 2366 1483 2415 sit.
1523 2367 1703 2416 Turba

677 2440 827 2504 igitur
842 2456 1033 2489 cansam
1063 2442 1351 2506 expulimus.

748 2521 798 2568 6.
826 2522 886 2568 Se
919 2536 1018 2568 esse
1065 2520 1288 2569 heredem
1328 2558 1341 2571 .
1366 2560 1379 2571 .
1412 2560 1424 2572 .
1463 2526 1699 2589 negabat.

676 2601 795 2647 Haec
834 2600 1056 2665 inprimis
1089 2602 1371 2649 Perizonius
1397 2605 1451 2651 in
1477 2603 1702 2653 disserta-

677 2677 892 2726 tionibus
933 2700 956 2721 ‹-
988 2678 1049 2726 de
1091 2680 1197 2744 lege
1241 2683 1464 2730 Voconia
1502 2684 1701 2731 femina-

675 2773 882 2820 rumque
903 2757 1037 2822 apud
1058 2762 1259 2808 Veteres
1277 2759 1631 2810 hereditatibus
1647 2786 1672 2805 a·
1684 2798 1698 2823 ,

675 2834 794 2884 diss.
812 2839 885 2884 111
904 2873 918 2898 ,
943 2854 992 2901 p.
1021 2846 1117 2894 114
1139 2855 1278 2903 seqq.
1300 2850 1522 2888 accurate
1549 2858 1700 2905 expo-

675 2917 801 2974 suit3
822 2927 878 2964 ut
898 2916 947 2965 h.
973 2916 1007 2964 l.
1034 2917 1089 2964 id
1109 2920 1354 2967 monuisse
1375 2916 1597 2965 sufficiat.
1626 2921 1699 2967 Ex

675 2994 780 3059 lege
808 2996 899 3043 ista
917 3012 1069 3059 quum
1096 2996 1397 3060 prohibitum
1423 3007 1572 3054 esset,
1590 3018 1613 3040 ι
1635 3014 1698 3047 ne

675 3075 695 3136 (
714 3075 854 3138 quis)
868 3074 1090 3123 heredem
1106 3077 1364 3138 virginem,
1387 3075 1697 3125 mulieremve

674 3155 850 3203 faceret
896 3169 909 3203 :
956 3170 1055 3202 neu
1094 3155 1285 3202 mulieri
1326 3154 1452 3202 ultra
1499 3167 1694 3205 centum

673 3233 820 3281 millia
872 3235 976 3282 11-s
1020 3233 1197 3297 legaret
1229 3255 1254 3275 n
1288 3250 1300 3281 ε
1327 3233 1503 3282 Fadius
1537 3236 1695 3285 Sexti-

672 3313 792 3361 lium
810 3328 862 3359 ea
880 3312 1165 3359 conditione
1176 3312 1402 3361 heredem
1421 3315 1692 3379 scripserat,

672 3402 730 3439 nt
752 3390 859 3447 hic,
885 3389 973 3437 illo
998 3401 1223 3449 mortuo,
1258 3391 1392 3440 illius
1421 3391 1533 3442 filiae
1554 3395 1692 3444 here-

570 3530 579 3537 ·
673 3467 869 3515 ditatem
922 3466 1114 3532 plenam
1161 3468 1385 3518 traderet.
1433 3472 1691 3533 Adjecerat

672 3544 846 3594 Radius
867 3548 1137 3594 testamenti
1156 3548 1318 3595 verbis
1334 3550 1600 3615 ,idipsum
1639 3569 1690 3602 se

668 3642 695 3672 a
715 3623 919 3673 Sextilio
944 3640 1156 3689 rogasse.
1180 3628 1248 3675 At
1275 3626 1356 3676 hie
1377 3629 1609 3693 negabat,
1637 3648 1689 3679 se

668 3702 932 3766 quidquam
961 3719 989 3751 a
1019 3704 1170 3753 Fadio
1204 3707 1309 3765 ejus
1343 3708 1414 3755 rei
1440 3725 1583 3756 causa
1608 3725 1687 3757 ro-

667 3790 829 3843 gatum
851 3796 969 3829 esse.
990 3784 1098 3844 Qua
1126 3800 1176 3831 re
1203 3785 1433 3835 Sextilius
1451 3788 1685 3851 reliquam

666 3858 977 3907 hereditatem
1007 3877 1141 3909 suam
1184 3864 1326 3924 fecit,
1358 3866 1431 3913 sic
1457 3876 1512 3914 ut
1539 3867 1685 3916 Fadia

666 3936 816 3986 inodo
850 3952 1066 3995 romono
1102 3943 1200 3989 H·S
1246 3958 1308 3990 ex
1344 3943 1506 4009 legato
1556 3948 1685 3993 aeci-

664 4026 818 4078 peret.
852 4017 922 4063 Ita
968 4017 1163 4080 quidem
1196 4020 1288 4068 iste
1328 4021 1506 4079 homo,
1546 4023 1685 4074 heres

663 4095 815 4144 modo
835 4093 1115 4146 fiduciarius
1138 4114 1285 4162 quum
1306 4111 1445 4164 esset,
1460 4102 1681 4154 heredem

1789 1601 1955 1634 verum
1973 1586 2231 1637 inhonesto
2252 1591 2500 1640 mendacio
2518 1609 2569 1640 se
2585 1593 2717 1641 fecit.
2740 1595 2805 1642 G.

1867 1682 1914 1726 7.
1938 1667 2094 1714 Nemo
2118 1680 2386 1717 nostrorum
2413 1671 2663 1719 credebat:
2681 1684 2806 1719 emo—

1792 1759 1902 1807 que.
1929 1745 2009 1792 Sic
2045 1745 2170 1809 Spir.
2203 1748 2302 1797 Erl.
2332 1759 2381 1796 et
2406 1750 2538 1798 Crat.
2570 1751 2620 1797 in
2649 1767 2802 1814 marg.

1790 1833 1843 1870 nt
1866 1836 1929 1873 ex
1948 1823 2047 1872 Pal.
2073 1840 2093 1871 r
2114 1835 2237 1874 etex
2250 1829 2374 1876 Scal.
2392 1828 2501 1876 eod.
2522 1830 2706 1892 primus
2724 1830 2803 1879 de·

1791 1902 1864 1950 dit
1883 1904 2075 1953 Gruter.
2103 1908 2177 1953 Ita
2212 1907 2424 1954 referunt
2450 1908 2591 1955 etiam
2620 1908 2798 1957 Ellens.

1792 1998 1821 2030 α
1842 2019 1858 2045 ,
1882 1994 1932 2030 et
1955 1984 2153 2033 Oxonn.
2178 1987 2233 2034 E.
2259 1996 2308 2033 et
2335 1982 2376 2044 ξ.
2403 1986 2599 2051 Reliqui
2633 1989 2803 2054 scripti

1791 2077 1958 2110 omnes
2004 2079 2108 2111 non
2148 2065 2376 2113 credebat
2397 2099 2412 2123 ,
2446 2065 2533 2113 sed
2567 2069 2799 2133 negabat.

1790 2141 1951 2191 Brem.
2004 2144 2245 2209 negabat,
2302 2145 2566 2194 absurdum
2635 2147 2755 2196 dicit
2784 2159 2799 2208 3

1790 2232 1957 2270 eontra
1979 2239 2098 2272 vero
2122 2224 2269 2273 Rath.
2295 2226 2522 2274 credebat
2537 2262 2551 2286 ,
2583 2227 2800 2291 ineptum

1789 2300 2032 2365 perhibet.
2061 2304 2171 2351 Utri
2197 2302 2392 2361 credas,
2422 2305 2668 2367 quaeritur.
2696 2307 2804 2356 Cre·

1787 2380 1961 2440 debat,
1982 2382 2017 2429 i.
2045 2399 2087 2431 e.
2108 2381 2266 2449 fidem
2289 2380 2525 2439 habebat,
2553 2399 2621 2430 sc.
2641 2384 2802 2433 verbis

1787 2459 1917 2522 ejus,
1945 2459 2024 2506 vel
2044 2459 2271 2524 neganti,
2298 2474 2385 2504 cur
2406 2460 2573 2521 inepte
2593 2459 2798 2519 dicatur,

1785 2550 1877 2584 nos
1920 2547 2048 2584 certe
2099 2550 2268 2599 parum
2311 2535 2623 2598 intelligimus
2653 2553 2668 2586 ε
2698 2554 2798 2601 quo

1785 2615 1936 2662 modo
1984 2624 2143 2661 autem
2186 2613 2400 2677 negabat
2457 2613 2523 2661 sd
2569 2625 2798 2665 contexta

1783 2694 1874 2741 rite
1897 2694 2052 2756 aptari
2074 2693 2261 2757 possit,
2294 2694 2686 2758 interpunctione
2719 2696 2798 2746 vel

1785 2773 2004 2836 penitus,
2032 2785 2088 2822 ut
2115 2772 2319 2822 Rathius
2344 2774 2473 2832 vult,
2502 2786 2709 2836 mutata,
2727 2778 2796 2826 ita

1784 2867 1875 2899 nos
1898 2868 2012 2899 sane
2047 2854 2355 2914 eaecutimns,
2377 2864 2433 2902 ut
2463 2856 2663 2904 verbum
2698 2858 2797 2906 hoc

1783 2946 1810 2977 a
1841 2930 2012 2978 scribis
2039 2948 2100 2980 ex
2129 2934 2369 2997 proximis
2388 2934 2510 2982 male
2537 2938 2794 2999 repetitum

1777 3009 2071 3069 judicemus.
2092 3015 2199 3061 Hoc
2212 3024 2372 3061 autem
2389 3013 2654 3072 cernimus,
2668 3027 2792 3079 part.

1782 3105 1905 3152 que,
1943 3089 2088 3138 immo
2119 3091 2280 3154 potins
2317 3102 2514 3151 notare,
2553 3096 2796 3143 contextis

1779 3168 1846 3216 ita
1862 3169 2219 3218 cohaerentibus
2235 3186 2285 3217 :u
2297 3171 2455 3219 Nemo
2470 3187 2530 3220 ex
2543 3173 2795 3222 advocatis

1778 3248 1924 3296 nobis
1949 3250 2002 3296 in
2027 3248 2145 3307 hoc,
2184 3249 2321 3312 quod
2360 3251 2588 3300 Sextilius
2614 3255 2793 3301 sactum

1777 3340 1880 3375 esse
1897 3328 2122 3392 negabat,
2137 3327 2283 3377 fidem
2302 3331 2346 3377 ei
2359 3347 2492 3378 suam
2509 3331 2791 3382 addicebat:

1775 3405 1925 3469 idque
1950 3408 2100 3470 magis
2118 3441 2132 3465 ‚
2151 3424 2302 3471 quum
2324 3420 2448 3457 esset
2478 3408 2794 3458 verosimilius

1779 3519 1792 3532 .
1814 3521 1828 3532 .
1854 3521 1865 3532 .
1884 3521 1897 3533 .
1923 3483 2083 3534 Aucta
2102 3496 2174 3535 est
2191 3487 2243 3534 in
2260 3502 2370 3534 eum
2388 3489 2600 3554 suspicio
2615 3525 2630 3549 ‚
2656 3490 2792 3552 quod

1775 3564 1918 3611 etiam
1946 3565 2156 3613 addebat
2177 3601 2191 3625 ‚
2217 3584 2266 3616 se
2288 3569 2449 3627 jurare
2469 3583 2569 3615 non
2585 3567 2761 3616 audere
2779 3603 2793 3626 ,

1775 3652 1873 3692 etc.
1898 3665 1922 3685 ι·
1947 3644 2007 3692 G.

1847 3724 1898 3770 8.
1931 3727 2111 3789 Legem
2143 3727 2428 3774 Voconiam.
2455 3729 2579 3789 Qua!
2605 3726 2700 3775 lata
2717 3739 2792 3776 est

1772 3815 1901 3851 anno
1921 3805 1982 3851 U.
1997 3805 2055 3856 C.
2089 3807 2188 3863 584
2214 3821 2242 3853 a
2274 3806 2501 3853 Voconio
2528 3807 2649 3853 Saxa
2676 3806 2788 3855 trib.

1774 3879 1840 3941 pl.
1867 3879 1928 3927 de
1950 3897 2044 3945 qua
2069 3882 2167 3929 vid.
2196 3893 2304 3931 not.
2328 3898 2438 3945 sup.
2466 3884 2541 3930 De
2565 3883 2658 3931 hac
2681 3885 2789 3950 lege

1773 3957 1836 4006 cf.
1867 3959 2197 4022 Montesqm‘en
2217 3995 2232 4018 ,
2248 3961 2411 4024 Espn‘t
2427 3961 2511 4008 des
2532 3962 2641 4010 Lais
2657 3998 2671 4021 ‚
2698 3965 2782 4014 lib.

1773 4039 1828 4084 Χ
1827 4037 1923 4084 KV
1924 4039 1996 4093 11,
2024 4039 2119 4085 Des
2144 4038 2234 4086 Iois
2255 4055 2339 4086 sm·
2354 4039 2423 4087 les
2444 4041 2750 4093 successivus.

1845 4130 1895 4177 9.
1929 4116 2029 4164 Sed
2041 4116 2202 4166 etiam.
2240 4119 2436 4169 Itatres
2465 4123 2660 4184 nostri,
2690 4134 2786 4173 tot·
