3217 4784
615 416 751 541 αα.
1287 467 1381 531 Μ.
1434 466 1509 531 Τ.
1565 464 2052 533 οιοΕΒοΝιε

612 580 851 651 verbis
880 581 1188 677 utitur),
1225 608 1465 680 neque
1500 582 1898 681 intelligere
1918 637 1937 667 ‚
1971 606 2214 679 neque
2247 580 2488 654 videre
2509 581 2563 670 ⁵,
2594 583 2739 655 sub

610 687 747 760 hac
813 713 988 761 voce
1048 689 1442 764 honestatis
1497 718 1659 790 quae
1709 695 1800 764 sit
1855 689 2295 786 subjicienda
2352 692 2734 762 sententia.

610 801 713 869 Ut
748 802 939 869 enim
973 803 1422 874 consuetudo
1450 802 1802 901 loquitur,
1837 801 1910 873 id
1941 801 2172 875 solum
2210 801 2470 872 dicitur
2501 799 2736 872 hone-

611 908 1040 1004 stum‚quod
1067 925 1173 982 est
1201 913 1533 1010 p'opulari
1558 911 1743 984 fama
1771 911 2185 1008 gloriosum.
2211 909 2448 1000 Quod,
2477 911 2738 1007 inquit,

611 1042 1051 1116 quamquam
1090 1022 1581 1121 voluptatibus
1616 1019 2050 1120 quibusdam
2095 1035 2205 1092 est
2244 1044 2431 1117 saepe
2465 1021 2738 1114 jucun-

507 1131 576 1193 49
613 1127 808 1213 (lius,
865 1143 1106 1202 tamen
1157 1137 1521 1231 expetitur
1562 1148 1864 1230 propter
1911 1132 2378 1229 voluptatem.
2419 1129 2744 1201 Videsne·

610 1262 829 1333 quam
860 1240 952 1310 sit
981 1265 1239 1339 magna
1262 1241 1661 1315 dissensio?
1687 1240 2167 1337 Philosophus
2196 1238 2493 1324 nobilis,
2519 1265 2559 1310 a
2586 1266 2735 1337 quo

608 1372 759 1417 non
778 1336 1035 1421 ‘solum
1087 1356 1357 1425 Graecia
1395 1367 1467 1424 et
1502 1353 1742 1440 Italia,
1786 1350 1913 1423 sed
1960 1352 2173 1421 etiam
2212 1351 2444 1420 omnis
2483 1347 2742 1421 barba--

609 1458 715 1528 ria
755 1476 1118 1532 commota
1153 1477 1297 1549 est,
1343 1462 1728 1533 honestum
1765 1459 1944 1557 quid
1983 1460 2106 1545 sit,
2143 1459 2202 1531 si
2230 1457 2305 1529 id
2339 1483 2488 1528 non
2523 1471 2630 1529 est
2660 1459 2740 1527 in

612 1569 1024 1667 voluptate,
1060 1588 1272 1670 negat
1312 1599 1388 1645 se
1420 1573 1819 1669 intelligere
1853 1597 1868 1639 :
1911 1572 2045 1641 nisi
2083 1567 2269 1640 forte
2308 1567 2508 1653 illud,
2533 1566 2730 1663 quod

610 1676 1097 1752 multitudinis
1128 1706 1419 1754 rumore
1456 1677 1858 1754 laudeturss.
1883 1686 2034 1778 Ego
2061 1694 2325 1764 autem,
2352 1679 2492 1748 hoc
2523 1679 2734 1747 etiam

609 1801 824 1886 turpe
854 1815 1006 1863 esse
1034 1817 1254 1890 saepe,
1277 1792 1521 1889 judico
1541 1804 1605 1881 ⁷.;
1641 1806 1737 1880 et,
1769 1788 2151 1891 siquando
2187 1803 2398 1885 turpe
2436 1811 2582 1857 non
2612 1786 2736 1873 sit,

612 1988 742 2025 cent.
769 1980 930 2041 Quare
952 1980 1097 2028 etiam
1122 1981 1305 2029 Davisii
1334 1992 1536 2029 conatus
1558 1997 1634 2029 re-

1721 1981 1914 2030 mittere
1959 1995 1973 2028 :
2012 1995 2169 2043 eoque
2210 1979 2398 2035 minus,
2440 1994 2541 2042 quo
2575 1978 2740 2041 plures

611 2057 898 2120 primendus
923 2070 1025 2114 est,
1065 2057 1228 2107 inanfs
1252 2076 1399 2107 voces
1430 2060 1637 2109 suaden-

1721 2059 1950 2106 Virorum
1978 2061 2249 2107 Doctorum
2276 2058 2610 2122 reperiuntur,
2652 2059 2742 2121 qui

612 2135 677 2180 tis
692 2167 706 2191 ,
722 2150 874 2196 quum
900 2135 961 2183 de
982 2152 1078 2183 una
1092 2136 1343 2184 honestate
1364 2153 1524 2186 sermo
1551 2137 1635 2187 sit.

614 2212 774 2257 Immo
789 2213 955 2275 potius
963 2229 1113 2276 quum
1126 2214 1289 2278 plures
1303 2216 1450 2265 codd.
1462 2227 1509 2264 et
1519 2226 1636 2264 vett.

616 2288 730 2336 edd.
742 2305 867 2337 voce
884 2290 1031 2338 ἰπαπὲ
1044 2302 1378 2358 transponant,
1391 2295 1443 2342 in
1462 2296 1639 2359 quibus

618 2378 695 2415 est
736 2369 863 2431 spir.
907 2370 1005 2420 Erl.
1051 2374 1199 2422 Mars.
1250 2385 1419 2440 putare
1460 2375 1603 2425 liceat
1622 2409 1639 2436 ‚

617 2457 861 2495 auctorem
881 2450 1129 2514 scripsisse
1155 2453 1302 2501 inane
1334 2470 1508 2503 sonare
1520 2474 1542 2513 ,·
1567 2455 1640 2503 sic

621 2536 675 2572 ut
706 2542 833 2574 voce
868 2544 897 2575 s
933 2531 1104 2579 scribis
1134 2534 1407 2596 profectum
1438 2546 1639 2584 statuas.

619 2608 695 2653 Its
718 2606 834 2654 alias
853 2613 1180 2671 contrarium,
1202 2627 1415 2679 agreste,
1439 2628 1534 2666 etc.
1558 2632 1641 2663 so-

620 2699 742 2731 nare
766 2686 947 2734 scribit.
976 2688 1039 2738 G.

695 2764 745 2813 5.
767 2766 941 2829 Neque
961 2768 1252 2835 intelligere,
1270 2787 1432 2835 neque
1449 2771 1641 2821 videre.

622 2842 867 2891 Offendor
884 2845 937 2892 in
962 2848 1148 2899 verbis.
1175 2866 1334 2912 neque
1351 2849 1643 2913 intelligere,

623 2932 867 2986 tamquam
914 2924 976 2973 de
1018 2927 1178 2989 gloss·
1221 2928 1474 2991 suspectis.
1518 2928 1644 2975 Nsm

622 3001 796 3051 videre
808 3003 871 3050 sd
888 3005 1128 3065 animum,
1146 3018 1202 3054 ut
1214 3022 1366 3070 σερε,
1387 3005 1643 3068 pertinere,

623 3096 713 3144 per
736 3098 786 3129 se
812 3094 943 3146 patet
985 3098 999 3133 ε
1030 3095 1175 3148 atque
1209 3086 1250 3133 si
1277 3086 1346 3133 sic
1370 3095 1543 3134 auctor
1566 3086 1645 3134 in·

627 3158 844 3224 alliget-e
861 3162 1082 3211 additum
1116 3163 1369 3222 voluisset,
1408 3164 1542 3213 velut
1568 3166 1646 3213 in-

629 3242 987 3302 terpretationis
1045 3242 1158 3292 loco
1207 3243 1486 3304 subjecisset
1507 3278 1523 3302 ,
1571 3247 1648 3293 uti

626 3318 771 3366 solet.
818 3317 1043 3369 offendit
1080 3323 1223 3370 etism
1272 3322 1455 3387 duplex
1493 3341 1651 3388 neque

628 3397 683 3443 in
724 3397 882 3444 verbis
920 3398 1121 3448 notione
1157 3401 1281 3449 nihil
1309 3402 1528 3451 diversis.
1570 3405 1649 3453 Ne

630 3474 741 3537 quis
785 3485 946 3522 sutem
983 3480 1271 3541 opposuerit
1318 3483 1461 3529 Verr.
1492 3484 1544 3540 1,
1580 3499 1614 3546 9
1634 3520 1649 3542 ‚

632 3553 700 3600 25
719 3567 734 3601 t
751 3554 938 3617 «Quod
952 3571 1103 3618 quum
1118 3568 1242 3606 esset
1253 3559 1546 3608 intellectum
1564 3597 1579 3621 ‚
1602 3573 1653 3611 et

631 3631 1017 3681 animadversum
1040 3656 1064 3677 a
1093 3651 1108 3685 :
1136 3651 1249 3684 nam
1270 3637 1655 3687 animadvertere

632 3711 688 3760 h.
714 3711 750 3758 1.
775 3722 847 3759 est
870 3711 1175 3780 behet-sigen.
1201 3716 1298 3764 Sed
1331 3717 1384 3764 in
1410 3717 1488 3765 his
1507 3728 1555 3765 et
1578 3729 1655 3765 ta-

633 3791 762 3839 libus
795 3791 1073 3855 ambiguum
1102 3805 1175 3842 est
1195 3795 1434 3856 judicium
1475 3810 1489 3844 τ
1525 3797 1654 3846 forte

634 3879 806 3918 auctor
842 3883 1014 3923 contra
1055 3874 1253 3923 solitum
1298 3892 1439 3924 suum
1468 3891 1653 3924 morem

634 3947 808 3996 videre
835 3965 927 4015 pro
954 3953 1088 4000 clare
1112 3953 1383 4020 perspicere
1418 3955 1573 4016 dixit,
1597 3965 1654 4004 ut

634 4028 709 4076 his
752 4028 973 4093 quadam
1021 4031 1240 4094 gradatio
1281 4034 1397 4082 insit
1435 4048 1451 4081 ε
1484 4048 1655 4096 quam-

631 4123 774 4169 quam
797 4109 871 4156 vel
893 4109 963 4157 sic
990 4112 1191 4175 repetita
1219 4128 1376 4176 neque
1407 4112 1642 4160 offendet.

630 4190 887 4238 Noluimus
913 4202 1043 4239 certe
1070 4191 1173 4238 haec
1198 4191 1330 4239 sicco
1348 4189 1471 4254 pede
1492 4200 1646 4243 truns-

1722 2137 1787 2185 ιὰ
1824 2138 1917 2184 ista
1957 2153 2021 2184 ue
2059 2137 2314 2185 attendant
2351 2135 2580 2201 quidem,
2618 2152 2742 2201 prae·

1723 2228 1959 2281 conceptu
1986 2218 2218 2281 opinione
2238 2216 2485 2281 impediti,
2522 2231 2744 2264 scervsre

1723 2297 2010 2346 Ciceronem
2025 2299 2373 2359 cujuscumque
2395 2297 2583 2360 generis
2599 2284 2745 2360 syuo-

1724 2393 1871 2442 nyms
1897 2377 2078 2437 solere,
2120 2377 2227 2423 solo
2261 2375 2427 2422 nescio
2462 2390 2562 2437 quo
2587 2375 2745 2422 inanis

1724 2458 1912 2505 numeri
1935 2455 2116 2503 tinnitu
2134 2465 2451 2500 commotum.
2476 2454 2539 2500 G.

1797 2536 1846 2582 6.
1886 2530 2151 2596 Nisiforee
2187 2530 2336 2587 illud,
2364 2529 2503 2592 quod
2638 2530 2746 2577 lau·

1727 2612 1882 2660 dener.
1905 2612 2111 2658 Goerenz
2144 2608 2226 2656 dat
2252 2606 2505 2654 laudatur.
2529 2609 2603 2654 Its
2622 2642 2637 2668 ‚
2667 2607 2747 2655 in-

1727 2690 1833 2753 quit
1850 2723 1864 2747 ‚
1890 2705 1953 2736 ex
1972 2686 2217 2751 Spirensi,
2243 2685 2343 2734 Erl.
2364 2696 2414 2733 et
2433 2689 2558 2734 Ven.
2586 2695 2716 2749 1494
2730 2722 2748 2747 ,

1727 2766 1993 2823 edidimus,
2025 2781 2175 2829 quum
2199 2764 2351 2829 vulgo
2381 2765 2607 2813 laudetur
2626 2766 2748 2814 scri-

1727 2847 1872 2895 batur
1899 2861 1912 2895 :
1938 2844 2025 2893 sed
2047 2857 2160 2910 post
2188 2842 2434 2908 nisiforte
2460 2861 2649 2910 semper
2666 2847 2746 2894 iu·

1730 2925 1968 2973 diestivus
2007 2926 2144 2989 sequi
2192 2923 2355 2973 debet.
2401 2924 2512 2971 Hoc
2563 2934 2747 2972 certum

1730 3020 1832 3052 esse
1857 3016 1908 3052 et
1930 3004 2257 3052 indubitatum
2281 3036 2295 3060 ‚
2333 3003 2533 3067 probari
2571 3004 2752 3066 insigni

1731 3085 1953 3133 locorum
1990 3100 2194 3133 numero
2220 3093 2410 3148 posset;
2434 3083 2597 3147 plures
2622 3083 2749 3130 enim

1733 3181 1877 3229 quam
1907 3173 1972 3222 ⁴0
1996 3175 2222 3214 enotstos
2256 3174 2369 3212 ante
2407 3163 2578 3211 oculos
2603 3162 2751 3210 habe-

1735 3260 1861 3294 mus.
1897 3271 1969 3281 —
1991 3243 2287 3293 Addendum
2326 3242 2448 3301 hoc,
2492 3241 2592 3289 πίει·
2608 3240 2754 3306 forte

1736 3325 1964 3373 Ciceroni
1989 3339 2227 3388 nusquam
2245 3356 2260 3380 ,
2296 3321 2389 3369 nisi
2415 3337 2526 3368 cum
2545 3320 2750 3383 qusdsrn

1735 3402 1893 3452 ironis
1922 3403 2035 3452 dici.

1812 3498 1837 3542 7
1849 3518 1861 3530 .
1883 3483 1989 3529 Hoc
2009 3480 2156 3529 etiam
2174 3491 2211 3528 e.
2230 3495 2331 3527 esse
2347 3472 2622 3541 saepe‚jud.'
2635 3477 2752 3523 Haec

1736 3561 1986 3623 sep-ratim
2021 3557 2435 3622 interpunximus‚
2462 3570 2523 3601 ne
2561 3556 2614 3601 in
2656 3553 2753 3600 loci

1737 3654 1861 3687 sono
1880 3638 2140 3686 sberrsres.
2170 3640 2309 3699 Saepe
2330 3635 2458 3683 enim
2487 3648 2600 3680 cnm
2628 3632 2677 3679 vi
2701 3632 2753 3679 iu

1737 3718 1949 3766 clausula
1965 3719 2230 3787 repositum
2248 3726 2321 3763 est
2340 3730 2355 3771 ς
2373 3713 2437 3760 cf.
2459 3711 2522 3760 sd
2542 3715 2755 3766 Herenn,

1737 3798 1828 3857 lv,
1852 3812 1913 3844 io
1927 3833 1942 3856 ‚
1970 3799 2030 3843 ¹5
2047 3810 2060 3843 ε
2077 3817 2098 3839 ι
2120 3796 2245 3843 Nam
2264 3803 2318 3839 ut
2334 3790 2557 3853 corporis
2575 3788 2754 3837 bonam

1738 3874 2072 3924 habitudinem
2119 3886 2282 3921 tumor
2323 3871 2538 3918 imitatur
2583 3885 2716 3935 stepe
2741 3906 2757 3927 ‚

1738 3957 1838 4014 its,
1864 3966 1994 4004 ete.»
2037 3954 2136 4002 off.
2188 3953 2262 4008 11,
2312 3956 2403 4005 nt,
2445 3965 2470 4009 7
2491 3985 2506 4010 ‚
2548 3972 2572 3991 ιι
2598 3960 2757 3997 tamen

1739 4036 1881 4083 etism
1907 4032 2149 4082 accusatio
2168 4029 2370 4095 probata
2389 4039 2460 4076 est
2486 4044 2700 4094 persaepe
2716 4050 2754 4077 ι..

1738 4114 1820 4161 sio
1846 4114 1974 4161 enim
1993 4112 2065 4160 ibi
2091 4108 2419 4158 scribendum.
2449 4108 2617 4156 Etiam
2643 4121 2756 4173 post

1735 4204 1897 4241 tamen
1920 4201 1992 4239 est
2012 4190 2098 4239 ve!
2115 4224 2131 4248 ‚
2162 4189 2308 4247 adeo,
2340 4200 2390 4238 et
2410 4200 2481 4236 esc
2509 4188 2758 4239 retrahunt
