3217 4784
779 395 903 463 DE
956 395 1128 464 FIN.
1184 395 1392 462 ssoN.
1448 394 1560 461 ET
1614 393 1827 495 Μᾼι.
1883 396 1983 475 11,
2038 418 2136 489 ¹7.

2384 420 2508 464 2⁶1!

500 519 711 589 xvll.
747 520 908 586 Non
942 518 1158 612 igitur
1185 514 1275 584 de
1307 512 1675 610 improb0‚
1701 513 1825 584 sed
1855 516 2145 587 callide¹
2187 517 2521 614 improbo

398 629 813 724 quaerimu5‚
858 626 1091 722 qualis
1145 626 1234 713 Q.
1294 624 1680 719 Pompeius
1723 626 1796 693 in
1840 623 2162 696 foedere²
2207 632 2522 698 Numan·

402 739 549 808 tino
613 735 993 806 infitiando
1050 733 1221 819 fuit,
1272 757 1407 803 nec
1463 756 1639 802 vero
1704 739 1946 806 omnia
2007 738 2344 823 timente;
2396 737 2522 807 sed

397 843 760 942 primunt-³
807 847 935 941 qui
984 845 1201 913 animi
1259 843 1768 913 conscientiam
1820 869 1967 914 non
2020 862 2264 933 curet,
2303 871 2523 943 quam

396 956 658 1027 scilicet
690 956 1167 1051 comprimet-‘e
1198 951 1377 1021 nihil
1408 966 1515 1022 est
1552 953 1847 1045 negotii.
1885 957 1953 1023 Is
1990 958 2211 1043 enirn,
2248 960 2378 1052 qui
2405 981 2523 1025 oc·

395 1066 632 1135 cultus
676 1078 748 1133 et
787 1076 1017 1132 tectus
1053 1060 1338 1147 dicitur,
1383 1074 1662 1131 tantum
1708 1061 1947 1149 abest,
1979 1078 2059 1133 ut
2097 1090 2170 1134 se
2210 1064 2479 1136 indicet
2505 1120 2522 1149 ‚

397 1171 718 1269 perficiet
757 1175 1006 1259 etiam,
1044 1185 1128 1241 ut
1157 1169 1401 1242 dolere
1441 1170 1736 1242 alterius
1775 1172 2109 1269 improbe
2145 1173 2380 1245 facto‘*
2423 1177 2518 1244 vi·-

396 1283 652 1352 deatur
684 1310 697 1351 :
737 1282 909 1377 quid
942 1297 1050 1363 est
1085 1284 1280 1352 enim
1313 1279 1506 1351 aliud
1532 1335 1550 1363 ‚
1589 1306 1740 1352 esse
1775 1284 2191 1352 versutum?
2226 1288 2519 1355 Memini
2559 1311 2627 1362 55

397 1417 511 1462 me
549 1391 794 1463 adesse
833 1397 906 1462 P.
956 1392 1250 1464 Sextilio
1298 1391 1529 1478 Rufo,
1569 1418 1796 1487 quum
1839 1395 1897 1463 is
1934 1390 2022 1461 ad
2059 1395 2325 1465 amicos
2368 1420 2520 1467 rem

396 1505 490 1571 ita
542 1501 848 1573 deferret
866 1492 919 1587 5,
959 1527 1035 1571 se
1078 1527 1230 1572 esse
1271 1500 1609 1571 heredem
1659 1504 1746 1589 Q.
1778 1501 1995 1571 Fadio
2032 1503 2279 1591 Gallo;
2319 1505 2523 1597 cujus

394 1671 543 1728 bunt,
567 1671 652 1719 sed
680 1672 809 1718 idem
845 1681 1041 1733 optasse
1060 1685 1164 1715 non
1199 1683 1312 1715 ssne
1330 1683 1415 1729 pe-

394 1751 486 1797 rito
529 1751 720 1811 ¹iudicio
776 1748 1033 1796 videberis.
1082 1747 1206 1793 Nam
1256 1746 1416 1807 primo

392 1830 774 1891 participiorum,
809 1825 1094 1889 [affec-tus,
1141 1835 1189 1871 et
1231 1840 1374 1871 ausus
1397 1856 1412 1879 ,

399 1908 527 1954 unde
553 1909 854 1970 positorum,
890 1905 1015 1952 ratio
1034 1905 1160 1950 inest
1186 1904 1236 1950 in
1264 1903 1418 1951 verbo

393 1984 701 2031 substantivo
729 1985 1003 2046 praemisso,
1043 1983 1178 2045 quod
1221 1983 1292 2030 sic
1332 1982 1419 2029 de-

392 2063 518 2108 letur
554 2076 567 2109 :
599 2062 774 2109 deinde
810 2063 1059 2110 Ciceronis
1088 2063 1139 2108 in
1172 2062 1416 2110 narrando

397 2157 501 2188 mos
530 2143 683 2188 teneri
712 2141 854 2188 debet
873 2178 888 2203 ‚
936 2158 1036 2204 qno
1070 2142 1339 2190 orationem
1367 2143 1421 2189 in

395 2221 557 2268 brevia
584 2220 794 2266 membra
825 2236 984 2267 secare
1010 2219 1131 2268 solet
1164 2235 1177 2268 :
1208 2220 1417 2282 denique

393 2315 450 2347 ex
478 2300 568 2347 hac
600 2300 809 2346 Ernestii
846 2300 1122 2359 conjectura
1142 2336 1157 2359 ,
1196 2301 1304 2346 soni
1343 2316 1419 2346 ra·

398 2378 533 2425 tione
580 2376 809 2437 jubente,
857 2400 883 2418 a
914 2377 1075 2423 statim
1106 2377 1328 2424 Tubulus
1366 2378 1415 2424 in

393 2473 471 2503 ex.
500 2456 629 2518 prof.
659 2467 731 2503 est
750 2477 804 2514 n,
831 2456 1245 2519 transponendum
1268 2458 1417 2513 foret,

391 2552 540 2598 quum
570 2536 672 2594 jam
703 2534 901 2597 quidem
929 2536 1053 2583 bene
1079 2537 1317 2583 enuntiati
1345 2536 1418 2582 vis

391 2615 439 2661 in
463 2613 672 2660 clausula
696 2615 854 2676 posita
875 2616 1159 2678 reperiatur.
1190 2616 1415 2662 Ceterum

392 2709 452 2738 ne
504 2693 556 2739 in
602 2692 865 2740 verborum
915 2694 1077 2756 positu
1103 2729 1117 2752 ‚
1162 2716 1186 2735 α
1227 2693 1415 2741 consuli

390 2772 596 2834 qnaestio
623 2772 713 2818 Cn.
743 2772 963 2835 Caepioni
981 2794 1006 2812 ι·
1023 2806 1038 2829 ,
1054 2772 1276 2819 offendas
1292 2809 1306 2834 ,
1326 2788 1415 2818 no·

393 2849 549 2907 tabis,
596 2849 840 2897 adhaerere
874 2851 943 2896 sic
984 2851 1075 2895 viri
1103 2867 1314 2909 nomen,
1356 2868 1415 2899 nc

391 2929 431 2975 si
454 2928 638 2975 dictum
665 2939 814 2980 esset,
853 2949 874 2969 ι
904 2928 988 2989 qui
1010 2938 1109 2974 tum
1131 2930 1225 2977 Cn.
1245 2930 1414 2993 Caepio

392 3018 491 3054 erat
507 3030 547 3052 κ.
570 3009 763 3054 Morem
781 3006 910 3051 hunc
923 3006 1171 3052 Ciceronis
1186 3041 1201 3063 ,
1219 3010 1414 3055 nomina

392 3086 587 3150 propria
618 3083 909 3151 explicative
930 3083 985 3146 in
1006 3084 1216 3132 clausula
1236 3085 1415 3134 adden·

392 3165 466 3223 di,
516 3165 578 3212 sd
620 3164 714 3211 hos
766 3162 919 3209 libros
981 3162 1097 3209 alibi
1152 3164 1412 3226 tetigimus.

394 3244 623 3292 Eumdem
652 3258 753 3305 prae
778 3242 948 3289 ceteris
976 3253 1104 3290 amat
1123 3242 1271 3290 Corn.
1290 3240 1412 3306 Nep.

392 3324 593 3371 Eumen.
643 3339 670 3369 α
688 3358 700 3379 ,
761 3338 780 3367 1
809 3355 824 3376 ,
867 3342 891 3361 «-
926 3333 973 3369 et
1017 3336 1201 3368 summa
1253 3337 1413 3370 rernm

390 3403 565 3450 mdiu
611 3413 735 3450 esset
774 3401 962 3462 eidem,
1008 3402 1087 3447 cni
1139 3399 1414 3447 Alexander

391 3483 600 3529 moriens
645 3481 879 3527 annulum
924 3496 1062 3528 suum
1112 3479 1376 3528 tradiderat
1394 3515 1409 3541 ,

394 3563 631 3610 Perdiccae
645 3583 667 3601 ··
681 3597 693 3608 .
710 3561 787 3607 Cf.
816 3559 935 3607 ibid.
952 3561 1123 3624 Epam.
1155 3573 1199 3618 1,
1220 3560 1267 3615 3,
1285 3575 1312 3606 2
1329 3594 1344 3619 ‚
1367 3575 1410 3617 1,

389 3652 487 3688 etc.
520 3642 713 3687 Nomen
740 3638 955 3701 Cet-pioni
980 3641 1036 3685 P.
1068 3639 1294 3686 Manutio
1326 3638 1408 3685 de·

390 3720 565 3767 betur:
589 3736 697 3767 nain
723 3718 877 3765 nostri
898 3733 1094 3780 quoque
1118 3733 1287 3764 omnes
1311 3718 1410 3764 Sci-

381 3798 523 3862 pioni
554 3810 775 3863 peccant.
793 3800 854 3846 G.

460 3880 624 3926 xvn.
657 3893 701 3926 1.
727 3876 826 3924 Sed
846 3875 1027 3923 callide
1048 3873 1322 3938 improba...
1345 3876 1406 3923 εἰ·

391 3967 561 4003 mente.
589 3957 722 4005 Goer.
764 3956 847 4003 dat
890 3955 980 4001 sed
1025 3955 1087 4002 de
1128 3955 1243 4004 call.
1292 3957 1405 4019 imp.

393 4044 622 4098 notatque
647 4039 891 4100 :Praepos.
920 4035 1009 4091 de,
1041 4051 1149 4097 qnae
1168 4034 1332 4083 iterata
1359 4035 1407 4083 h.

391 4111 425 4159 l.
445 4114 609 4163 abesse
632 4117 801 4179 nequit
815 4150 830 4173 ,
854 4115 1009 4163 nostri
1026 4130 1221 4178 quoque
1243 4131 1410 4163 omues

1504 1679 1696 1714 servant
1734 1681 1747 1715 :
1797 1669 1911 1715 item
1940 1669 2116 1717 callide
2144 1680 2240 1716 tres
2275 1685 2333 1717 ex
2355 1670 2525 1718 iisdem

1502 1745 1746 1808 potiores;
1792 1748 1990 1810 reliquis
2014 1748 2197 1796 callido
2213 1782 2228 1805 ‚
2272 1764 2384 1796 cum
2406 1748 2524 1796 olim

1505 1824 1696 1887 vulgat·
1714 1860 1728 1884 ,
1757 1827 2088 1889 peccantibus.
2119 1829 2184 1874 At
2210 1826 2434 1886 ee'menee‚
2474 1839 2524 1874 ut

1503 1903 1669 1951 lamb.
1707 1905 1921 1952 correxit
1943 1940 1958 1965 ,
1996 1906 2157 1953 nullus
2202 1917 2479 1953 nostrorum
2507 1940 2523 1965 ‚

1503 1981 1588 2028 sed
1613 1982 1695 2039 hi,
1723 1994 1780 2031 nt
1802 1983 1972 2046 reliqui
2002 1983 2299 2047 reliquorum
2326 1984 2522 2047 scripti,

1502 2061 1765 2111 timentem.
1785 2062 1955 2109 Nihilo
1981 2073 2136 2110 tamen
2153 2063 2313 2110 minus
2331 2062 2526 2111 limem«

1502 2157 1669 2188 verum
1687 2157 1789 2188 esse
1803 2176 1817 2199 ,
1834 2142 2008 2189 clarius
2021 2143 2162 2190 etiam
2181 2153 2338 2206 patet,
2358 2160 2525 2207 paren·

1502 2219 1652 2268 thesis
1694 2221 1843 2283 signis
1874 2221 1939 2268 sd
1966 2239 2045 2269 vv.
2088 2223 2245 2285 qualis
2273 2256 2314 2271 ..
2332 2258 2344 2271 .
2372 2221 2481 2287 fuit
2506 2256 2521 2282 ‚

1502 2299 1574 2346 uti
1593 2315 1683 2361 par
1711 2310 1810 2345 ernt
1826 2335 1841 2360 ‚
1865 2315 1891 2346 a
1919 2301 2063 2347 nobis
2081 2300 2276 2352 additis.
2497 2305 2508 2315 ⁸

1573 2394 1622 2424 α.
1650 2380 1711 2440 Q.
1742 2378 1990 2441 Pompeius
2019 2379 2067 2426 in
2081 2377 2294 2441 soedere.
2336 2382 2408 2428 De
2435 2382 2523 2429 soe-
2595 2422 2600 2429 .

1503 2455 1616 2502 dere
1632 2458 1725 2503 isto
1741 2457 1805 2503 cs.
1825 2457 1935 2505 intt.
1958 2457 2019 2504 ad
2039 2459 2264 2518 0ff.111‚
2283 2460 2365 2515 30,
2393 2475 2489 2523 ¹⁰9
2503 2495 2518 2515 ,

1501 2546 1550 2581 et
1576 2535 1641 2582 ad
1667 2534 1839 2585 Vellei.
1885 2538 1986 2585 Pat.
2025 2538 2110 2595 11,
2149 2554 2201 2596 1,
2243 2543 2293 2599 4.
2338 2540 2414 2588 Cf.
2458 2541 2519 2587 de

1500 2615 1735 2678 Pompeio
1765 2616 1898 2663 Brut.
1927 2631 2034 2679 cap.
2071 2617 2157 2665 15.
2185 2619 2248 2666 G.

1572 2696 1621 2741 3.
1645 2694 1745 2741 Sed
1753 2695 1979 2757 primum.
2001 2695 2126 2755 Sed,
2154 2673 2299 2758 quain
2325 2699 2441 2747 Em.
2459 2714 2520 2746 ex

1499 2772 1577 2820 ed.
1619 2789 1697 2836 pr.
1743 2773 1987 2822 addidisse
2022 2791 2072 2822 se
2101 2775 2220 2823 dicit
2240 2813 2256 2837 ,
2281 2778 2522 2840 reperitur

1497 2853 1549 2899 in
1571 2852 1799 2901 omnihus
1825 2853 1969 2902 editis
2003 2855 2294 2918 scriptisque
2335 2871 2349 2904 ε
2390 2857 2520 2903 exci-

1499 2931 1636 2979 derat
1660 2932 1812 2979 modo
1826 2950 1888 2979 ex
1908 2933 2127 2989 Gruteri‚
2150 2944 2199 2979 et
2221 2949 2329 2995 qum
2348 2949 2407 2981 ex
2429 2934 2520 2981 hnc

1496 3011 1670 3070 fluxit,
1699 3012 1939 3058 Gronovii
1966 3010 2195 3057 editione.
2224 3013 2286 3056 G.

1570 3094 1622 3148 42
1654 3090 1878 3152 Improbe
1887 3089 2051 3151 facco.
2077 3087 2226 3133 Dedit
2252 3088 2420 3136 Davis.
2453 3106 2514 3136 ex

1498 3184 1600 3215 uno
1622 3183 1820 3215 suorum
1840 3166 2054 3229 improbo
2063 3165 2222 3226 sacco,
2234 3181 2403 3227 pamm
2418 3168 2520 3214 lsti-

1498 3262 1616 3293 nnm
1635 3245 1845 3308 improbe
1845 3243 1992 3307 faceo
2009 3242 2248 3303 judicans.
2266 3244 2359 3291 Sed
2377 3258 2519 3294 errat.

1498 3326 1772 3385 Utrumque
1799 3334 1927 3371 recte
1953 3322 2133 3369 dicitur
2153 3338 2170 3369 τ
2195 3331 2243 3369 nt
2270 3324 2516 3387 vulgatum

1496 3401 1686 3450 melius.
1707 3402 1871 3450 Ablat.
1900 3418 1959 3448 ex
1991 3401 2169 3448 omisso
2195 3413 2428 3466 pmpter,
2464 3418 2517 3453 ut

1499 3482 1681 3530 eenties
1697 3515 1710 3537 ‚
1740 3480 2058 3545 explicandus
2083 3490 2171 3529 est.
2200 3483 2267 3529 G.

1573 3563 1619 3609 5.
1648 3562 1765 3606 Rem
1820 3561 1889 3608 ita
1932 3559 2157 3625 deser-ree.
2209 3562 2344 3609 (ἴση.
2390 3562 2520 3611 delet

1498 3658 1619 3689 rem.
1644 3640 1809 3703 Vulgo
1828 3675 1843 3698 ,
1863 3641 2023 3704 inquit
2038 3674 2052 3698 ,
2074 3656 2173 3687 rem
2200 3652 2311 3687 ante
2338 3641 2408 3689 ita
2432 3643 2518 3690 sd-

1493 3722 1675 3780 jeetnm
1711 3720 1916 3783 legitur,
1939 3719 2093 3766 tribus
2116 3720 2299 3765 nostris
2322 3720 2520 3783 optimis

1499 3816 1609 3848 cum
1636 3801 1802 3848 Marso
1827 3799 1955 3846 idem
1984 3797 2203 3863 proxime
2223 3809 2334 3860 post
2359 3801 2398 3846 is
2426 3816 2521 3863 po·

1499 3879 1729 3927 uentibus
1752 3893 1768 3937 3
1822 3878 1958 3941 quod
2000 3878 2169 3940 utique
2212 3876 2381 3924 melius
2426 3890 2516 3929 est.

1500 3959 1671 4021 Neque
1719 3958 1892 4021 reliqui
1931 3957 2087 4004 nostri
2138 3972 2249 4002 cum
2291 3957 2516 4019 vulgat-3

1501 4040 1687 4101 qnippe
1724 4038 1808 4100 qni
1836 4053 1936 4084 rem
1963 4035 2185 4100 proxime
2227 4046 2335 4098 post
2373 4052 2519 4097 quum

1502 4127 1723 4179 ponant:
1756 4116 1886 4163 unde
1915 4114 2217 4179 pronominis
2242 4113 2521 4176 interpolati
