3217 4784
1188 410 1758 481 PRAEFATIO.
2450 433 2541 478 xv

406 546 633 614 renzii
671 558 743 615 et
777 541 1091 617 Schiitzii
1128 545 1380 616 merita
1400 542 1638 615 libens
1662 556 2000 641 agnoscat
2025 541 2164 638 (1),
2192 544 2542 618 nonnulla

408 682 652 739 tamen
692 667 766 739 in
801 666 1096 737 illorum
1134 663 1573 739 editionibus
1617 662 1962 758 mutanda
2000 668 2324 764 exponit.

507 793 847 887 Denique
896 814 1129 887 quum
1183 790 1593 887 superiores
1639 786 1956 863 editores
2000 791 2261 863 criticae
2310 814 2547 887 operae

410 913 644 986 multo
680 916 907 1011 magis
940 937 1159 1011 quam
1188 913 1571 1011 exegeticae
1604 911 2137 999 incubuissent,
2173 912 2548 1011 multaque

410 1039 721 1115 obscura
754 1053 883 1111 aut
918 1037 1291 1111 intellectu
1317 1036 1639 1111 difficilia
1676 1039 1830 1111 sine
1877 1038 2355 1137 explicatione
2387 1040 2549 1112 reli-

410 1165 780 1263 quissent,
825 1188 1001 1251 nos,
1059 1176 1415 1262 quantum
1454 1164 1708 1235 saltem
1744 1176 1898 1235 erat
1944 1163 2022 1234 in
2060 1161 2316 1247 nohis,
2355 1164 2545 1236 lacu-

415 1313 580 1360 nam
640 1288 829 1361 hanc
885 1288 1363 1387 implevimus.
1442 1291 1530 1359 In
1588 1312 1740 1385 quo
1808 1310 2031 1386 opere
2089 1287 2338 1385 gallica
2395 1312 2551 1361 ver·

415 1414 655 1500 sione,
706 1434 926 1510 quam
966 1416 1277 1508 Regm'er
1311 1416 1730 1483 Desmraezc
1773 1409 2141 1499 condidit,
2188 1416 2248 1484 J.
2282 1415 2370 1483 V.
2412 1418 2550 1485 Le·

413 1536 596 1609 clerc
628 1536 872 1609 revisit
911 1549 987 1608 et
1019 1536 1367 1622 correxit,
1416 1534 1734 1606 multum
1768 1533 2000 1629 adjuti
2041 1558 2326 1624 sumus,
2370 1540 2554 1634 ipsa-

416 1646 561 1758 que
598 1659 788 1731 illius
812 1658 1035 1733 verba
1062 1684 1253 1757 saepe
1288 1659 1821 1756 exscripsimuS‚
1849 1680 2081 1754 quum
2110 1656 2315 1731 aliter
2341 1658 2555 1758 longa

418 1780 834 1880 paraphrasi
869 1781 961 1852 ad
989 1779 1318 1879 quaedam
1345 1777 1767 1878 explicanda
1791 1803 1980 1878 opus
2007 1777 2273 1852 fuisset.
2294 1783 2555 1871 Quam-

421 1906 523 1977 vis
552 1904 950 1978 nonnullos
976 1909 1052 1976 in
1083 1930 1166 1977 ea
1192 1905 1521 1977 versione
1550 1901 2246 2002 deprehenderimus
2274 1929 2554 1979 errores

421 2031 546 2126 qui
572 2032 932 2128 graviores
949 2029 1386 2104 videbantur
1411 2053 1634 2126 quam
1665 2030 1794 2127 qui
1827 2053 1978 2100 non
2016 2044 2558 2128 exponerentur

419 2168 493 2222 et
532 2151 1064 2244 refellerentur,
1120 2154 1554 2252 plerumque
1592 2168 1837 2224 tamen
1873 2155 2458 2253 perspicuitatem
2486 2172 2561 2229 et

423 2271 842 2344 fidelitatem
904 2298 1067 2371 quae
1118 2277 1394 2372 requiri
1446 2289 1730 2371 poterat
1784 2290 2115 2372 praestat3
2161 2300 2402 2373 neque
2453 2276 2556 2348 illi

500 2551 584 2617 (1)
605 2546 701 2604 Sic
725 2536 879 2604 enim
902 2545 1186 2624 loquitur:
1207 2572 1231 2597 α
1254 2546 1411 2619 Quin
1441 2559 1502 2604 tu
1519 2588 1533 2602 .
1549 2591 1561 2603 .
1577 2559 1743 2624 .post
1764 2546 2078 2616 Goerenzii,
2101 2568 2220 2624 quo
2244 2567 2362 2607 non
2388 2550 2556 2609 facile

423 2650 567 2708 alius
608 2651 999 2709 Ciceronianae
1018 2649 1334 2728 'elegantiae
1382 2648 1720 2727 diligentior
1758 2663 1995 2709 exortus
2038 2665 2123 2710 est
2157 2651 2463 2732 indagator
2501 2671 2560 2715 et

423 2756 585 2834 quasi
632 2769 893 2827 venator,
943 2769 1004 2814 tu
1053 2768 1189 2834 post
1234 2755 1358 2833 ejus
1398 2774 1639 2834 operam
1680 2754 1847 2814 libris
1887 2755 1962 2815 de
1988 2756 2228 2816 Finibus
2256 2772 2557 2832 navatam,

426 2872 557 2938 post
580 2859 839 2920 Schiitzii
874 2859 1159 2937 denique,
1191 2861 1253 2917 in
1286 2861 1568 2919 Cicerone
1602 2873 1762 2919 tanta
1794 2880 1927 2919 cum
1955 2861 2129 2920 laude
2160 2864 2406 2935 versati,
2441 2884 2562 2924 om·

423 2969 585 3025 nium
615 2967 914 3026 Ciceronis
952 2985 1197 3044 operum
1233 2967 1724 3045 recognitionem,
1765 2960 1981 3039 Iliada,
2013 2967 2175 3045 quod
2204 2970 2399 3043 aiunt,
2426 2985 2561 3050 post

424 3077 739 3132 Homerum
760 3092 967 3131 canere
989 3072 1313 3131 meditaris:
1338 3093 1411 3131 an
1440 3073 1790 3142 emendandi
1815 3072 2058 3131 libidine
2081 3073 2378 3154 abreptus,
2398 3079 2558 3154 quod

427 3177 510 3236 illi
537 3179 630 3236 vel
658 3176 809 3236 bene
846 3189 1259 3247 correxerunt,
1288 3176 1379 3235 vel
1415 3190 1575 3235 certo
1605 3177 1833 3255 judicio
1858 3177 2137 3236 intactum
2162 3180 2524 3260 reliquerunt
2544 3228 2560 3255 ,

426 3286 484 3341 in
514 3284 682 3361 pejus
715 3280 1088 3340 immutabis?
1133 3280 1362 3355 Quibus
1403 3300 1511 3359 ego
1556 3280 1703 3339 illud
1748 3301 2007 3360 repono,
2058 3285 2276 3347 nullius
2308 3287 2560 3350 hominis

424 3390 828 3448 auctoritatem
866 3387 1024 3467 apud
1059 3388 1249 3446 virum
1275 3386 1535 3445 veritatis
1562 3386 1886 3447 studiosum
1919 3401 2133 3466 tantam
2162 3412 2286 3452 esse
2313 3393 2561 3466 debere,

426 3508 491 3554 ut
517 3515 652 3554 cum
683 3493 785 3553 illo
817 3512 1013 3552 errare
1040 3492 1226 3565 malit,
1256 3511 1432 3570 quam
1457 3491 1609 3570 ipse,
1651 3492 1793 3570 quid
1820 3514 2024 3553 verum
2070 3497 2168 3570 sit,
2196 3496 2557 3581 investigare.

425 3606 696 3661 Ceterum
735 3620 844 3680 ego
883 3600 944 3658 in
984 3601 1096 3658 hac
1132 3599 1445 3678 scriptione
1489 3617 1611 3657 non
1651 3598 1712 3656 id
1758 3599 1899 3659 mihi
1939 3621 2138 3674 sumo,
2179 3618 2245 3661 ut
2285 3625 2553 3685 magnum

425 3705 647 3785 aliquid
666 3749 683 3778 ,
708 3719 768 3765 et
808 3724 928 3783 quo
974 3724 1122 3783 aegre
1167 3723 1364 3762 carere
1398 3703 1583 3782 possit
1622 3703 1985 3765 eruditorum
2026 3707 2385 3787 respublica,
2417 3714 2580 3774 mihi·

330 3877 335 3881 ,
426 3814 737 3892 protulisse
759 3811 995 3871 videar:
1034 3811 1136 3869 sed
1165 3809 1310 3869 illud
1342 3809 1484 3869 mihi
1515 3809 1880 3889 propositum
1910 3826 2029 3887 est,
2071 3827 2138 3873 ut
2173 3816 2395 3895 aliquot
2434 3818 2560 3896 ejus

425 3919 748 3998 scriptoris,
776 3937 951 3997 quem
979 3918 1039 3975 in
1068 3916 1291 3976 deliciis
1324 3914 1514 3975 habeo
1530 3960 1547 3988 ‚
1590 3916 1718 3975 loca
1739 3915 1861 3976 sive
1884 3938 2062 3996 parva
2084 3920 2358 4000 facilique
2379 3936 2564 3983 muta-

429 4025 584 4083 tione
610 4024 815 4083 ceteris
839 4022 1119 4082 similiora
1141 4021 1401 4095 reddam,
1427 4021 1549 4080 sive
1570 4022 1913 4096 accuratius,
1934 4044 2110 4101 quam
2132 4025 2324 4088 adhuc
2345 4029 2560 4088 factum

427 4141 512 4187 est
529 4173 546 4201 ,
575 4130 889 4209 explicem,
912 4129 1031 4188 sive
1059 4128 1249 4187 minus
1272 4139 1428 4186 recte
1452 4146 1574 4186 esse
1608 4140 1828 4188 tentata
1856 4127 2245 4191 demonstrem
2267 4159 2309 4191 n.
