3217 4784
813 447 936 514 DE
985 445 1155 515 FIN.
1207 441 1413 511 BoN.
1466 442 1577 509 ET
1627 441 1842 508 MAL.
1896 443 1998 527 11,
2052 438 2176 527 34,

2416 443 2554 519 305

434 594 582 639 non
626 566 935 638 multum
963 591 1002 637 a
1029 563 1471 636 divinatione
1507 561 1889 650 differem,
1931 563 2117 635 inest
2145 566 2560 640 moderator

438 679 848 777 cupiditatis
886 675 1146 776 pudor,
1185 675 1370 744 inest
1407 672 1498 742 ad
1540 672 1929 744 humanam
1980 678 2392 747 societatem
2440 679 2561 773 ju-

440 791 646 859 stitiae
704 787 847 857 fida
895 783 1257 870 custodia,
1308 784 1495 853 inest
1554 780 1725 878 [in]
1773 785 2265 880 perpetiendis
2299 786 2562 859 labori·

430 898 652 970 bus14
696 893 1193 989 adeundisque
1233 891 1568 989 periculis
1611 890 1822 961 firma
1858 907 1929 963 et
1969 894 2243 967 stabilis
2295 897 2566 971 doloris

430 1010 831 1102 mortisque
869 1004 1333 1100 contemptio.
1368 1005 1556 1098 Ergo
1586 1000 1739 1071 haec
1771 1001 1846 1070 in
1871 1004 2126 1075 animis
2156 1033 2171 1075 ε
2210 1021 2292 1077 tu
2324 1024 2566 1080 autem

434 1121 646 1189 etiam
687 1113 1013 1185 membra
1040 1116 1194 1209 ipsa
1222 1135 1624 1208 sensusque
1658 1109 2074 1200 considera3
2117 1119 2246 1211 qui
2271 1117 2445 1204 tibi,
2490 1134 2570 1190 ut

437 1226 730 1323 reliquae
781 1224 1104 1322 corporis
1153 1220 1496 1321 partes¹⁵‚
1538 1247 1688 1292 non
1727 1223 2023 1294 comites
2063 1226 2300 1298 solum
2344 1232 2570 1302 virtu-

440 1330 711 1423 tum¹⁶5
736 1334 862 1406 sed
906 1334 1216 1405 ministri
1267 1333 1484 1404 etiam
1527 1331 2083 1405 videbuntur17.
2127 1337 2360 1426 Quid,
2396 1342 2456 1412 si
2495 1341 2572 1412 in
2605 1367 2708 1425 114

442 1448 600 1543 ipso
659 1469 964 1543 corpore
1017 1444 1242 1515 multa
1299 1443 1654 1540 voluptati
1711 1444 2202 1540 praeponenda
2242 1463 2413 1519 sunt
2434 1505 2453 1537 ,
2490 1464 2575 1521 ut

438 1554 1006 1641 vire5‚valit11d0,
1028 1553 1408 1638 velocium,
1443 1550 1954 1646 pulchritudo?
1982 1554 2162 1650 quid
2183 1547 2247 1600 ¹⁸
2281 1557 2574 1631 tandem

446 1667 516 1734 in
575 1665 829 1735 animis
868 1664 1158 1735 censes?
1194 1664 1267 1731 in
1331 1659 1603 1758 quibus
1641 1659 2036 1733 doctissimi
2074 1663 2256 1734 illi¹9
2301 1681 2579 1739 veteres

448 1778 679 1846 inesse
711 1771 1057 1870 quiddam
1096 1746 1374 1841 caeles⁶te
1403 1784 1476 1840 et
1499 1770 1822 1841 divinum
1853 1787 2315 1869 putaverunt.
2360 1775 2582 1865 Quod

448 1885 503 1951 si
539 1897 723 1953 esset
757 1884 831 1951 in
860 1879 1231 1978 voluptate
1260 1905 1623 1951 summum
1657 1880 1958 1972 bonum,
1981 1897 2062 1954 ut
2097 1883 2354 1975 dicitis,
2379 1901 2582 1985 opta-

528 2127 547 2157 1
558 2119 585 2165 4
596 2145 606 2156 .
622 2112 757 2157 Inest
772 2109 863 2171 [in]
876 2107 1199 2172 perpecIendis
1222 2109 1478 2158 laboribus.

452 2192 588 2238 Goer.
618 2188 746 2236 delet
773 2184 825 2235 τὸ
856 2186 926 2234 in.
952 2188 1164 2236 Intrudit
1187 2188 1265 2236 his
1290 2190 1480 2253 vulgata

451 2272 500 2316 in
519 2300 534 2326 ,
584 2269 747 2331 inquit
764 2301 779 2326 ,
823 2268 958 2329 quod
1000 2266 1080 2314 vel
1127 2279 1356 2316 contexta
1405 2286 1479 2314 re-

453 2357 651 2411 spuunt.
671 2348 794 2394 Nam
818 2345 1174 2412 ablatt.perpp.
1192 2347 1291 2395 lab.
1309 2347 1481 2395 dicunt

456 2445 545 2492 pro
567 2464 581 2487 ,
619 2427 690 2474 ad
725 2426 1074 2490 perpetiendos
1112 2428 1329 2491 labores,
1377 2439 1476 2477 etc.

350 2522 363 2536 ¹
453 2510 688 2571 Ignorant
720 2518 883 2554 antem
914 2509 1318 2572 praepositionem
1346 2510 1479 2574 Spir.

453 2597 502 2632 et
521 2584 651 2634 Gud.
678 2602 706 2634 a
724 2623 739 2647 ,
757 2586 937 2648 quibus
958 2588 1167 2636 libenter
1189 2590 1453 2653 paruimus.

531 2662 610 2712 15.
649 2665 746 2729 Qui
770 2665 857 2713 eibi
874 2700 888 2723 ,
932 2676 985 2712 ut
1027 2667 1225 2732 reliqua:
1272 2669 1484 2733 corporis

450 2755 631 2807 partes.
663 2742 792 2807 Spir.
817 2757 864 2792 et
884 2746 981 2794 Erl.
1002 2750 1213 2812 corporis
1234 2749 1478 2812 ignorant.

460 2825 621 2886 Atque
648 2823 785 2871 facile
811 2824 904 2871 hac
930 2842 1053 2874 voce
1072 2829 1257 2875 carebis
1277 2864 1291 2887 ‚
1331 2844 1482 2891 quum

459 2903 673 2949 membra
700 2905 1066 2966 praecesset-inm
1108 2923 1354 2970 quumque
1375 2910 1483 2954 Bas.

459 2992 507 3028 et
538 2980 670 3028 Gud.
704 2997 754 3039 1,
783 2981 959 3045 reliqui
1000 2983 1211 3046 eorporis
1246 2986 1483 3043 referant,

460 3059 595 3123 quod
638 3071 740 3107 tum
769 3070 1002 3108 mutatum
1027 3062 1179 3109 videri
1206 3065 1385 3126 possit,
1421 3081 1486 3112 ex

461 3156 564 3202 quo
591 3141 751 3204 glossa
778 3150 969 3203 arrepta
990 3142 1041 3188 in
1068 3153 1195 3189 texta
1214 3154 1356 3190 esset.
1385 3145 1447 3191 G.

542 3219 625 3267 ιδ.
694 3216 957 3266 Virtutum.
1019 3222 1170 3268 Recte
1222 3222 1486 3284 compescit

464 3300 624 3346 Brem.
663 3310 890 3347 conatum
924 3300 1133 3354 Davisii..
1177 3300 1486 3361 voluptatum

464 3376 578 3425 loco
594 3376 830 3425 virtutum
855 3379 1190 3440 conjicientis3
1214 3377 1352 3441 quod
1364 3377 1484 3426 citra

460 3458 541 3517 jus
562 3457 787 3505 Ernestio
812 3458 1065 3521 probatur.
1094 3461 1155 3506 G.

543 3553 622 3597 ¹7·
656 3535 965 3585 Videbantur.
1013 3536 1145 3600 Spir.
1184 3545 1234 3583 et
1271 3536 1370 3584 Erl.
1397 3535 1484 3583 fir·

466 3626 626 3674 mant,
661 3615 859 3678 reliquis
904 3617 1082 3663 nostris
1124 3631 1233 3662 cum
1269 3615 1488 3679 pluribus

465 3694 668 3743 aliorum
697 3692 996 3742 videbamur
1018 3693 1348 3742 referentibus.
1392 3698 1488 3741 Fu-

468 3784 628 3821 turum
647 3785 744 3831 est,
762 3784 816 3821 ut
830 3790 982 3838 saepe,
1004 3775 1256 3838 praesentis
1272 3772 1405 3822 loco,
1423 3778 1485 3824 G.

545 3851 625 3902 18.
677 3852 813 3917 Qm'd
828 3886 843 3912 ,
883 3852 927 3900 si
955 3853 1004 3900 in
1042 3889 1055 3901 .
1078 3888 1090 3900 .
1113 3888 1125 3901 .
1166 3852 1254 3915 qui
1274 3853 1487 3903 tandem.

470 3933 603 3980 Goer.
645 3934 837 3996 scripsit
882 3947 894 3979 :
940 3934 1076 3997 quod
1108 3932 1153 3979 si
1199 3966 1213 3980 .
1235 3968 1246 3980 .
1266 3926 1317 3980 ?.
1367 3930 1493 3995 quid

472 4009 862 4059 eandem.me
877 4046 891 4070 ,
918 4013 1102 4075 inquit,
1120 4010 1404 4075 scripturam
1426 4026 1489 4057 ex

472 4088 599 4149 Spir.
614 4096 661 4133 et
679 4088 779 4136 ΕΑ.
802 4093 1121 4155 reposuimus.
1143 4092 1219 4140 Cf.
1241 4092 1375 4138 Orat.
1397 4105 1484 4148 αι,

472 4166 534 4214 51
564 4178 579 4212 τ
601 4185 625 4209 «ι
656 4166 807 4228 Quod
832 4169 871 4215 si
897 4169 948 4216 iu
975 4168 1283 4233 philosophia
1304 4179 1488 4217 tantum

618 4263 709 4331 ῙῙ.
757 4278 854 4326 Cic.
869 4294 989 4345 pars
1016 4279 1168 4330 ter-tia.

1564 2112 1763 2161 interest
1812 2148 1826 2160 .
1849 2146 1861 2159 .
1885 2145 1897 2158 .
1942 2112 2062 2175 quid
2106 2114 2298 2162 tandem
2342 2115 2395 2162 in
2429 2117 2584 2164 causis

1565 2190 1939 2240 existimandum
1965 2202 2039 2239 est
2057 2193 2080 2239 P
2105 2203 2198 2240 etc.
2221 2214 2245 2234 n

1645 2287 1724 2334 19.
1760 2269 2038 2317 Doctissimi
2059 2270 2135 2319 illi
2157 2283 2364 2321 veteres.
2392 2276 2452 2321 In
2469 2274 2586 2321 scri-

1567 2351 1664 2414 ptis
1689 2349 1854 2396 multis
1881 2360 1994 2412 post
2017 2349 2092 2397 illi
2115 2350 2313 2399 additur
2330 2350 2463 2408 viri,·
2485 2369 2587 2418 qno

1568 2429 1707 2476 facile
1733 2444 1964 2487 caremus,
1980 2445 2130 2492 quum
2157 2446 2284 2494 saepe
2308 2440 2481 2479 auctor
2497 2433 2588 2479 do-

1568 2521 1670 2556 etus
1688 2542 1703 2567 ,
1722 2507 2021 2555 doctisse'mus
2037 2509 2318 2572 simpliciter
2343 2510 2404 2559 de
2432 2511 2589 2574 philo·

1567 2589 1757 2652 sophis.
1776 2589 1873 2636 Sed
1889 2590 1940 2635 in
1958 2591 2192 2637 sententia
2217 2589 2319 2652 ipsa
2333 2589 2587 2639 haeremus.

1569 2670 1752 2717 Nonne
1766 2667 1982 2715 omnium
1999 2680 2270 2737 temporum
2290 2669 2590 2728 Academici,

1572 2746 1903 2810 Peripatetici,
1932 2747 2115 2808 Stoici,
2140 2747 2192 2794 iu
2213 2748 2384 2796 animis
2398 2750 2591 2797 eaelesee

1572 2825 1812 2889 quiddam
1848 2835 1898 2872 ee
1931 2824 2145 2873 divinum
2164 2842 2262 2873 esse
2282 2821 2592 2875 statuerunt?

1571 2908 1672 2955 Cur
1697 2905 2006 2971 appellantur
2050 2904 2126 2952 illi
2169 2917 2357 2952 veteres
2391 2906 2589 2969 potissi-

1571 3002 1705 3032 mum
1729 2988 1750 3032 P
1774 2984 1922 3047 Quod
1945 2984 1984 3029 si
2005 2993 2209 3046 propter
2231 2984 2482 3031 sententiae
2504 2999 2591 3031 au·

1572 3065 1845 3112 etot-itatem
1865 3064 1934 3110 sic
1957 3062 2054 3108 dici
2077 3061 2286 3125 putaris,
2314 3077 2478 3109 nonne
2513 3078 2590 3111 ex-

1570 3142 1802 3205 spectaris
1851 3141 2034 3203 quique
2083 3140 2158 3186 vel
2206 3138 2426 3187 additum
2444 3174 2459 3195 ,
2511 3141 2588 3188 vel

1569 3219 1877 3284 pronominis
1900 3217 1975 3265 mi
1996 3218 2109 3265 loco
2131 3218 2346 3281 positum
2367 3218 2390 3264 P
2409 3219 2470 3266 Et
2483 3218 2591 3281 qni·

1569 3316 1681 3346 nam
1718 3311 1833 3345 sunt
1867 3308 2052 3346 veteres
2084 3295 2158 3345 illi
2173 3302 2200 3343 ι’
2228 3297 2420 3361 physic-i
2444 3299 2467 3345 P
2496 3299 2515 3361 (
2538 3309 2592 3346 nt

1568 3377 1632 3425 ad
1656 3380 1990 3440 Anaxagoram
2030 3391 2180 3440 usque
2211 3375 2495 3441 philosophi
2517 3376 2593 3424 di-

1571 3458 1807 3519 cuntur),
1833 3472 1896 3504 an
1916 3456 2080 3513 Plato,
2110 3456 2424 3513 Aristoteles,
2460 3459 2592 3504 Zeno

1576 3536 1715 3600 ipse?
1741 3552 1804 3582 an
1817 3535 1987 3582 horum
2008 3535 2150 3598 primi
2175 3537 2461 3583 sectatores?
2482 3551 2591 3582 nam

1575 3616 1646 3662 sic
1687 3613 1902 3671 diverse,
1943 3630 2033 3678 pro
2073 3615 2309 3676 cuiusque
2340 3611 2438 3660 loci
2468 3629 2594 3661 con-

1576 3705 1743 3750 textu,
1767 3705 1958 3741 veteres
1985 3694 2177 3740 auctori
2201 3692 2446 3743 dicuntur.
2461 3697 2595 3758 Vage

1573 3773 1726 3836 igitur
1749 3774 1854 3821 haec
1877 3772 2001 3829 dici,
2028 3787 2172 3819 nemo
2192 3788 2291 3818 non
2319 3772 2489 3829 viden
2529 3775 2593 3820 ita

1578 3864 1764 3908 tamen,
1793 3862 1846 3898 ut
1873 3850 2043 3898 nonin
2079 3849 2275 3911 scribis,
2300 3850 2385 3897 sed
2423 3852 2474 3898 in
2509 3867 2596 3899 au·

1579 3942 1715 3978 ctore
1749 3932 1856 3994 ipso
1887 3928 2171 3993 ambiguitas
2209 3929 2300 3976 ista
2338 3931 2594 3991 quaerenda

1577 4010 1828 4057 videatur:
1851 4025 1962 4056 nam
1987 4008 2035 4055 in
2054 4007 2313 4055 codicibus
2340 4008 2593 4071 vestigium

1577 4088 1763 4136 nullum
1783 4098 1855 4134 est
1874 4120 1889 4145 ‚
1913 4086 2044 4134 unde
2067 4087 2204 4134 aliter
2231 4086 2348 4134 olim
2362 4086 2596 4149 scriptum

1579 4184 1680 4216 esse
1705 4167 1983 4228 conjeceris.
2015 4167 2078 4215 G.

2287 4282 2381 4328 20
