3217 4784
780 465 904 532 DE
947 464 1126 537 FIN.
1178 463 1388 535 BON.
1442 466 1558 534 ET
1606 464 1825 533 MAL.
1875 462 1998 547 IV,
2043 458 2156 530 26.
2395 456 2535 530 523

400 582 590 655 idem
639 580 804 656 dico
825 637 846 672 ,
883 587 1212 683 inquies;
1249 583 1378 658 sed
1423 583 1516 657 ad
1561 585 1864 657 virtutes
1901 597 1974 656 et
2021 581 2112 654 ad
2156 581 2323 654 vitia
2358 581 2536 653 nihil

398 694 760 767 interesse.
805 697 988 787 Quis
1022 698 1243 783 istuc,
1287 719 1569 792 quaem,
1605 691 2104 766 nesciebam?

493 808 750 877 XXVI.
780 810 1053 879 Verum
1078 804 1455 877 audiamus
1473 820 1525 874 ¹.
1552 809 1730 890 Ista,
1759 805 1998 900 inquit
2019 856 2041 891 ‚
2066 826 2231 901 quae
2259 801 2533 890 dixisti,
2567 828 2634 880 7²

401 914 663 1001 valere,
702 915 1146 1012 locupletem
1183 938 1379 1003 esse,
1405 939 1558 985 non
1595 913 1879 998 dolere,
1921 910 2115 985 bona
2150 936 2302 983 non
2339 910 2534 997 dice,

398 1020 525 1093 sed
552 1021 781 1092 dicam
806 1044 1031 1119 graece
1065 1020 1698 1119 wponyuivoessatine
1722 1033 1961 1090 autem
1988 1016 2382 1115 producta3
2411 1017 2537 1090 sed

399 1134 812 1228 praeposita,
834 1145 959 1205 aut
991 1133 1347 1230 praecipua
1381 1131 1616 1203 malo:
1647 1132 1750 1201 sic
1777 1127 2218 1205 tolerabilius
2249 1144 2325 1201 et
2355 1129 2536 1203 mol-

400 1237 537 1310 lius
565 1239 669 1335 ²);
719 1239 838 1312 illa
878 1256 1162 1323 autem.
1203 1256 1636 1339 egestatem,
1693 1236 2113 1326 morbum-³,
2167 1238 2536 1326 dolorem,

395 1373 546 1419 non
580 1348 870 1448 appello
924 1351 1106 1423 mala
1133 1407 1154 1443 ‚
1202 1351 1367 1441 sed,
1404 1355 1462 1425 si
1507 1351 1689 1423 libet
1713 1405 1734 1439 ‚
1770 1352 2174 1447 rejectanea
2192 1347 2247 1420 4.
2284 1354 2534 1448 Itaque

393 1458 511 1529 illa
547 1484 698 1531 non
735 1458 901 1532 dico
939 1485 1056 1535 me
1101 1451 1527 1561 expetere⁵‚
1573 1461 1703 1535 sed
1739 1462 1981 1557 legere
2006 1514 2027 1548 ‚
2063 1485 2202 1532 nec
2248 1475 2537 1558 optare,

395 1568 522 1641 sed
568 1596 903 1659 sumere;
938 1575 1298 1645 contraria
1337 1587 1579 1647 autem
1626 1597 1781 1647 non
1822 1569 2071 1669 fugere
2101 1624 2121 1658 ‚
2156 1568 2283 1641 sed
2328 1573 2537 1666 quasi

393 1704 788 1754 secernere.
827 1680 1020 1773 Quid
1076 1683 1174 1754 ait
1228 1682 1652 1778 Aristoteles
1686 1736 1705 1770 ,
1755 1681 2165 1778 reliquique
2221 1679 2537 1754 Platonis

392 1788 708 1860 alumni?
730 1796 816 1862 Se
844 1793 1120 1877 omnia,
1148 1817 1313 1890 quae
1335 1791 1738 1864 secundum
1769 1805 2102 1863 naturam
2133 1789 2279 1859 sint
2296 1842 2317 1877 ‚
2342 1787 2537 1861 bona

390 1899 795 1996 appellare3
853 1925 1013 1999 quae
1058 1917 1300 1974 autem
1347 1917 1644 1988 contra,
1684 1902 1890 1974 mala.
1932 1899 2243 1971 Videsne
2286 1900 2537 1998 igitur,

390 2074 542 2120 inuno
576 2072 640 2121 sd
681 2071 902 2138 (quoad)
944 2075 1145 2124 virtutes
1186 2085 1236 2124 et
1268 2076 1422 2134 vitis,

391 2151 515 2199 nihil
528 2152 758 2200 interesse
776 2173 818 2198 n.

376 2262 394 2281 .
468 2246 548 2288 17.
584 2230 701 2292 Quis
735 2230 885 2287 istuc,
910 2245 1109 2293 qua-so,
1139 2230 1421 2280 nesciebat?

390 2310 572 2357 Omnes
604 2309 792 2368 nostri,
822 2319 1014 2373 tresque
1039 2313 1240 2359 Oxonn.
1280 2311 1422 2375 quasi

390 2405 483 2454 pro
494 2404 662 2453 quaeso
677 2388 791 2436 :sed
801 2388 872 2437 sic
889 2390 1293 2449 mutant'scribae3
1307 2390 1418 2438 vide

388 2485 534 2534 supra
559 2468 624 2517 sd
649 2470 757 2517 Fin.
778 2471 854 2530 11,
886 2484 916 2516 s
933 2503 950 2531 ,
977 2470 1033 2519 6.
1054 2470 1119 2517 G.

458 2550 653 2596 XXVI.
688 2561 737 2597 1.
766 2550 948 2595 Verum
969 2549 1249 2597 audiamus.
1274 2547 1413 2599 Goer.

392 2626 569 2691 capitis
596 2626 671 2674 sui
695 2626 888 2676 initium
912 2638 1026 2676 ante
1046 2644 1128 2675 vv.
1154 2628 1275 2692 Quis
1293 2627 1416 2681 isene

391 2707 575 2770 posuit,
602 2716 652 2754 et
680 2706 786 2754 baec
820 2707 891 2757 sic
918 2707 1201 2772 distinguit:
1222 2708 1414 2756 ..ηἰη-

389 2795 581 2835 teresse.
600 2812 672 2822 —
689 2786 814 2848 Quis
831 2786 983 2845 istuc,
1004 2802 1197 2851 qum,
1224 2789 1414 2837 nescie-

388 2863 507 2913 bat?
542 2866 725 2911 Verum
756 2864 1027 2914 audiamus.
1056 2895 1127 2906 --
1149 2870 1251 2928 Its,
1275 2877 1414 2916 etc.-

388 2944 508 2991 Haec
557 2942 735 3003 verbs,
778 2943 975 3006 inquit,
1027 2948 1205 2994 Verum
1238 2946 1415 2995 audia-

388 3037 495 3069 mus
513 3055 529 3080 ,
578 3030 691 3068 suut
745 3036 797 3068 se
861 3021 1025 3085 ipsum
1088 3025 1413 3090 reprimentis.

387 3102 512 3163 Quoe
529 3099 819 3158 notuimus,
839 3100 1070 3163 quonism
1089 3119 1248 3168 nuper
1262 3121 1411 3168 quem

386 3180 438 3227 in
462 3179 541 3227 his
563 3180 684 3227 mire
710 3195 869 3228 errare
895 3179 1121 3230 vidimus.
1150 3209 1221 3221 --
1250 3185 1411 3234 Nobis

386 3258 559 3308 melior
594 3259 791 3308 videtur
822 3259 948 3308 ratio
972 3275 1083 3324 qua
1107 3278 1193 3311 vv.
1230 3267 1409 3313 Verum

386 3337 647 3387 audiamus
683 3355 712 3387 s
758 3338 1149 3404 precedentibus
1183 3354 1408 3407 sepsi-st:

382 3430 643 3483 postquam
678 3420 781 3467 Cic.
817 3405 1033 3468 osiendit
1065 3421 1190 3469 nihil
1226 3439 1331 3471 esse
1355 3423 1408 3471 in

384 3494 607 3565 Zenonis}
632 3497 852 3545 doctrina
895 3500 1040 3559 novi,
1089 3499 1229 3549 addit
1262 3515 1276 3550 :
1323 3501 1411 3550 sed

385 3576 542 3625 Stoici
578 3576 762 3641 aliquid
800 3576 982 3625 habent
1014 3580 1153 3642 quod
1191 3580 1311 3629 mihi
1336 3596 1411 3629 re-

381 3656 679 3719 spondeant,
701 3656 888 3706 scilicet
912 3671 926 3704 :
947 3656 1075 3717 eluta,
1093 3669 1186 3708 etc.

453 3750 504 3783 ει.
535 3735 978 3785 Latina-mollius.
1009 3739 1239 3788 Psi-emh.
1274 3738 1410 3803 signu

380 3812 496 3861 addi
508 3815 740 3875 jussimus
753 3830 767 3863 ε
788 3817 908 3864 mire
926 3817 1055 3864 enim
1067 3817 1175 3865 haec
1187 3834 1252 3866 ex
1261 3822 1411 3868 Zeno-

383 3891 458 3939 nis
486 3908 573 3941 ore
593 3907 787 3944 sonant.
811 3895 946 3944 Solet
967 3911 1085 3943 vero
1110 3909 1280 3945 auctor
1297 3909 1413 3963 post

382 3979 547 4017 autem
578 3972 629 4020 in
673 3973 950 4037 parenthesi
990 3975 1224 4039 positam,
1268 3975 1411 4025 alisna

381 4056 545 4094 atacem
557 4052 820 4115 subjicet-133
837 4055 901 4103 cf.
919 4070 1027 4119 sup.
1042 4056 1132 4114 111,
1152 4057 1237 4115 18,
1250 4058 1409 4119 59.G.

455 4118 505 4166 3.
559 4122 837 4186 Eyestatem
864 4162 880 4185 ,
925 4126 1156 4176 morbum.
1202 4129 1411 4176 Goerenz

384 4201 653 4262 transponit
680 4217 694 4248 τ
717 4203 930 4253 morbum
949 4238 965 4265 ,
991 4218 1271 4272 egestatem.
1295 4207 1374 4255 Sic
1391 4241 1406 4266 ‚

1508 2036 1704 2140 inquit,
1731 2075 1961 2125 omnibus
1996 2090 2057 2123 ex
2081 2073 2265 2122 nostris
2298 2072 2539 2140 editisque

1508 2164 1633 2204 vett.
1676 2154 1940 2220 precipuis
1982 2153 2286 2219 quibusque,
2331 2155 2539 2202 Davisio

1510 2235 1656 2283 tacite
1679 2236 1953 2300 praesume,
1979 2233 2369 2298 transposuimus
2400 2247 2415 2282 ε
2450 2248 2535 2283 ne-

1506 2312 1847 2378 gligentiaeque
1899 2312 2216 2362 tribuendum
2274 2322 2502 2378 putemus
2518 2348 2534 2371 ,
2603 2340 2612 2347 -

1505 2390 1642 2453 quod
1687 2391 1740 2438 in
1786 2392 2089 2451 oxoniensi,
2135 2407 2246 2455 quae
2292 2391 2536 2455 vulgatam

1503 2472 1739 2533 sequitur,
1764 2486 1830 2518 ex
1863 2469 2084 2534 quinque
2108 2468 2258 2517 codd.
2290 2470 2428 2519 nulls
2454 2486 2538 2519 vs·

1508 2549 1653 2596 rietes
1680 2559 1902 2597 notatur.
2421 2586 2431 2595 .

1575 2635 1625 2684 4.
1639 2628 1945 2694 Rejeeeanea.
1968 2627 2127 2676 Notat
2137 2642 2231 2699 pro
2250 2626 2534 2694 rejectanea

1501 2707 1710 2755 Ursinus
1753 2724 1816 2756 ex
1857 2724 1949 2756 suo
1989 2707 2190 2772 rejecta.
2233 2709 2419 2756 Verum
2460 2719 2537 2756 est

1500 2785 1783 2850 rejectanea
1801 2787 1900 2835 hoc
1919 2787 2029 2835 solo
2049 2787 2164 2835 loeo
2187 2787 2378 2836 auctori
2405 2787 2535 2845 dici;

1499 2865 1621 2913 alins
1665 2867 1796 2931 enim
1841 2866 1924 2915 hic
1973 2866 2155 2930 ubique
2191 2866 2392 2932 rejecta.
2440 2866 2536 2914 Sed

1499 2961 1643 2994 causa
1678 2946 1795 2994 hinc
1834 2946 1966 3007 justa
2002 2945 2137 2994 nulls
2175 2956 2247 2996 est
2269 2978 2287 3005 ,
2326 2945 2533 3009 probam

1501 3025 1781 3088 ceteroquin
1807 3038 1978 3072 vocem
2003 3025 2229 3084 rejicere3
2251 3023 2401 3086 idque
2419 3037 2523 3069 ms-

1497 3102 1596 3166 gis,
1618 3118 1769 3167 quum
1785 3112 1957 3151 auctor
1976 3102 2203 3165 superius
2223 3101 2439 3165 positum
2465 3116 2539 3149 re·

1486 3180 1710 3245 jicienda
1726 3181 1997 3245 exprimere
2019 3179 2230 3227 voluisse
2246 3179 2404 3227 videri
2420 3194 2533 3243 pos-

1495 3258 1574 3307 sit.
1592 3261 1902 3322 Quamquam
1928 3258 2095 3321 negari
2122 3258 2325 3322 nequit,
2348 3258 2534 3322 rejecta

1495 3337 1677 3385 rectius
1710 3337 1775 3385 sd
1812 3335 2193 3406 ἀποπροηγμένα
2220 3336 2532 3401 respondere.

1498 3414 1595 3465 Sed
1623 3416 1754 3467 sorte
1782 3417 1950 3465 sddits
1984 3417 2132 3464 verbs
2148 3450 2164 3477 ,
2198 3415 2246 3465 si
2269 3415 2413 3476 libet,
2436 3433 2532 3467 vo·

1496 3511 1603 3544 cem
1628 3497 1780 3561 magis
1797 3496 2018 3546 interiori
2044 3498 2114 3544 rei
2137 3496 2352 3555 notioni.
2386 3512 2530 3561 quau:

1498 3590 1657 3638 graeeo
1699 3574 1949 3636 idiomati,
1975 3586 2188 3640 aptatam
2215 3585 2409 3624 notant.
2437 3577 2532 3628 ce-

1498 3663 1656 3703 terum
1691 3670 1820 3719 opus
1845 3670 1948 3704 non
1976 3666 2107 3714 erat,
2133 3666 2188 3703 ut
2214 3654 2292 3703 his
2317 3670 2529 3717 graeeum

1499 3731 1876 3801 ἀποπροηγμένα
1911 3733 2177 3783 adderetur
2214 3754 2226 3783 z
2264 3733 2362 3783 hoo
2401 3735 2530 3785 euim

1497 3829 1561 3860 ex
1578 3813 1690 3877 ipso
1708 3813 1865 3861 lstino
1878 3813 2030 3862 verbo
2045 3814 2173 3863 elsre
2189 3831 2243 3863 se
2261 3813 2500 3879 prodebat
2512 3829 2529 3863 ε

1498 3891 1552 3940 in
1573 3908 1626 3941 v·
1649 3892 1892 3956 producta
1912 3909 2017 3943 non
2044 3894 2178 3945 item.
2198 3895 2261 3944 G.

1574 3972 1621 4020 5.
1650 3973 1830 4036 Itaque
1853 3972 1941 4020 illa
1983 3989 2081 4022 non
2122 3974 2237 4022 dico
2267 3988 2347 4021 me
2383 3989 2530 4037 expe·

1501 4061 1617 4098 tere.
1652 4050 1787 4101 Gud.
1818 4068 1849 4101 s
1882 4064 1934 4101 et
1959 4054 2077 4101 Bas.
2101 4074 2130 4097 ιι
2168 4052 2283 4101 dico
2313 4052 2395 4100 iun
2429 4068 2530 4100 non

1501 4146 1579 4178 rue
1607 4145 1761 4193 exp.»
1784 4130 1882 4179 Sed
1909 4133 2087 4195 saepius
2106 4131 2417 4188 monuimus,
2446 4146 2531 4179 su·

1495 4218 1680 4256 ctorem
1711 4208 1856 4259 verbs
1883 4207 2079 4259 dicendi
2101 4208 2276 4259 mediis
2297 4211 2532 4259 sccussti·
