3217 4784
848 451 974 518 DE
1022 450 1198 519 ΠΝ.
1250 453 1460 521 ΒοΝ.
1503 451 1620 520 ΕΤ
1669 451 1880 519 MAI..
1927 452 2013 530 v,
2065 471 2128 541 7.

2414 445 2548 543 567

444 571 662 640 totius
702 571 859 639 vitae
896 569 1109 641 ducat
1144 570 1542 643 exordium.
1593 575 1698 645 Ex
1736 594 1824 641 eo
1860 583 2136 654 autem,
2180 565 2380 665 quod
2412 583 2551 640 sta-
2593 604 2656 653 ις

443 681 660 749 tuerit
710 702 899 763 esse,
954 703 1104 776 quo
1154 681 1468 775 primum
1511 694 1767 750 natura
1813 691 2226 763 moveatur,
2265 681 2556 749 exsistet

439 790 652 858 etiam
696 789 872 858 recti
920 789 1149 858 ratio9
1198 801 1415 883 atque
1460 788 1787 874 honesti,
1832 811 1992 883 quae
2032 811 2193 857 curn
2235 811 2384 859 uno
2427 786 2552 857 ali-

437 922 581 990 quo
613 905 677 939 ¹⁰
716 921 805 967 ex
829 894 1061 966 tribus
1091 895 1230 966 illis
1262 920 1659 993 congruere
1692 898 1949 993 possit,
1987 911 2069 966 ut
2101 894 2296 994 [aut]
2335 895 2407 967 id
2431 895 2554 966 ho·

440 1021 721 1077 nestum
737 1007 826 1076 sit
851 1012 934 1092 ¹¹,
960 1004 1189 1077 facere
1204 1011 1448 1077 omnia
1474 1020 1598 1077 aut
1616 1007 2002 1103 voluptatis
2021 1031 2256 1093 causa,
2283 1008 2554 1078 etiamsi

437 1141 595 1205 eam
646 1140 794 1186 non
834 1140 1312 1212 consequare3
1353 1130 1478 1187 aut
1517 1141 1670 1186 non
1711 1114 2048 1202 dolendi,
2084 1116 2441 1188 etiarnsi¹²
2480 1114 2555 1187 id

435 1226 718 1322 assequi
762 1249 1114 1323 nequeas3
1170 1239 1295 1297 aut
1358 1251 1645 1313 eorum,
1689 1251 1851 1324 quae
1902 1223 2295 1296 secundum
2341 1239 2550 1296 natu·

436 1354 586 1403 ram
610 1387 629 1420 ,
665 1332 1104 1430 adipiscendi
1126 1331 1207 1403 ¹3.
1251 1340 1356 1406 lta
1391 1334 1507 1422 fit,
1544 1354 1625 1407 ut
1652 1390 1672 1422 ‚
1705 1348 1974 1431 quanta
2011 1331 2410 1404 differentia
2445 1348 2555 1407 est

438 1446 507 1511 in
534 1444 903 1540 principiis
929 1444 1371 1516 naturalibus
1391 1499 1410 1532 ‚
1441 1461 1637 1516 tanta
1670 1447 1759 1516 sit
1782 1447 1859 1515 in
1892 1443 2162 1515 finibus
2189 1443 2553 1517 bonorum

436 1552 933 1647 malorumque
964 1552 1639 1627 dissimilitud0.Alii
1664 1580 1907 1626 rursus
1942 1553 2193 1625 iisdem
2227 1579 2267 1624 a
2295 1556 2552 1650 princi-

436 1664 569 1759 piis
592 1687 808 1733 omne
834 1661 1147 1733 officium
1171 1662 1494 1736 referunt
1510 1664 1569 1721 ¹⁴
1587 1681 1710 1736 aut
1728 1663 1817 1736 ad
1831 1664 2298 1761 voluptatem,
2317 1677 2439 1734 aut
2459 1662 2550 1734 ad

441 1807 615 1864 merie,
645 1807 780 1871 quod
806 1808 1044 1871 sequitur,
1069 1809 1131 1856 sd
1145 1809 1448 1873 prudentium

434 1886 647 1934 refertur.
666 1887 729 1935 G.

503 1982 552 2026 9.
580 1964 798 2012 Exsistet
821 1963 966 2011 edam
992 1966 1111 2012 recti
1135 1967 1280 2014 ratio.
1312 1968 1446 2015 Goer.

434 2054 613 2107 uunsp.
637 2042 759 2091 recti
775 2041 938 2090 etiam.
953 2047 1096 2092 Hunc
1114 2077 1130 2102 ‚
1145 2045 1306 2108 inquit
1318 2079 1334 2105 ‚
1352 2061 1451 2093 me·

432 2122 601 2169 liorem
624 2122 837 2186 positum
864 2122 1079 2185 Spirensi
1101 2133 1150 2169 et
1175 2122 1276 2172 Erl.
1306 2123 1449 2171 debe-

430 2216 565 2261 mus3
611 2201 858 2264 vulgatus,
895 2200 1041 2248 eciam
1080 2202 1225 2257 recti,
1268 2202 1446 2249 incon·

432 2280 605 2328 cintius
639 2290 736 2337 est,
777 2289 825 2326 et
862 2290 1057 2327 marcet.
1094 2281 1174 2327 Sic
1211 2291 1371 2327 autem
1399 2291 1447 2328 et

434 2358 553 2405 recti
568 2358 692 2406 bene
711 2358 1025 2420 distinguitur
1041 2392 1056 2414 ,
1088 2369 1139 2407 et
1164 2357 1306 2406 etiam
1329 2374 1448 2406 cou-

430 2448 652 2486 senune·
677 2437 790 2485 loco
815 2438 1000 2484 ratione
1018 2436 1214 2501 insuper
1238 2437 1385 2486 valet.

506 2531 582 2565 ιο.
622 2517 735 2567 Cum
771 2531 866 2562 uno
900 2515 1085 2579 aliquo.
1113 2517 1249 2564 Goer.
1273 2528 1322 2563 et
1364 2516 1445 2564 hic

432 2608 616 2658 trensp.
643 2594 813 2657 aliquo
843 2610 958 2641 uno.
991 2594 1150 2643 Etiam
1180 2595 1343 2658 hunc,
1370 2596 1444 2643 in-

429 2674 561 2737 quit,
587 2672 808 2720 ordinem
834 2672 906 2719 illi
932 2673 1131 2736 vulgato
1147 2709 1163 2730 ,
1199 2690 1309 2720 cum
1343 2691 1444 2723 uno

429 2752 629 2816 aliquo,
655 2753 942 2801 auctoritate
976 2752 1208 2801 binorum
1249 2753 1442 2800 illorum

428 2832 740 2895 praetulimus.
778 2831 1012 2880 Praecedit
1047 2831 1245 2895 quidem
1282 2831 1315 2896 S
1356 2836 1443 2889 18,

428 2927 576 2957 eanum
605 2909 842 2972 aliquod,
877 2911 961 2958 sed
996 2923 1191 2974 recepta
1217 2914 1362 2960 series
1381 2913 1445 2961 ad

426 2990 529 3037 baec
553 2998 779 3035 contexta
808 2988 978 3035 mellor
1007 2999 1106 3045 est,
1125 3005 1276 3052 quum
1296 2991 1444 3038 tribus

427 3079 651 3130 sequuur
667 3100 683 3123 ,
733 3066 870 3128 quod
919 3083 1064 3130 supra
1110 3069 1441 3119 antecedebat.

427 3146 604 3194 Scribit
620 3156 776 3193 autem
795 3156 984 3201 auctor,
1001 3146 1150 3209 quivis
1167 3163 1292 3193 unm
1303 3149 1440 3196 Brut.

427 3228 491 3286 93
507 3260 521 3283 ,
549 3227 682 3281 3²o;
720 3224 1007 3289 quicumque
1029 3241 1155 3272 tanus
1180 3226 1315 3272 Brut.
1341 3227 1406 3287 59
1426 3260 1442 3282 ,

429 3313 560 3361 αι4ς
600 3304 756 3351 nullus
798 3320 919 3351 unus
961 3305 1110 3351 Tusc.
1154 3306 1250 3361 IV,
1280 3307 1341 3363 4,
1372 3321 1397 3363 7
1423 3320 1439 3364 ;

426 3399 565 3433 nemo
592 3399 712 3429 unus
736 3384 911 3430 Provv.
932 3385 1036 3432 Css.
1076 3397 1162 3439 so,
1202 3383 1298 3439 25;
1331 3382 1439 3445 quis

426 3480 546 3511 renus
563 3462 777 3525 Philipp.
792 3464 867 3509 111
887 3496 901 3518 ‚
920 3463 947 3508 3
970 3496 984 3517 ,
1008 3462 1060 3508 6.
1086 3463 1146 3509 Et
1160 3461 1250 3508 hnc
1272 3472 1438 3509 nostre

425 3558 620 3606 quoqne
643 3542 828 3588 ratione
851 3542 1042 3603 saepius.
1072 3541 1205 3587 Oret.
1229 3542 1303 3597 11,
1337 3540 1400 3598 75
1422 3573 1437 3597 ,

427 3623 525 3670 305
559 3638 573 3671 z
596 3644 621 3663 a
640 3636 747 3684 quae
770 3619 1024 3667 commode
1054 3629 1168 3667 sunt
1193 3619 1243 3665 in
1267 3619 1439 3681 abluo

419 3699 587 3761 judice
608 3715 737 3759 uno,
765 3710 846 3746 eut
872 3697 1092 3762 pluribus
1111 3720 1151 3744 n.
1188 3696 1317 3745 Ibid.
1345 3713 1437 3758 72,

425 3794 527 3840 29²
544 3813 560 3838 ,
601 3801 627 3820 ιι
646 3780 746 3825 sive
775 3777 913 3841 plura
940 3786 1078 3834 sunt,
1113 3777 1214 3824 sive
1239 3776 1440 3840 aliquod

424 3874 605 3915 unum3
643 3879 667 3901 a·
703 3873 803 3920 quo
848 3857 899 3903 in
942 3856 1056 3903 loco
1098 3866 1268 3903 auctor
1312 3856 1439 3903 sorte

422 3952 571 3983 unum
597 3951 695 3984 non
720 3935 1097 3999 postposuisset,
1116 3934 1207 3980 nisi
1235 3935 1306 3981 sic
1327 3950 1433 3982 seu·

425 4015 587 4062 tantiae
602 4014 862 4062 clausulam
882 4023 1162 4078 occuparet.

500 4108 577 4140 n.
608 4096 671 4139 Ue
692 4104 781 4140 aue
816 4091 872 4139 id
896 4091 1143 4140 honestum
1178 4090 1260 4140 sie.
1306 4094 1436 4141 Goer.

426 4168 553 4218 delet
579 4183 669 4217 aut
694 4170 749 4219 id
762 4206 775 4225 ,
826 4183 1057 4235 notatque
1086 4186 1098 4220 t
1142 4183 1230 4219 auc
1255 4171 1439 4218 dndnm

1537 1827 1566 1859 e
1594 1814 1648 1858 P.
1675 1812 1867 1859 Manat.
1894 1810 2034 1867 inde,
2057 1809 2342 1872 interpretes
2367 1808 2553 1871 impro-

1536 1891 1731 1939 barunt.
1759 1889 1911 1941 Abest
1945 1889 2074 1936 idem
2104 1888 2166 1935 ab
2186 1888 2390 1937 Oxonn.
2421 1888 2476 1937 E.
2504 1898 2555 1936 et

1536 1971 1600 2018 V.
1640 1973 1819 2017 Praeter
1849 1966 1964 2027 bue,
2006 1968 2063 2014 id
2094 1982 2292 2031 qnoque
2329 1966 2553 2015 Ernestio

1538 2048 1775 2112 displicet.
1803 2050 1965 2110 Atque
1991 2062 2152 2093 revera
2171 2078 2186 2102 ,
2214 2055 2415 2108 utraque
2443 2060 2552 2111 per·

1536 2126 1682 2173 ticula
1718 2143 1745 2173 e
1786 2125 1918 2174 Gud.
1950 2140 1970 2171 x
2005 2135 2056 2171 et
2079 2125 2200 2191 Bes„
2219 2121 2387 2171 abest:
2428 2122 2550 2171 nibil

1533 2204 1682 2268 igitur
1702 2215 1938 2252 cessantes
1965 2203 2165 2249 moleste
2186 2202 2479 2249 sustulimus.

1611 2298 1690 2330 ια.
1716 2281 1918 2331 Etiamsi
1955 2317 1968 2329 .
1991 2314 2006 2329 .
2027 2316 2038 2327 .
2076 2280 2285 2329 eciamsi.
2319 2284 2436 2330 Hac
2471 2296 2548 2328 re-

1532 2363 1659 2409 ctius
1695 2372 1942 2409 contracte
1980 2376 2098 2407 voce
2126 2359 2427 2418 scribuntur,
2467 2376 2551 2409 vu-

1531 2440 1730 2502 lentque
1753 2438 1900 2487 eciam
1923 2451 2020 2486 cum
2044 2437 2088 2485 si
2097 2473 2111 2495 ‚
2131 2447 2182 2485 ut
2201 2453 2347 2501 sepe.
2367 2438 2550 2488 Scribo

1532 2518 1727 2581 quidem
1755 2520 1805 2564 in
1843 2518 1932 2567 hnc
1961 2516 2144 2579 duplici
2173 2515 2408 2579 particule
2435 2533 2550 2581 pee-

1532 2607 1668 2656 eant,
1688 2596 1774 2644 sed
1795 2597 1863 2643 sic
1879 2630 1893 2650 .
1921 2607 1976 2644 ut
1994 2596 2097 2643 sine
2119 2595 2304 2643 ratione
2334 2594 2546 2643 turbent.

1530 2677 1803 2740 Repetitnm
1843 2675 1955 2723 vide
1991 2676 2132 2723 etiarn
2161 2674 2267 2723 Off.
2294 2675 2349 2732 1,
2393 2682 2454 2733 4,
2485 2692 2548 2736 9,

1531 2756 1618 2803 ubi
1656 2771 1801 2819 prave
1836 2755 1963 2802 inter
2003 2753 2320 2818 posteriorem
2361 2753 2551 2801 etiamsi

1533 2834 1716 2899 virgula
1743 2833 2074 2898 distinguitur.
2097 2834 2160 2881 G.

1607 2915 1686 2965 13.
1717 2906 1838 2977 Qeioe
1856 2913 2115 2961 secundum
2135 2922 2366 2958 naturam
2388 2945 2402 2970 ‚
2441 2911 2549 2958 adt-

1522 2993 1761 3058 piscendae’.
1789 2994 1923 3040 Goer.
1966 3006 2079 3053 quae
2114 2989 2376 3037 secundum
2403 3000 2546 3035 natu-

1527 3088 1638 3121 ram
1663 3082 1800 3130 sunt,
1836 3067 2151 3130 adipiscendi.
2180 3069 2333 3123 Seme,
2361 3066 2545 3127 inquit,

1527 3148 1802 3197 addidimus
1827 3161 1885 3193 ex
1909 3147 2033 3208 Spir.
2058 3145 2158 3193 Erl.
2175 3145 2297 3191 Ven.
2322 3151 2545 3205 1494,οῑ

1527 3228 1661 3275 Crat.
1685 3235 1880 3287 eratque
1909 3223 2038 3271 idem
2058 3223 2135 3270 vel
2163 3222 2366 3287 proprio
2387 3223 2546 3270 Marte

1525 3303 1831 3364 addendum,
1865 3318 2019 3366 quum
2047 3302 2096 3350 in
2133 3301 2212 3349 his
2243 3302 2388 3349 textis
2410 3302 2545 3348 abes·

1525 3394 1597 3431 set
1635 3392 1859 3446 nequeat.
1902 3382 2024 3428 Sunt
2065 3380 2256 3428 videtur
2299 3397 2325 3427 ι
2372 3379 2545 3427 scribis

1524 3460 1650 3509 male
1685 3461 1749 3508 ad
1786 3458 2085 3524 adipiscendi
2122 3459 2327 3506 relatum
2343 3492 2358 3513 ,
2396 3470 2544 3522 atque

1523 3556 1676 3604 quum
1699 3540 1816 3588 huic
1842 3540 1896 3587 id
1913 3539 2155 3603 applicare
2180 3553 2282 3586 non
2320 3549 2542 3601 possent,

1524 3618 1703 3667 deinde
1731 3617 1941 3666 deletum
1984 3635 2105 3667 esse.
2140 3619 2252 3666 Bas.
2283 3627 2412 3664 certe
2437 3618 2544 3667 ade·-

1512 3697 1737 3763 pt’scendi
1764 3706 1894 3744 stent.

1602 3788 1682 3833 14.
1709 3775 1812 3824 Alia·
1839 3792 1998 3823 rursus
2043 3775 2215 3824 iisdem
2242 3794 2276 3823 a
2296 3774 2544 3839 principiis

1535 3894 1548 3906 .
1566 3891 1579 3904 .
1598 3891 1609 3901 .
1624 3853 1719 3920 off
1745 3853 1836 3919 ref.
1860 3864 1953 3901 auc
1975 3853 2165 3911 ad‚etc.
2188 3857 2218 3902 J
2223 3864 2398 3901 unctos
2425 3853 2546 3900 lines

1488 3925 1492 3931 ’
1523 3935 1774 3983 bonorum
1801 3945 2133 3999 exposuerunt
2159 3932 2382 3981 nonnulli
2416 3945 2429 3978 ε
2463 3932 2542 3977 alii

1525 4014 1590 4063 ad
1621 4014 1922 4080 voluptatem
1954 4013 2180 4061 virtutem
2201 4013 2544 4073 adjungentes.

1527 4093 1612 4141 alii
1656 4093 1718 4141 ad
1758 4092 1948 4141 doloris
1989 4093 2313 4141 vacuitatemz
2354 4088 2436 4135 alii
2482 4088 2542 4135 ad

1530 4172 1682 4234 prima
1720 4182 1901 4221 nntnrae
1931 4184 1942 4217 ε
1974 4185 2081 4231 qnae
2111 4167 2346 4225 Varroni,
2391 4176 2442 4212 nt
2480 4166 2546 4215 ait
