3217 4784
644 442 777 527 264

1329 460 1427 525 M.
1480 463 1555 537 T,
1608 464 2095 535 CICERONIS

640 572 1115 664 expetendam
1150 601 1166 643 ε
1216 575 1515 650 dubium
1580 597 1720 672 est,
1757 585 1939 680 quin
1982 581 2245 657 fundos
2289 600 2363 656 et
2406 586 2758 658 insulas¹⁴

532 679 600 743 84
639 679 881 749 amicis
926 691 1499 780 anteponamus?
1540 694 1741 765 Licet
1803 693 1920 763 hic
1992 718 2239 765 rursus
2301 719 2384 765 ea
2443 720 2755 768 comme-

634 810 908 871 mores,
964 815 1125 889 quae
1169 798 1458 893 optimis
1504 802 1747 874 verbis
1796 802 1886 873 ab
1933 804 2244 901 Epicuro
2281 804 2372 875 de
2420 805 2755 879 laudibus

631 896 1024 968 amicitiae1⁵
1050 900 1236 981 dicta
1265 923 1456 979 sunt.
1481 915 1643 982 Non
1676 938 1947 1010 quaero,
1972 914 2147 1011 quid
2176 912 2398 1002 dicat,
2425 914 2547 987 sed
2576 916 2754 1013 quid

635 1010 1150 1089 convenienter
1179 1019 1408 1112 possit
1441 1018 1792 1093 rationi‘16
1821 1039 1893 1094 et
1919 1027 2294 1095 sententiae
2318 1049 2461 1096 suae
2491 1024 2750 1097 dicere.

728 1118 1067 1192 Utilitatis
1108 1148 1317 1199 causa
1352 1132 1671 1202 amicitia
1715 1146 1824 1202 est
1862 1131 2276 1228 quaesita17!
2317 1137 2508 1205 Num
2539 1135 2758 1232 igitur

636 1225 993 1301 utiliorem
1025 1231 1159 1304 tibi
1195 1235 1390 1307 hunc
1425 1239 1775 1311 Triarium
1814 1256 2023 1339 putas
2065 1264 2220 1314 esse
2251 1268 2499 1342 posse,
2537 1270 2758 1341 quam

635 1351 756 1407 tua
796 1341 939 1409 sint
980 1344 1294 1415 Puteolis
1329 1350 1654 1442 granaria
1679 1341 1792 1417 ¹⁸?
1837 1349 2111 1447 Collige
2148 1358 2429 1437 omnia,
2456 1379 2615 1449 quae
2642 1378 2759 1424 so-

632 1566 885 1614 paramus3
902 1555 1130 1606 utilitates
1148 1560 1378 1626 denique,
1399 1563 1652 1612 commoda

633 1630 817 1691 quaevis
835 1664 852 1691 ,
888 1634 1092 1683 notione
1115 1640 1326 1702 generali
1355 1657 1418 1689 ex
1452 1643 1654 1707 proprio

632 1712 846 1759 auctoris
864 1728 998 1762 more
1018 1718 1155 1780 quasi
1175 1718 1430 1769 collective
1448 1720 1630 1771 addita.

712 1806 731 1835 1
742 1800 789 1845 4.
811 1792 1019 1841 Insulas.
1031 1794 1105 1841 De
1121 1794 1289 1845 insulis
1306 1799 1422 1856 satis
1439 1811 1653 1860 constat3

634 1868 719 1915 sed
744 1871 1017 1919 notandum
1058 1884 1159 1936 est,
1191 1890 1270 1922 eas
1292 1875 1349 1924 h.
1376 1878 1411 1925 l.
1435 1877 1500 1925 ob
1526 1895 1654 1927 mer-

634 1948 803 2007 cedem
846 1951 1195 2001 conductitiam
1230 1955 1510 2014 nominari,
1546 1973 1656 2020 quae

570 2059 577 2068 .
635 2042 699 2073 ex
734 2026 809 2074 his
849 2028 979 2093 larga
1024 2033 1381 2096 possessoribus
1425 2034 1616 2084 redibat
1636 2050 1652 2085 τ

635 2108 814 2156 multos
848 2111 974 2163 enirn
1002 2127 1129 2176 saepe
1155 2111 1482 2161 conductores
1509 2130 1655 2162 unam

634 2187 875 2235 habitasse
896 2198 1080 2236 certum
1099 2201 1199 2251 est;
1225 2201 1368 2254 atque
1392 2190 1504 2239 inde
1524 2193 1655 2261 ipsas

635 2263 832 2313 Philox.
886 2265 1030 2330 gloss.
1089 2266 1317 2326 συνοικίας
1369 2272 1517 2323 vertit
1534 2307 1550 2332 ‚
1604 2283 1656 2321 et

548 2388 561 2399 ,
637 2346 743 2391 Ait.
769 2340 883 2403 XV,
911 2362 990 2411 ep.
1023 2363 1102 2408 ις,
1130 2349 1368 2397 mercedes
1387 2348 1655 2409 insularum

636 2437 860 2486 expresse
880 2423 1076 2475 dicitur.

714 2503 794 2550 15.
840 2505 915 2552 De
966 2504 1189 2554 laudae‘btts
1231 2508 1476 2560 amicitia.
1536 2492 1655 2561 Tres

639 2582 812 2647 optimi
850 2585 1010 2631 nostri
1038 2602 1146 2637 cum
1191 2588 1360 2637 Marso
1391 2589 1541 2639 laude
1573 2608 1658 2638 ex-

636 2661 808 2709 hibent
822 2698 837 2722 ,
859 2664 993 2727 quod
1019 2664 1111 2711 nisi
1134 2664 1306 2715 lectius
1325 2667 1506 2717 dixeris
1520 2705 1536 2729 ,
1555 2687 1656 2719 uon

640 2742 800 2789 minus
821 2732 950 2791 certe
972 2745 1181 2809 probum
1201 2758 1274 2794 est
1295 2781 1308 2807 ‚
1329 2746 1445 2795 licet
1464 2748 1655 2810 vulgata

639 2821 980 2886 frequentioris
1001 2826 1065 2872 sit
1085 2842 1218 2873 usus.
1242 2828 1304 2874 G.

715 2902 778 2951 16
867 2901 1023 2952 Possit
1073 2903 1267 2953 rationi,
1313 2906 1658 2973 Transponunt

638 2981 769 3031 Gud.
798 2998 856 3042 a,
883 2985 1030 3035 Vien.
1059 2987 1208 3033 Mars.
1246 2985 1377 3033 Crat.
1399 2983 1658 3048 pluresque

638 3062 760 3111 editi
790 3074 910 3118 vett.
949 3080 1058 3112 cum
1095 3065 1226 3112 Oliv.
1270 3062 1455 3111 rationi
1482 3064 1656 3127 possit.

639 3144 739 3205 Qui
761 3144 949 3208 positus
966 3144 1080 3192 licet
1103 3160 1190 3208 per
1207 3159 1257 3191 se
1278 3144 1341 3193 sit
1359 3142 1594 3209 optimus,
1608 3153 1661 3191 et

636 3223 823 3271 auctori
850 3225 1214 3291 frequentatus3
1247 3233 1405 3271 tamen
1433 3238 1581 3287 quum
1611 3233 1663 3271 et

636 3302 922 3366 explicantis
947 3302 1036 3362 sit,
1063 3318 1262 3366 eamque
1289 3318 1379 3349 nos
1404 3313 1529 3366 part.
1561 3303 1661 3359 fere

636 3380 862 3445 proxime
894 3379 958 3431 ad
998 3381 1293 3444 explicatum
1331 3381 1446 3434 addi
1489 3382 1662 3431 videri-

550 3510 561 3529 !
636 3474 760 3517 mus,
781 3460 956 3506 mutari
979 3458 1245 3521 quidquam
1271 3456 1532 3507 noluimus.
1561 3461 1624 3509 G.

712 3553 791 3599 ¹7·
823 3536 1077 3595 Utilitatis.
1097 3572 1111 3585 .
1132 3571 1147 3585 .
1175 3547 1250 3584 est
1271 3537 1515 3600 qua-sica?
1542 3538 1660 3586 Nou

635 3615 822 3675 solum,
851 3617 1012 3681 inquit
1059 3617 1195 3665 Goer.
1242 3606 1383 3663 incisi,
1414 3616 1550 3680 signa
1580 3616 1658 3664 his

633 3695 858 3744 addenda
888 3698 1114 3753 suerunt3
1157 3694 1241 3742 sed
1267 3695 1657 3760 transponendus

634 3774 779 3823 etiam
825 3774 1050 3838 vulgatus
1102 3774 1256 3831 ordo,
1293 3786 1362 3822 ese
1404 3773 1613 3838 qucesita
1632 3809 1650 3831 ,

632 3855 685 3902 in
717 3852 922 3917 qua-sita
948 3865 1020 3899 ese
1054 3852 1339 3903 auctoritate
1363 3852 1509 3903 codd.
1529 3868 1657 3917 prae-

634 3943 709 3982 ter
730 3932 866 3982 Gud.
889 3949 918 3980 2
938 3966 954 3993 ,
980 3942 1262 3980 nostrorum
1281 3932 1523 3980 omnium.
1549 3931 1655 3978 Nec

635 4013 773 4061 aliter
795 4011 927 4061 Crat.
952 4021 1001 4058 et
1020 4009 1140 4059 aliae.
1161 4012 1241 4059 Sic
1268 4009 1555 4059 asseveratio
1577 4009 1656 4057 his

633 4094 788 4150 inest,
808 4108 954 4159 quam
984 4091 1079 4138 loci
1105 4092 1340 4144 sententia
1365 4089 1583 4153 requirit.

710 4174 789 4222 πθ.
822 4173 979 4235 Quam
1020 4185 1101 4219 tem
1138 4170 1234 4218 sine
1279 4168 1481 4217 Puteolis
1501 4184 1652 4234 gran.

1743 1566 1878 1613 Goer.
1899 1565 2042 1612 scrib.
2083 1580 2232 1629 qnam
2256 1563 2304 1612 εἰ
2317 1575 2401 1612 ma
2420 1562 2519 1611 sine
2551 1567 2662 1612 Pete.
2677 1580 2758 1629 gr,

1740 1653 1973 1708 notatque
2001 1658 2016 1692 ε
2047 1644 2204 1692 Brem.
2223 1658 2333 1690 cum
2359 1645 2557 1691 Mureto
2574 1679 2589 1702 ,
2610 1659 2758 1706 quem

1741 1722 1904 1771 Lamb.
1922 1724 2047 1770 Dav.
2066 1723 2183 1769 Ern.
2209 1706 2501 1786 sequuntur,
2520 1721 2565 1768 si
2580 1722 2641 1769 ad
2662 1738 2756 1769 un·

1742 1818 1827 1851 cos
1850 1800 2118 1864 damnavit,
2143 1817 2431 1866 quamquam
2462 1800 2640 1849 dubius
2658 1835 2675 1862 ‚
2702 1813 2759 1850 ut

1744 1880 1865 1929 dicit
1878 1916 1891 1939 ,
1919 1898 1981 1929 an
1999 1883 2062 1928 sit
2076 1880 2400 1943 admittenda,
2419 1897 2508 1927 nec
2528 1896 2589 1927 ne
2608 1916 2624 1939 ,
2645 1880 2681 1928 i.
2707 1896 2755 1929 e.

1741 1958 1851 2023 plns
1876 1976 1927 2007 se
1951 1961 2120 2008 fecisse
2147 1961 2347 2019 fatetur,
2366 1975 2511 2023 quam
2529 1958 2756 2008 debebat.

1742 2039 1917 2085 Omnia
1940 2037 2145 2086 redeunt
2166 2039 2230 2086 ad
2240 2038 2483 2103 granaria
2505 2039 2586 2086 illa
2605 2040 2762 2099 cujus-

1741 2133 1852 2163 nam
1879 2129 2006 2166 recte
2034 2117 2288 2179 dicantur;
2329 2119 2626 2181 Torquatine
2646 2152 2660 2177 ,
2697 2133 2760 2164 au

1742 2196 1948 2249 aliorum
1975 2212 1989 2243 z
2030 2212 2142 2245 nam
2169 2196 2231 2244 de
2257 2198 2364 2261 ipsa
2391 2198 2525 2245 vocis
2561 2198 2761 2244 veritate

1738 2277 1846 2341 jure
1874 2275 2087 2327 dubitari
2113 2276 2312 2340 nequit,
2339 2276 2541 2341 probata
2570 2291 2657 2338 per
2681 2268 2759 2322 bi-

1743 2370 1834 2402 nos
1878 2368 2079 2418 quoque
2123 2364 2317 2402 nostros
2341 2389 2356 2413 ‚
2411 2364 2460 2400 et
2507 2355 2724 2400 Marsum
2744 2368 2759 2409 ;

1742 2449 1892 2498 quum
1907 2433 2161 2498 granu'na.
2188 2442 2244 2478 ut
2263 2432 2436 2494 reliqui
2455 2432 2625 2494 scripti
2648 2431 2763 2478 refe-

1742 2521 1883 2572 runt,
1923 2526 2121 2573 prorsus
2166 2507 2263 2555 huc
2305 2506 2426 2559 nihil
2467 2507 2760 2570 pertineant.

1742 2586 1823 2635 Ad
1846 2589 2143 2650 Torquatum
2165 2586 2207 2631 si
2232 2586 2320 2631 ista
2351 2584 2639 2644 referuntur,
2660 2582 2760 2646 pri·

1741 2681 1871 2714 mum
1908 2681 1999 2712 nos
2027 2664 2124 2711 sine
2183 2661 2391 2711 ostendit
2419 2675 2432 2710 :
2477 2661 2600 2709 solet
2628 2662 2759 2709 enim

1742 2750 1791 2796 in
1821 2745 1901 2793 tali
1925 2754 2160 2792 contextu
2182 2751 2355 2789 auctor
2385 2740 2585 2789 verbum
2601 2740 2755 2791 subst.

1742 2827 1978 2875 omittere.
1997 2821 2144 2877 Malis
2162 2822 2305 2869 etiam
2322 2836 2414 2885 pro
2429 2820 2581 2885 ipsius
2603 2838 2760 2883 more,

1747 2928 1769 2950 ι
1801 2921 1943 2969 quarn
1975 2914 2057 2951 tua
2108 2901 2189 2948 illa
2236 2899 2450 2948 Puteolis
2489 2902 2704 2963 granaria
2720 2923 2761 2949 ι.

1743 2982 1933 3033 Deinde
1952 2984 2064 3043 iure
2083 2996 2271 3044 qnaeres
2286 3013 2300 3037 ‚
2343 2995 2462 3026 unm
2487 2980 2763 3042 Torquatus

1745 3072 2058 3117 mercaturam
2082 3058 2444 3113 frumentariam
2465 3059 2759 3115 exercuerit3

1745 3148 1883 3213 sique
1907 3141 2201 3197 exercuerit,
2242 3156 2330 3187 cur
2345 3138 2519 3192 horrea
2555 3154 2638 3187 sua
2664 3139 2762 3186 Pu·

1747 3222 1886 3273 teolis
1927 3221 2119 3284 potius,
2147 3234 2291 3283 quam
2318 3219 2488 3265 Roma!
2523 3215 2760 3264 habuerit.

1747 3305 1857 3355 Hoc
1888 3310 2048 3355 autem
2084 3314 2201 3345 cave
2228 3307 2371 3361 putes
2396 3331 2410 3354 ,
2447 3295 2764 3343 Puteolorum

1748 3380 1945 3428 nomine
1989 3376 2304 3427 Puteolanum
2351 3372 2597 3438 quoddam
2619 3362 2762 3420 ⁴Tor-

1747 3459 1880 3524 quati
1900 3457 2134 3523 praedium
2156 3454 2399 3518 intelligi3
2427 3452 2497 3501 sic
2518 3452 2646 3499 enim
2671 3454 2762 3499 La-
2865 3486 2874 3493 .

1747 3538 1836 3589 tini
1856 3552 1960 3591 non
1979 3537 2261 3605 loquuntur.
2275 3536 2447 3597 Neque
2459 3547 2572 3581 sane
2589 3530 2765 3593 proba·

1746 3615 1910 3663 biliter
1930 3625 2112 3662 statues
2126 3647 2140 3671 ‚
2160 3629 2222 3660 ex
2238 3611 2435 3677 praediis
2452 3610 2578 3669 suis,
2597 3608 2761 3655 nescio

1745 3692 1947 3758 quibus,
1966 3694 2266 3756 Torquatum
2279 3691 2515 3739 frumenta
2534 3686 2764 3734 Puteolos

1744 3772 1797 3818 in
1823 3770 1995 3819 horrea
2013 3771 2177 3818 nescio
2203 3784 2312 3831 quae
2331 3783 2416 3814 sua
2432 3764 2758 3829 congessisse:

1745 3861 1869 3915 quot
1886 3852 2011 3899 enim
2025 3851 2157 3915 prius
2169 3862 2284 3910 vaga
2295 3847 2571 3906 conjectura
2584 3858 2766 3907 ponen-

1745 3928 1804 3977 da
1821 3930 1918 3978 sint
1935 3965 1950 3987 ‚
1974 3929 2111 3977 vides
2127 3962 2143 3988 ,
2162 3938 2419 3989 antequam
2443 3923 2508 3971 ad
2523 3922 2765 3983 ejusmodi

1744 4009 2026 4058 sententiam
2058 4004 2286 4054 accedere
2319 4003 2478 4055 liceat.
2502 4001 2567 4050 At
2588 4017 2703 4049 vero
2722 4002 2763 4048 si

1743 4106 1855 4137 cnm
1874 4086 2128 4136 Gronovio
2148 4083 2396 4149 granaria
2414 4085 2517 4132 sive
2537 4083 2730 4149 publica
2747 4115 2762 4137 ,

1746 4168 1846 4221 sive
1867 4166 2219 4238 negotiatorum
2232 4198 2248 4224 ‚
2265 4163 2352 4228 qui
2365 4163 2577 4216 Puteolis
2590 4177 2766 4211 merca·
