3217 4784
1095 473 1871 549 INTRODUCTIO.
2099 502 2116 513 -
2494 496 2542 565 9

417 610 567 657 ante
613 591 682 656 id
711 591 988 673 bellum,
1021 592 1125 656 vel
1154 593 1221 655 in
1258 617 1337 658 eo
1377 595 1519 682 ipso
1553 584 1953 659 occiderunt.
1997 591 2075 656 Id
2107 592 2368 682 quidem
2402 615 2437 656 a
2474 616 2543 657 se

416 698 717 763 consulto
762 698 1004 765 factum
1047 715 1276 763 auctor
1308 699 1446 787 ipse
1481 716 1782 779 testatur,
1830 701 1961 763 Att.
2006 698 2204 779 xm,
2246 720 2346 787 ep.
2406 720 2483 785 19
2525 721 2540 761 ε

417 836 444 858 κ
466 804 630 885 Quae
662 802 761 865 his
787 802 1191 889 temporibus
1218 803 1482 891 scripsi,
1514 805 1840 884 Ᾰρις-οτάλιιον
1870 825 2119 866 morem
2152 801 2394 866 hahent
2419 825 2435 866 τ
2472 802 2568 865 in·

417 931 553 995 quo
608 929 822 971 sermo
875 907 962 971 ita
1020 906 1352 972 inducitur
1390 923 1752 972 ceterorum
1773 956 1790 989 ,
1829 925 1907 973 ut
1955 929 2152 995 penes
2195 908 2411 995 ipsum
2459 908 2543 971 sit

416 1014 830 1102 principatus.
862 1015 957 1078 Ita
981 1000 1229 1079 confeci
1257 1015 1545 1103 quinque
1570 1015 1769 1079 libros
1791 1026 1902 1095 περὶ
1922 1031 2072 1077 niam
2088 1063 2107 1095 ,
2135 1030 2210 1078 ut
2227 1015 2540 1101 Epicurea

414 1119 488 1184 L.
515 1119 880 1205 Torquato,
905 1118 1117 1184 Stoica
1140 1119 1232 1182 M.
1256 1120 1522 1200 Catoni,
1550 1129 1928 1200 napum-mm&
1942 1119 2033 1184 Μ.
2051 1118 2269 1182 Pisoni
2289 1116 2544 1184 darem:

415 1233 777 1294 ἀζηλοτύπητον
809 1220 875 1285 id
905 1224 1046 1289 fore
1076 1223 1413 1310 putabam,
1456 1222 1636 1311 quod
1669 1246 1914 1288 omnes·
1936 1223 2029 1287 illi
2064 1222 2468 1287 decesserant
2490 1255 2537 1289 n.

416 1329 513 1392 Ita
566 1327 829 1415 quidem
881 1345 1109 1393 auctor
1158 1327 1241 1393 ad
1290 1327 1595 1393 invidiam
1645 1329 2037 1397 intevffvivos
2082 1327 2410 1395 vitandam
2456 1325 2538 1391 ad

416 1449 625 1498 morte
662 1433 1005 1499 defunctos
1035 1436 1431 1524 confugerat.
1465 1435 1592 1501 Sed
1622 1433 1838 1523 quoad
1879 1430 2061 1498 illum
2092 1433 2539 1499 An'stoteleum

413 1562 681 1619 morem,
722 1562 801 1603 ex
848 1562 981 1627 quo
1018 1541 1242 1604 Cicero
1286 1562 1504 1603 rerum
1557 1537 2090 1627 disputandarum
2120 1537 2436 1618 judicium
2468 1538 2537 1601 in

414 1667 596 1710 suam
624 1646 824 1735 ipsius
862 1669 1202 1735 personam
1238 1647 1586 1711 contulisse
1614 1668 1681 1709 se
1709 1630 1901 1726 dicit,
1936 1645 2150 1708 locum
2178 1645 2358 1708 hunc
2393 1658 2538 1708 c'or·

412 1767 681 1839 ruptum
703 1750 950 1831 judicat
964 1752 1502 1839 Wyttenbach.V.
1527 1749 1658 1816 Cel.
1686 1751 1754 1814 in
1789 1750 2076 1839 Epistola
2106 1749 2297 1814 docta
2326 1749 2430 1812 illa
2458 1747 2540 1812 ad

411 1857 673 1922 Heus-dii
683 1858 1003 1945 Spectmen
1029 1860 1165 1922 cn‘t.
1186 1858 1251 1920 in
1278 1857 1448 1922 plat.
1469 1882 1534 1947 p.
1553 1858 1818 1938 51311011
1847 1857 2193 1921 convenire
2223 1856 2360 1920 haec
2387 1877 2536 1919 cum

413 1964 537 2028 alio
565 1964 759 2028 Tullii
784 1965 931 2029 loco
947 2014 965 2046 ,
987 1965 1169 2029 Divv.
1190 1966 1243 2046 1,
1267 1988 1367 2053 ep.
1392 1988 1455 2052 9,
1479 1967 1596 2052 67:
1625 1994 1652 2021 σι
1672 1961 1906 2051 Scripsi
1934 1964 2130 2053 igitur
2155 1962 2537 2027 Aristotelen

414 2092 595 2133 more
615 2118 632 2149 ‚
663 2069 1212 2156 quemadmodum
1246 2070 1509 2157 quidem
1536 2070 1751 2150 volui,
1780 2085 1907 2132 tres
1928 2069 2126 2132 libros
2156 2069 2223 2131 in
2253 2067 2537 2155 disputa·

411 2177 595 2237 tione
644 2189 711 2236 et
754 2173 1008 2261 dialogo
1053 2175 1135 2239 de
1187 2177 1458 2239 Oratore
1489 2199 1564 2238 n:
1615 2198 1737 2239 nec
1793 2197 1941 2238 cum
1993 2174 2118 2238 alio
2165 2173 2536 2252 Ammonii,

411 2281 672 2354 ὃιαλογικὰ
691 2279 750 2335 ὃὸ
768 2321 784 2348 ,
808 2283 905 2335 ὅσα.
931 2285 999 2354 μὴ
1026 2285 1075 2347 ἐξ
1100 2286 1272 2339 simion
1298 2285 1561 2353 προσώπου
1591 2288 1908 2356 συνίγραφιν,
1935 2286 2041 2337 ἀλλ’
2064 2285 2228 2355 ὥσπερ
2253 2286 2278 2337 ὁ
2302 2284 2540 2339 Πλάτων,

411 2376 777 2445 ὑποκρινόμενος
804 2377 975 2446 ἱτίρων
1003 2377 1275 2447 πρόσωπα,
1301 2396 1347 2429 κ.
1374 2398 1420 2430 τ.
1445 2383 1492 2429 λ.
1534 2390 1614 2430 ex
1662 2368 1763 2431 his
1807 2368 1981 2431 enim
2019 2367 2231 2456 colligi
2274 2365 2543 2448 debere,

412 2472 772 2537 Aristotelis
821 2473 887 2535 in
947 2470 1213 2562 dialogis
1278 2495 1527 2536 morem
1578 2472 1902 2536 contrario
1950 2472 2096 2535 loco
2141 2494 2276 2536 non
2336 2471 2405 2533 in
2463 2495 2542 2536 eo

412 2575 809 2658 constitisse,
840 2593 916 2640 ut
941 2598 1017 2640 ex
1053 2599 1168 2641 sua
1200 2577 1338 2664 ipse
1376 2599 1651 2665 persona
1686 2575 1997 2662 loquutus
2025 2576 2140 2657 sit,
2176 2575 2288 2639 sed
2320 2591 2396 2639 ut
2439 2575 2539 2639 lo·

412 2698 685 2770 quentes
735 2681 1062 2747 induxerit
1108 2682 1284 2746 alios.
1334 2683 1666 2746 Ammonii
1719 2680 1982 2769 quidem
2026 2682 2243 2745 locum
2284 2704 2362 2745 ex
2403 2680 2539 2760 ejus

410 2788 729 2851 contextis
779 2786 1069 2866 judicare
1088 2834 1105 2860 ‚
1153 2810 1354 2874 quum
1413 2810 1559 2851 eum
1606 2788 1672 2851 in
1725 2786 1921 2866 hujus
1975 2785 2127 2850 Vita
2178 2785 2544 2851 Aristotelis

408 2893 648 2955 frustra
675 2891 1118 2976 quaesissemus
1139 2939 1157 2972 ,
1184 2890 1690 2979 haudquaquam
1723 2890 1911 2953 nobis
1939 2891 2201 2954 facultas
2237 2890 2401 2953 fuit:
2431 2889 2543 2953 sed

410 2996 461 3061 si
495 2995 576 3059 de
601 3018 710 3076 eo,
739 3009 1059 3082 quatenus
1086 2996 1432 3059 excitatum
1462 2995 1736 3082 legimus
1753 3042 1771 3074 ,
1788 2994 2109 3075 judicium
2130 2994 2325 3074 valet,
2353 3015 2566 3086 posse·

410 3102 550 3165 haec
570 3099 896 3166 conciliari
920 3090 1087 3160 nihil'
1107 3098 1498 3163 dubitamuS.
1528 3100 1632 3164 Sic
1657 3102 1829 3162 enim
1853 3098 2044 3161 verba
2073 3100 2209 3177 ejus
2235 3097 2540 3165 vertenda

408 3205 743 3285 videntur,
779 3202 1133 3291 «dialogica
1168 3220 1383 3267 autem
1407 3253 1426 3280 ‚
1475 3219 1804 3292 quotquot
1849 3226 2077 3267 eorum
2121 3227 2256 3268 non
2302 3227 2378 3268 ex
2423 3227 2541 3281 ¹sua

411 3313 613 3401 ipsius
662 3332 935 3399 persona
960 3358 977 3386 ,
1024 3308 1135 3373 sed
1157 3357 1177 3391 ,
1228 3300 1511 3373 Platonis
1558 3309 1890 3396 exemplo,
1938 3308 2214 3375 induens
2263 3312 2538 3375 aliorum

408 3439 751 3504 personaS‚
790 3414 1153 3480 scribebat·
1179 3437 1195 3477 ε
1236 3431 1309 3478 ut
1340 3414 1441 3477 his
1481 3411 1719 3501 duplex
1749 3415 2105 3480 Aristotelis
2138 3415 2538 3507 dialogorum

408 3543 613 3611 genus
641 3521 997 3601 indicetur,
1029 3520 1338 3601 alterum,
1370 3541 1504 3606 quo
1541 3518 1650 3582 hic
1683 3535 1748 3583 et
1772 3520 1974 3607 ipsius
2006 3542 2276 3609 persona
2300 3523 2542 3610 princi-

398 3641 625 3715 patum
659 3627 844 3690 illum
871 3624 1262 3705 obtinuerit,
1292 3626 1604 3706 alterum,
1639 3623 1753 3689 ubi
1788 3625 1911 3690 sub
1942 3625 2299 3690 alienarum
2326 3649 2548 3713 perso-

408 3755 641 3796 narum
680 3731 1060 3796 auctoritate
1092 3730 1419 3795 delituerit
1447 3754 1463 3795 ε
1499 3729 1695 3819 idque
1733 3731 1948 3818 ipsum
1981 3732 2146 3796 forte
2173 3730 2545 3819 dupliciter,

408 3839 640 3926 partim
688 3835 913 3917 judicii
964 3859 1285 3900 summam
1335 3835 1413 3899 ad
1463 3860 1671 3901 unum
1716 3837 1995 3924 aliquem
2051 3839 2392 3902 conferens
2409 3886 2429 3919 ‚
2469 3857 2547 3905 ut

408 3944 661 4007 Tullius
693 3943 757 4006 in
788 3942 964 4005 libris
992 3940 1073 4005 de
1101 3942 1347 4007 Natura
1378 3943 1666 4007 Deorum
1696 3941 1776 4006 ad
1801 3944 2088 4025 Cot-taum
2118 3944 2352 4031 partim
2383 3967 2549 4007 eam-

410 4047 558 4112 dem
596 4048 766 4112 inter
809 4048 1027 4135 plures
1083 4047 1512 4130 distribuenti,
1544 4065 1622 4113 ut
1665 4048 1838 4117 idem
1877 4046 1944 4112 in
1981 4048 2102 4113 illis
2135 4050 2215 4114 de
2252 4054 2546 4115 Oratore.

409 4155 594 4219 Hanc
636 4176 791 4218 vero
839 4153 965 4218 loci
1007 4153 1139 4218 vim
1185 4152 1542 4220 desiderare
1583 4177 1709 4219 vox
1752 4168 1847 4219 ὅσα
1880 4154 2165 4237 videtur,
2205 4177 2412 4243 quum
2433 4202 2451 4236 ,
2488 4154 2545 4223 si
