3217 4784
660 393 801 482 450

1340 394 1434 459 Μ.
1489 395 1565 461 Τ.
1622 394 2108 464 CICERONIS

663 535 782 590 tur
808 516 1027 588 fuisse
1062 511 1389 585 mutandi
1427 516 1764 587 nominis.
1791 518 1965 597 ,Non
2007 514 2235 601 enim,
2268 513 2328 583 si
2363 515 2606 582 omnia
2641 532 2806 582 non

661 625 1138 725 sequebatur,
1188 621 1459 695 idcirco
1504 650 1660 696 non
1704 632 1857 697 erat
1907 638 2112 695 ortus
2157 623 2377 695 illinc.
2437 621 2806 720 Equidem

664 740 877 811 etiam
934 738 1325 832 Epicurum
1350 788 1371 821 ,
1435 738 1508 805 in
1566 734 1880 833 physicis
1924 733 2252 832 quidem,
2297 732 2804 805 Democritum

664 861 843 946 puto
867 857 930 904 ¹9
958 872 972 915 :
1008 862 1236 943 pauca
1267 859 1536 932 mutat,
1569 847 1681 918 vel
1721 845 1932 944 plura
1961 868 2151 916 sane.
2182 848 2277 915 At
2310 867 2541 941 quum
2571 867 2612 913 e
2643 840 2806 939 plu-

662 961 865 1032 rimis
880 969 948 1003 ²⁰
969 956 1222 1029 eadem
1249 956 1456 1046 dicit,
1482 966 1641 1030 tum
1668 973 1860 1030 certe
1878 956 1970 1029 de
1989 957 2342 1029 maximis.
2364 955 2585 1047 Quod
2604 953 2802 1025 idern

666 1093 896 1169 quum
936 1071 1153 1141 vestri
1197 1066 1570 1155 faciant²¹‚
1613 1094 1765 1140 non
1812 1069 2060 1140 satis²²
2099 1090 2436 1166 magnam
2462 1064 2804 1138 tribuunt

663 1179 1167 1254 inventoribus
1198 1181 1495 1278 gratiam
1516 1176 1604 1249 ²³.

566 1317 626 1373 ιι
758 1295 880 1364 Vl.
918 1290 1059 1363 sed
1092 1289 1244 1363 haec
1286 1290 1657 1362 hacteuus.
1693 1293 1906 1363 Nunc
1936 1287 2347 1374 videamu3‚
2390 1311 2673 1384 quaeso,
2708 1283 2805 1355 de

667 1426 953 1474 summo
969 1399 1197 1489 bono,
1219 1399 1421 1497 quod
1444 1402 1768 1472 continet
1786 1397 2342 1497 philosophiam,
2362 1395 2623 1494 ecquid
2646 1410 2798 1467 tan-

667 1512 835 1586 dem
857 1509 1206 1583 attulerit¹
1217 1564 1238 1597 ,
1256 1509 1732 1606 quamobrem
1749 1508 1840 1579 ab
1860 1505 2384 1593 inventoribus,
2401 1521 2746 1602 tanquam
2761 1529 2806 1574 a

743 1696 825 1745 ¹9·
865 1679 1110 1744 Equidem
1150 1679 1297 1729 αἰωιι
1332 1680 1686 1745 Epicurum...

668 1759 998 1811 Democritum
1012 1771 1152 1823 puto.
1177 1761 1245 1808 Ut
1269 1759 1521 1825 particula
1547 1759 1697 1807 εεὶαηι

669 1841 743 1889 vis
778 1849 1039 1905 appareat,
1067 1838 1136 1886 ita
1159 1837 1266 1885 haec
1293 1836 1437 1902 plene
1461 1837 1699 1902 capienda

562 1910 568 1920 ⁸
670 1928 821 1968 sunt:
860 1938 888 1960 α
908 1915 1179 1981 Equidem,
1209 1926 1268 1965 ut
1299 1930 1421 1973 voa,
1467 1916 1663 1965 Stoicos
1682 1951 1698 1976 ,

670 1995 1020 2062 Peripateticos
1042 1993 1236 2059 (supple
1257 1991 1383 2060 esse)
1397 2027 1414 2054 ,
1430 1993 1500 2042 ita
1520 1994 1703 2058 Epicu·

670 2092 803 2127 rum.
819 2072 1210 2123 ..Democritum
1238 2071 1301 2137 (i.
1324 2086 1369 2121 e.
1393 2070 1701 2121 eademsen·

667 2155 758 2201 tire
783 2168 841 2201 ac
869 2152 1035 2214 Dem.)
1054 2162 1180 2214 puto
1198 2172 1244 2201 ιο.
1268 2150 1414 2200 Cous.
1434 2167 1580 2217 supra
1596 2182 1616 2213 ‚
1644 2154 1700 2213 14

668 2231 728 2291 6,
748 2244 832 2292 17,
853 2228 969 2277 coll.
987 2228 1181 2278 Acadd.
1200 2232 1253 2291 Ι,
1277 2245 1308 2278 a
1326 2265 1341 2290 ,
1369 2232 1440 2279 6:
1478 2253 1505 2275 o·
1530 2231 1573 2281 si
1593 2232 1705 2297 Epi-

669 2323 866 2369 curum,
891 2306 945 2355 id
981 2316 1084 2368 est,
1123 2309 1168 2356 si
1203 2310 1541 2361 Democritum
1578 2322 1696 2375 pro·

669 2387 833 2435 barem
859 2408 904 2435 u.
946 2386 1093 2437 Haud
1139 2388 1289 2453 igitur
1327 2405 1440 2439 cum
1483 2391 1698 2440 Nisseno

672 2465 1027 2516 Democriteum
1051 2467 1215 2517 males.
1241 2472 1311 2520 G.

745 2561 827 2595 ao.
853 2549 1026 2594 Pauca
1049 2558 1244 2607 mutat,
1276 2548 1364 2598 vel
1387 2549 1538 2613 plum
1566 2564 1708 2604 saneg

677 2629 746 2673 Ae
772 2640 921 2690 quum
949 2640 978 2671 e
997 2623 1241 2689 plurimis.
1270 2629 1389 2677 Haec
1426 2638 1557 2677 certe
1584 2627 1707 2676 asfe-

675 2715 753 2753 cta
780 2714 925 2753 sunt:
958 2718 1073 2751 nam
1099 2704 1172 2750 sic
1195 2705 1415 2769 suppleri
1436 2721 1539 2754 nou
1562 2706 1708 2766 lieet,

675 2794 734 2832 ut
758 2781 1130 2842 conjunctivum
1156 2793 1337 2843 mutet,
1380 2800 1408 2832 e
1435 2798 1706 2849 praegresso

678 2873 861 2922 mutat,
884 2857 1155 2925 intelligere
1176 2860 1340 2912 liceat.
1373 2862 1523 2925 Quod
1553 2879 1705 2927 quum

679 2942 906 2990 Davisius
926 2939 1144 2998 vidisset,
1160 2950 1314 2988 mutet
1329 2942 1570 3000 correxit,
1589 2956 1708 3006 pro-

679 3021 827 3070 bante
862 3021 976 3068 Ern.
1021 3019 1118 3067 Sed
1157 3019 1331 3068 melior
1373 3022 1545 3085 utique
1579 3023 1706 3072 ratio

683 3101 826 3149 fuerit
841 3134 857 3160 ,
890 3098 933 3146 si
970 3098 1240 3163 scripseris,
1288 3120 1315 3141 α
1334 3114 1489 3164 pauca
1515 3110 1707 3161 mutat;

683 3187 836 3227 mutet
861 3176 941 3225 vel
967 3176 1108 3241 plura
1130 3193 1247 3227 sane
1264 3177 1393 3243 (scil.
1415 3195 1566 3244 quam
1596 3196 1706 3228 unu·

683 3257 811 3324 tae):
848 3266 898 3305 st
929 3266 1279 3323 quum,etc.··
1312 3261 1387 3308 lu
1410 3270 1486 3310 est
1510 3258 1708 3325 asapo-

686 3335 903 3399 doseos,
942 3344 993 3383 et
1032 3330 1249 3385 attamen
1286 3338 1414 3388 valet
1432 3372 1449 3399 ‚
1482 3349 1537 3387 ut
1562 3355 1708 3404 saepe.

686 3415 914 3464 Ceterum
949 3427 1097 3477 prave
1123 3415 1296 3464 Lamb.
1312 3418 1461 3481 plura
1481 3429 1528 3467 et
1547 3418 1707 3483 pluri·

687 3509 772 3541 ma
788 3491 1089 3555 transponit.
1113 3491 1167 3539 si
1187 3494 1318 3542 euim
1335 3495 1530 3559 quidam
1553 3497 1707 3547 codd.

687 3582 745 3619 ut
774 3571 833 3619 B.
859 3579 908 3616 et
943 3564 985 3627 ξ.
1022 3570 1167 3619 etiam
1203 3573 1359 3637 plum
1396 3575 1453 3624 iu
1489 3576 1710 3640 plurim

688 3657 879 3697 mutam
898 3682 914 3707 ,
952 3663 1016 3695 ex
1055 3649 1180 3698 male
1215 3651 1465 3703 intellecto
1506 3654 1623 3703 loco
1658 3655 1712 3704 id

689 3726 1032 3777 deducendum
1080 3741 1155 3779 est
1175 3765 1192 3793 ,
1240 3748 1399 3796 neque
1441 3732 1712 3798 quidquam

688 3808 804 3858 inde
825 3807 1178 3859 oxma-ndum.
1199 3811 1267 3868 Ε,
1299 3827 1445 3876 quam
1470 3810 1635 3861 lamb.
1658 3824 1709 3862 et

688 3886 855 3937 Davis.
882 3888 937 3935 iu
960 3887 1024 3936 de
1054 3900 1305 3939 mutarunt
1320 3926 1336 3951 ,
1361 3908 1529 3941 omnes
1550 3893 1711 3941 nostri

691 3977 914 4018 tuentur.
939 3968 982 4015 E
1004 3966 1232 4032 plurimis
1258 3981 1397 4020 notat
1416 3971 1711 4039 quoadplu-

690 4050 846 4107 rima,
889 4059 948 4097 ut
973 4064 1002 4095 e
1027 4048 1203 4114 quibus
1228 4048 1376 4099 offic.
1404 4052 1461 4110 Ι,
1490 4052 1581 4114 16,
1616 4051 1714 4100 51:

691 4153 716 4171 .-
734 4148 762 4178 e
804 4127 984 4194 quibus
1019 4128 1139 4194 ipsis
1194 4127 1420 4193 (legibus
1456 4129 1715 4195 civilibus)

1780 1689 1944 1729 cetera
1971 1679 2045 1727 sic
2076 1677 2424 1735 observentur,
2460 1686 2558 1725 etc.
2574 1697 2602 1717 ι·
2629 1675 2806 1739 Neque

1779 1772 1976 1807 necesse
2002 1767 2107 1819 est,
2133 1768 2188 1807 ut
2221 1756 2405 1805 eadm
2443 1769 2678 1819 preposs.
2710 1753 2808 1802 sibi

1780 1835 2120 1901 respondeant.
2146 1832 2294 1884 offic.
2315 1837 2372 1894 1,
2401 1834 2496 1894 30,
2522 1834 2583 1881 13
2603 1847 2618 1882 ε
2641 1832 2804 1881 «nihil

1780 1932 1843 1967 ex
1878 1914 2109 1973 occulto,
2143 1913 2268 1962 nihil
2305 1913 2367 1962 de
2400 1912 2649 1961 insidiis».
2676 1911 2807 1959 Vide

1782 1995 1874 2045 alia
1893 1994 2026 2059 apud
2041 1992 2231 2057 Wopk.
2253 1993 2547 2042 Lacu-Tull.
2566 1997 2622 2058 p.
2640 2007 2724 2054 27.
2742 1993 2806 2041 G.

1781 2102 1852 2113 —
1874 2073 2043 2123 Intell.
2074 2072 2161 2122 sed
2193 2087 2296 2120 non
2319 2071 2482 2121 solum
2507 2073 2562 2120 in
2581 2072 2807 2137 plurimis

1782 2154 1928 2202 rebus
1973 2152 2165 2201 easdem
2214 2149 2476 2216 profitetur
2520 2152 2808 2216 opiniones,

1784 2230 2034 2281 sedetiam
2057 2233 2111 2280 in
2138 2230 2386 2291 maximis,
2410 2231 2518 2281 scil.
2540 2231 2592 2279 in
2615 2231 2677 2279 iis
2697 2246 2814 2294 quae

1785 2320 1903 2361 sunt
1921 2309 2129 2359 maximi
2147 2309 2399 2360 momenti.

1857 2405 1942 2440 ar.
1974 2389 2128 2455 Quod¹
2162 2389 2291 2439 idem
2334 2404 2491 2453 quum
2538 2388 2686 2438 νοω-ι’
2713 2385 2809 2450 fa-

1785 2468 1936 2519 ciam.
1950 2469 2083 2518 Olim
2101 2468 2216 2517 item
2233 2467 2556 2527 scribebatur,
2576 2477 2721 2531 atque
2739 2467 2808 2513 ita

1786 2549 1954 2612 scripti
1993 2547 2240 2613 permulti.
2280 2547 2378 2597 Sed
2406 2562 2500 2595 nos
2539 2543 2807 2610 sequendos

1785 2628 1952 2677 Davis.
1981 2637 2030 2675 ct
2057 2628 2173 2676 Bru.
2208 2627 2518 2691 putavimus,
2544 2641 2696 2690 quum
2722 2624 2810 2672 vix

1786 2716 1916 2754 recte
1949 2717 2064 2770 post
2101 2705 2356 2754 relativum
2382 2707 2454 2755 sic
2492 2704 2593 2754 dici
2627 2718 2770 2769 posse
2789 2735 2806 2762 ‚

1784 2794 2128 2849 auctoremque
2182 2794 2286 2833 tum
2306 2820 2322 2845 ,
2389 2806 2418 2829 α
2457 2784 2596 2849 quod
2659 2798 2811 2848 quum

1786 2864 1900 2913 item
1923 2886 1974 2923 a,
2013 2864 2310 2930 scripturum
2351 2864 2532 2924 fuisse,
2568 2863 2812 2927 iudicare-

1786 2960 1909 2992 mus.
1929 2944 2064 2993 Idem
2088 2955 2281 2994 servant
2309 2962 2336 2993 e
2374 2944 2555 2993 nostris
2586 2941 2720 2994 Gud.
2748 2955 2778 2988 a
2795 2975 2811 2999 ι

1785 3023 1896 3072 Bas.
1917 3026 2116 3074 Monac.
2133 3026 2189 3075 E.
2205 3024 2424 3089 editique
2440 3033 2562 3074 vett.
2582 3032 2813 3088 practerea

1786 3101 1947 3151 multi.
1976 3104 2043 3153 G.

1857 3196 1946 3232 aa.
1971 3181 2081 3231 Noa
2105 3181 2225 3231 satis
2251 3182 2380 3232 valet
2403 3182 2542 3232 baad
2564 3181 2695 3230 adeo
2717 3217 2736 3247 ,
2766 3190 2816 3229 et

1788 3275 1918 3325 sape
1958 3261 2031 3311 aic
2075 3261 2471 3325 reprehendentis
2521 3272 2639 3321 αις
2677 3260 2815 3311 conf.

1789 3339 1946 3390 Drak.
1966 3340 2031 3389 ad
2056 3343 2157 3389 Liv.
2183 3343 2386 3403 xxw,
2414 3342 2499 3402 31,
2531 3359 2609 3391 ιο.
2630 3344 2697 3390 G.

1861 3421 1947 3469 23.
1974 3420 2208 3470 Tn‘huunt
2227 3420 2554 3470 inventoribus
2571 3417 2817 3485 gratianus

1789 3498 1922 3549 Male
1949 3509 2276 3565 transponunt
2296 3500 2432 3550 Gud.
2459 3518 2479 3549 ι
2504 3511 2554 3548 et
2577 3501 2685 3547 Bas.
2702 3498 2820 3547 «in-

1790 3578 2080 3628 ventoribus
2115 3579 2316 3645 gratiam
2355 3579 2578 3629 tribuunt
2598 3600 2625 3620 ι·
2658 3590 2673 3626 2
2718 3578 2821 3627 vim

1792 3659 1921 3707 euim
1949 3659 2189 3707 enuntiati
2214 3672 2367 3723 quum
2402 3658 2457 3706 iu
2481 3655 2700 3722 gratiam
2730 3671 2820 3704 an·

1793 3748 1903 3785 ctor
1919 3737 2117 3786 relatam
2133 3735 2281 3787 vellet
2297 3771 2311 3795 ‚
2352 3735 2580 3785 consulto
2600 3734 2698 3783 hoc
2724 3750 2819 3798 po·

1793 3816 1894 3864 suit
1911 3815 1962 3863 in
1980 3814 2209 3863 clausula.
2229 3818 2293 3864 G.

1866 3895 1963 3942 VI.
2008 3909 2054 3941 ι.
2108 3892 2305 3957 Ecquid
2349 3890 2550 3939 eandem
2593 3890 2822 3940 ‹semler-it.

1798 3973 1978 4023 Nescio
2009 3969 2144 4019 unde
2179 3969 2359 4034 ecquid
2386 3970 2473 4028 sit;
2499 3972 2659 4020 nostri
2697 3981 2825 4020 certe

1801 4068 1970 4103 omnes
2016 4048 2302 4115 simpliciter
2342 4047 2469 4113 quid
2485 4067 2503 4096 .·
2553 4062 2647 4100 nec
2688 4051 2827 4100 aliter

1804 4131 1920 4182 edd.
1967 4140 2085 4181 vett.
2147 4127 2280 4177 Alias
2317 4128 2457 4181 facile
2496 4128 2602 4180 haee
2642 4147 2740 4180 vox
2777 4140 2828 4177 se
