<?xml version="1.0" encoding="UTF-8"?>
<!DOCTYPE html PUBLIC "-//W3C//DTD XHTML 1.0 Transitional//EN"
    "http://www.w3.org/TR/xhtml1/DTD/xhtml1-transitional.dtd">
<html xmlns="http://www.w3.org/1999/xhtml" xml:lang="en" lang="en">
 <head>
  <title>
</title>
<meta http-equiv="Content-Type" content="text/html;charset=utf-8" />
  <meta name='ocr-system' content='tesseract 3.04.00' />
  <meta name='ocr-capabilities' content='ocr_page ocr_carea ocr_par ocr_line ocrx_word'/>
</head>
<body>
  <div class='ocr_page' id='page_1' title='image "./mtciceronisquae00clergoog/mtciceronisquae00clergoog_0206.png"; bbox 0 0 3217 4784; ppageno 0'>
   <div class='ocr_carea' id='block_1_1' title="bbox 672 451 805 524">
    <p class='ocr_par' dir='ltr' id='par_1_1' title="bbox 672 451 805 524">
     <span class='ocr_line' id='line_1_1' title="bbox 672 451 805 524; baseline 0.015 -2"><span class='ocrx_word' id='word_1_1' title='bbox 672 451 805 524; x_wconf 81' lang='lat'><strong>186</strong></span> 
     </span>
    </p>
   </div>
   <div class='ocr_carea' id='block_1_2' title="bbox 1328 453 2090 524">
    <p class='ocr_par' dir='ltr' id='par_1_2' title="bbox 1328 453 2090 524">
     <span class='ocr_line' id='line_1_2' title="bbox 1328 453 2090 524; baseline 0.004 -5"><span class='ocrx_word' id='word_1_2' title='bbox 1328 453 1424 519; x_wconf 89' lang='grc' dir='ltr'><strong>Μ.</strong></span> <span class='ocrx_word' id='word_1_3' title='bbox 1473 453 1550 519; x_wconf 91' lang='grc' dir='ltr'><strong>Τ.</strong></span> <span class='ocrx_word' id='word_1_4' title='bbox 1600 454 2090 524; x_wconf 85' lang='lat' dir='ltr'>CICERONIS</span> 
     </span>
    </p>
   </div>
   <div class='ocr_carea' id='block_1_3' title="bbox 661 546 2792 893">
    <p class='ocr_par' dir='ltr' id='par_1_3' title="bbox 661 546 2792 893">
     <span class='ocr_line' id='line_1_3' title="bbox 661 546 2792 673; baseline 0.001 -29"><span class='ocrx_word' id='word_1_5' title='bbox 661 590 807 646; x_wconf 89' lang='lat' dir='ltr'><strong>tem</strong></span> <span class='ocrx_word' id='word_1_6' title='bbox 862 546 1285 672; x_wconf 69' lang='lat' dir='ltr'><strong>appellavit,</strong></span> <span class='ocrx_word' id='word_1_7' title='bbox 1337 586 1408 643; x_wconf 91' lang='lat' dir='ltr'><strong>et</strong></span> <span class='ocrx_word' id='word_1_8' title='bbox 1466 572 1654 645; x_wconf 65' lang='lat' dir='ltr'><strong>hanc</strong></span> <span class='ocrx_word' id='word_1_9' title='bbox 1702 576 1779 646; x_wconf 89' lang='lat' dir='ltr'><strong>in</strong></span> <span class='ocrx_word' id='word_1_10' title='bbox 1824 589 2032 647; x_wconf 87' lang='lat' dir='ltr'><strong>motu</strong></span> <span class='ocrx_word' id='word_1_11' title='bbox 2088 574 2527 673; x_wconf 83' lang='lat' dir='ltr'><strong>voluptatem</strong></span> <span class='ocrx_word' id='word_1_12' title='bbox 2558 630 2577 663; x_wconf 89' lang='lat'>‚</span> <span class='ocrx_word' id='word_1_13' title='bbox 2629 602 2792 673; x_wconf 82' lang='lat' dir='ltr'><strong>quae</strong></span> 
     </span>
     <span class='ocr_line' id='line_1_4' title="bbox 661 678 2789 783; baseline 0.001 -29"><span class='ocrx_word' id='word_1_14' title='bbox 661 682 812 754; x_wconf 89' lang='lat' dir='ltr'><strong>duo</strong></span> <span class='ocrx_word' id='word_1_15' title='bbox 850 695 1051 768; x_wconf 75' lang='lat' dir='ltr'><strong>sunt,</strong></span> <span class='ocrx_word' id='word_1_16' title='bbox 1093 704 1321 751; x_wconf 86' lang='lat' dir='ltr'><strong>unum</strong></span> <span class='ocrx_word' id='word_1_17' title='bbox 1358 678 1567 754; x_wconf 82' lang='lat' dir='ltr'><strong>facit:</strong></span> <span class='ocrx_word' id='word_1_18' title='bbox 1606 685 1708 756; x_wconf 82' lang='lat' dir='ltr'><strong>sic</strong></span> <span class='ocrx_word' id='word_1_19' title='bbox 1748 685 1944 759; x_wconf 86' lang='lat' dir='ltr'><strong>enim</strong></span> <span class='ocrx_word' id='word_1_20' title='bbox 1981 683 2111 756; x_wconf 85' lang='lat' dir='ltr'><strong>bas</strong></span> <span class='ocrx_word' id='word_1_21' title='bbox 2145 708 2436 773; x_wconf 83' lang='lat' dir='ltr'><strong>suaves,</strong></span> <span class='ocrx_word' id='word_1_22' title='bbox 2481 700 2552 757; x_wconf 89' lang='lat' dir='ltr'><strong>et</strong></span> <span class='ocrx_word' id='word_1_23' title='bbox 2585 689 2789 783; x_wconf 82' lang='lat' dir='ltr'><strong>quasi</strong></span> 
     </span>
     <span class='ocr_line' id='line_1_5' title="bbox 667 789 2790 893; baseline 0.002 -30"><span class='ocrx_word' id='word_1_24' title='bbox 667 793 915 864; x_wconf 84' lang='lat' dir='ltr'><strong>dulces</strong></span> <span class='ocrx_word' id='word_1_25' title='bbox 939 789 1349 888; x_wconf 79' lang='lat' dir='ltr'><strong>voluptates</strong></span> <span class='ocrx_word' id='word_1_26' title='bbox 1376 793 1708 893; x_wconf 84' lang='lat' dir='ltr'><strong>appellat.</strong></span> <span class='ocrx_word' id='word_1_27' title='bbox 1736 793 2115 871; x_wconf 84' lang='lat' dir='ltr'><strong>Interdum</strong></span> <span class='ocrx_word' id='word_1_28' title='bbox 2140 797 2240 867; x_wconf 84' lang='lat' dir='ltr'><strong>ita</strong></span> <span class='ocrx_word' id='word_1_29' title='bbox 2266 809 2608 868; x_wconf 82' lang='lat' dir='ltr'><strong>extenuat</strong></span> <span class='ocrx_word' id='word_1_30' title='bbox 2623 807 2682 885; x_wconf 86' lang='lat'><strong>7,</strong></span> <span class='ocrx_word' id='word_1_31' title='bbox 2710 811 2790 867; x_wconf 90' lang='lat' dir='ltr'><strong>ut</strong></span> 
     </span>
    </p>
   </div>
   <div class='ocr_carea' id='block_1_4' title="bbox 654 1024 1694 4257">
    <p class='ocr_par' dir='ltr' id='par_1_4' title="bbox 654 1024 1681 2041">
     <span class='ocr_line' id='line_1_6' title="bbox 657 1024 1676 1093; baseline 0.001 -16"><span class='ocrx_word' id='word_1_32' title='bbox 657 1024 907 1077; x_wconf 63' lang='lat' dir='ltr'><strong>amman</strong></span> <span class='ocrx_word' id='word_1_33' title='bbox 947 1036 1165 1075; x_wconf 70' lang='lat' dir='ltr'><strong>tunm-em</strong></span> <span class='ocrx_word' id='word_1_34' title='bbox 1203 1037 1419 1093; x_wconf 72' lang='grc' dir='ltr'><strong>φοαα,</strong></span> <span class='ocrx_word' id='word_1_35' title='bbox 1453 1028 1534 1078; x_wconf 81' lang='lat' dir='ltr'><strong>hie</strong></span> <span class='ocrx_word' id='word_1_36' title='bbox 1568 1039 1643 1078; x_wconf 71' lang='lat' dir='ltr'><strong>ent</strong></span> <span class='ocrx_word' id='word_1_37' title='bbox 1659 1066 1676 1092; x_wconf 90' lang='lat'>‚</span> 
     </span>
     <span class='ocr_line' id='line_1_7' title="bbox 659 1105 1678 1171; baseline 0.009 -21"><span class='ocrx_word' id='word_1_38' title='bbox 659 1130 684 1149; x_wconf 76' lang='grc'><strong>.-</strong></span> <span class='ocrx_word' id='word_1_39' title='bbox 702 1105 755 1154; x_wconf 84' lang='lat' dir='ltr'><strong>Si</strong></span> <span class='ocrx_word' id='word_1_40' title='bbox 770 1105 1011 1171; x_wconf 72' lang='lat' dir='ltr'><strong>Epicurus</strong></span> <span class='ocrx_word' id='word_1_41' title='bbox 1027 1105 1234 1171; x_wconf 74' lang='lat' dir='ltr'><strong>logicam</strong></span> <span class='ocrx_word' id='word_1_42' title='bbox 1251 1118 1492 1168; x_wconf 77' lang='lat' dir='ltr'><strong>curasset,</strong></span> <span class='ocrx_word' id='word_1_43' title='bbox 1507 1108 1572 1157; x_wconf 83' lang='lat' dir='ltr'><strong>ad</strong></span> <span class='ocrx_word' id='word_1_44' title='bbox 1588 1108 1678 1159; x_wconf 82' lang='lat' dir='ltr'><strong>has</strong></span> 
     </span>
     <span class='ocr_line' id='line_1_8' title="bbox 654 1185 1678 1250; baseline 0.004 -18"><span class='ocrx_word' id='word_1_45' title='bbox 654 1185 863 1250; x_wconf 85' lang='lat' dir='ltr'><strong>ineptias</strong></span> <span class='ocrx_word' id='word_1_46' title='bbox 883 1185 1137 1250; x_wconf 86' lang='lat' dir='ltr'><strong>prolapsus</strong></span> <span class='ocrx_word' id='word_1_47' title='bbox 1155 1201 1258 1234; x_wconf 87' lang='lat' dir='ltr'><strong>non</strong></span> <span class='ocrx_word' id='word_1_48' title='bbox 1283 1198 1408 1236; x_wconf 81' lang='lat' dir='ltr'><strong>esset</strong></span> <span class='ocrx_word' id='word_1_49' title='bbox 1428 1202 1442 1237; x_wconf 73' lang='grc' dir='ltr'><em>τ</em></span> <span class='ocrx_word' id='word_1_50' title='bbox 1475 1199 1526 1237; x_wconf 80' lang='lat' dir='ltr'><strong>at</strong></span> <span class='ocrx_word' id='word_1_51' title='bbox 1545 1204 1678 1237; x_wconf 85' lang='lat' dir='ltr'><strong>nnnc</strong></span> 
     </span>
     <span class='ocr_line' id='line_1_9' title="bbox 655 1264 1679 1330; baseline 0.001 -16"><span class='ocrx_word' id='word_1_52' title='bbox 655 1265 775 1330; x_wconf 89' lang='lat' dir='ltr'><strong>quid</strong></span> <span class='ocrx_word' id='word_1_53' title='bbox 802 1265 945 1314; x_wconf 78' lang='lat' dir='ltr'><strong>saciat</strong></span> <span class='ocrx_word' id='word_1_54' title='bbox 965 1264 1130 1314; x_wconf 77' lang='lat' dir='ltr'><strong>videre</strong></span> <span class='ocrx_word' id='word_1_55' title='bbox 1152 1265 1290 1325; x_wconf 84' lang='lat' dir='ltr'><strong>licet,</strong></span> <span class='ocrx_word' id='word_1_56' title='bbox 1318 1277 1415 1316; x_wconf 87' lang='lat' dir='ltr'><strong>etc.</strong></span> <span class='ocrx_word' id='word_1_57' title='bbox 1435 1288 1460 1308; x_wconf 72' lang='grc' dir='ltr'><strong>ι·</strong></span> <span class='ocrx_word' id='word_1_58' title='bbox 1486 1267 1538 1316; x_wconf 83' lang='lat' dir='ltr'><strong>Si</strong></span> <span class='ocrx_word' id='word_1_59' title='bbox 1558 1266 1679 1316; x_wconf 77' lang='lat' dir='ltr'><strong>vide</strong></span> 
     </span>
     <span class='ocr_line' id='line_1_10' title="bbox 656 1344 1680 1412; baseline 0.004 -19"><span class='ocrx_word' id='word_1_60' title='bbox 656 1344 876 1411; x_wconf 83' lang='lat' dir='ltr'><strong>posueris</strong></span> <span class='ocrx_word' id='word_1_61' title='bbox 894 1379 912 1404; x_wconf 87' lang='lat'>,</span> <span class='ocrx_word' id='word_1_62' title='bbox 948 1345 1150 1397; x_wconf 76' lang='lat' dir='ltr'><strong>accendo</strong></span> <span class='ocrx_word' id='word_1_63' title='bbox 1172 1344 1365 1394; x_wconf 83' lang='lat' dir='ltr'><strong>notabit</strong></span> <span class='ocrx_word' id='word_1_64' title='bbox 1389 1358 1567 1412; x_wconf 73' lang='lat' dir='ltr'><strong>specta.</strong></span> <span class='ocrx_word' id='word_1_65' title='bbox 1608 1348 1680 1397; x_wconf 66' lang='lat' dir='ltr'><strong>As</strong></span> 
     </span>
     <span class='ocr_line' id='line_1_11' title="bbox 656 1424 1679 1489; baseline 0.002 -17"><span class='ocrx_word' id='word_1_66' title='bbox 656 1440 767 1489; x_wconf 78' lang='lat' dir='ltr'><strong>quae</strong></span> <span class='ocrx_word' id='word_1_67' title='bbox 799 1435 1068 1489; x_wconf 76' lang='lat' dir='ltr'><strong>sequuntur</strong></span> <span class='ocrx_word' id='word_1_68' title='bbox 1101 1424 1223 1477; x_wconf 82' lang='lat' dir='ltr'><strong>nihil</strong></span> <span class='ocrx_word' id='word_1_69' title='bbox 1259 1435 1400 1484; x_wconf 84' lang='lat' dir='ltr'><strong>sunt,</strong></span> <span class='ocrx_word' id='word_1_70' title='bbox 1434 1426 1530 1475; x_wconf 84' lang='lat' dir='ltr'><strong>nisi</strong></span> <span class='ocrx_word' id='word_1_71' title='bbox 1564 1434 1679 1474; x_wconf 89' lang='lat' dir='ltr'><strong>ante</strong></span> 
     </span>
     <span class='ocr_line' id='line_1_12' title="bbox 660 1503 1677 1569; baseline 0 -17"><span class='ocrx_word' id='word_1_72' title='bbox 660 1503 902 1569; x_wconf 83' lang='lat' dir='ltr'><strong>disputata</strong></span> <span class='ocrx_word' id='word_1_73' title='bbox 948 1505 1225 1569; x_wconf 84' lang='lat' dir='ltr'><strong>repetentis.</strong></span> <span class='ocrx_word' id='word_1_74' title='bbox 1284 1504 1439 1553; x_wconf 76' lang='lat' dir='ltr'><strong>Video</strong></span> <span class='ocrx_word' id='word_1_75' title='bbox 1484 1505 1578 1554; x_wconf 83' lang='lat' dir='ltr'><strong>hac</strong></span> <span class='ocrx_word' id='word_1_76' title='bbox 1625 1503 1677 1552; x_wconf 88' lang='lat' dir='ltr'><strong>in</strong></span> 
     </span>
     <span class='ocr_line' id='line_1_13' title="bbox 657 1583 1678 1650; baseline 0 -19"><span class='ocrx_word' id='word_1_77' title='bbox 657 1584 917 1632; x_wconf 81' lang='lat' dir='ltr'><strong>verborum</strong></span> <span class='ocrx_word' id='word_1_78' title='bbox 953 1583 1202 1634; x_wconf 71' lang='lat' dir='ltr'><strong>vicinitate</strong></span> <span class='ocrx_word' id='word_1_79' title='bbox 1234 1586 1402 1634; x_wconf 81' lang='lat' dir='ltr'><strong>nescio</strong></span> <span class='ocrx_word' id='word_1_80' title='bbox 1439 1583 1562 1650; x_wconf 81' lang='lat' dir='ltr'><strong>quid</strong></span> <span class='ocrx_word' id='word_1_81' title='bbox 1599 1583 1678 1631; x_wconf 83' lang='lat' dir='ltr'><strong>in-</strong></span> 
     </span>
     <span class='ocr_line' id='line_1_14' title="bbox 656 1662 1681 1729; baseline 0.001 -18"><span class='ocrx_word' id='word_1_82' title='bbox 656 1678 927 1713; x_wconf 84' lang='lat' dir='ltr'><strong>consonum</strong></span> <span class='ocrx_word' id='word_1_83' title='bbox 973 1662 1137 1715; x_wconf 82' lang='lat' dir='ltr'><strong>babet.</strong></span> <span class='ocrx_word' id='word_1_84' title='bbox 1174 1663 1423 1713; x_wconf 52' lang='lat' dir='ltr'><strong>‘Videlicet</strong></span> <span class='ocrx_word' id='word_1_85' title='bbox 1469 1662 1681 1729; x_wconf 77' lang='lat' dir='ltr'><strong>deniqne</strong></span> 
     </span>
     <span class='ocr_line' id='line_1_15' title="bbox 657 1742 1679 1807; baseline 0.001 -17"><span class='ocrx_word' id='word_1_86' title='bbox 657 1743 863 1807; x_wconf 79' lang='lat' dir='ltr'><strong>glossam</strong></span> <span class='ocrx_word' id='word_1_87' title='bbox 876 1742 1061 1802; x_wconf 77' lang='lat' dir='ltr'><strong>diceres</strong></span> <span class='ocrx_word' id='word_1_88' title='bbox 1074 1757 1089 1790; x_wconf 74' lang='grc' dir='ltr'><strong><em>ε</em></strong></span> <span class='ocrx_word' id='word_1_89' title='bbox 1105 1758 1216 1790; x_wconf 88' lang='lat' dir='ltr'><strong>nam</strong></span> <span class='ocrx_word' id='word_1_90' title='bbox 1230 1763 1255 1784; x_wconf 75' lang='grc' dir='ltr'><strong>ιι</strong></span> <span class='ocrx_word' id='word_1_91' title='bbox 1265 1742 1426 1802; x_wconf 83' lang='lat' dir='ltr'><strong>vides,</strong></span> <span class='ocrx_word' id='word_1_92' title='bbox 1441 1742 1679 1803; x_wconf 82' lang='lat' dir='ltr'><strong>videmus,</strong></span> 
     </span>
     <span class='ocr_line' id='line_1_16' title="bbox 656 1821 1681 1887; baseline 0.003 -20"><span class='ocrx_word' id='word_1_93' title='bbox 656 1822 901 1882; x_wconf 75' lang='lat' dir='ltr'><strong>videtis»,</strong></span> <span class='ocrx_word' id='word_1_94' title='bbox 939 1839 1002 1871; x_wconf 82' lang='lat' dir='ltr'><strong>ex</strong></span> <span class='ocrx_word' id='word_1_95' title='bbox 1033 1821 1205 1870; x_wconf 84' lang='lat' dir='ltr'><strong>eodem</strong></span> <span class='ocrx_word' id='word_1_96' title='bbox 1236 1821 1326 1870; x_wconf 82' lang='lat' dir='ltr'><strong>mo</strong></span> <span class='ocrx_word' id='word_1_97' title='bbox 1359 1836 1522 1887; x_wconf 76' lang='lat' dir='ltr'><strong>graeco</strong></span> <span class='ocrx_word' id='word_1_98' title='bbox 1557 1838 1681 1882; x_wconf 87' lang='lat' dir='ltr'><strong>usu,</strong></span> 
     </span>
     <span class='ocr_line' id='line_1_17' title="bbox 656 1900 1681 1967; baseline -0.001 -17"><span class='ocrx_word' id='word_1_99' title='bbox 656 1903 726 1950; x_wconf 86' lang='lat' dir='ltr'><strong>sic</strong></span> <span class='ocrx_word' id='word_1_100' title='bbox 749 1901 932 1967; x_wconf 73' lang='lat' dir='ltr'><strong>ubiqtae</strong></span> <span class='ocrx_word' id='word_1_101' title='bbox 954 1901 1144 1950; x_wconf 85' lang='lat' dir='ltr'><strong>auctori</strong></span> <span class='ocrx_word' id='word_1_102' title='bbox 1173 1901 1368 1960; x_wconf 87' lang='lat' dir='ltr'><strong>dicitur,</strong></span> <span class='ocrx_word' id='word_1_103' title='bbox 1396 1911 1451 1949; x_wconf 88' lang='lat' dir='ltr'><strong>ut</strong></span> <span class='ocrx_word' id='word_1_104' title='bbox 1472 1921 1495 1944; x_wconf 78' lang='grc' dir='ltr'>ι</span> <span class='ocrx_word' id='word_1_105' title='bbox 1517 1900 1681 1949; x_wconf 79' lang='lat' dir='ltr'><strong>videre</strong></span> 
     </span>
     <span class='ocr_line' id='line_1_18' title="bbox 658 1979 1660 2041; baseline -0.004 -10"><span class='ocrx_word' id='word_1_106' title='bbox 658 1981 776 2041; x_wconf 73' lang='lat' dir='ltr'><strong>tibi,</strong></span> <span class='ocrx_word' id='word_1_107' title='bbox 809 1980 988 2039; x_wconf 84' lang='lat' dir='ltr'><strong>nobis,</strong></span> <span class='ocrx_word' id='word_1_108' title='bbox 1018 1980 1163 2028; x_wconf 82' lang='lat' dir='ltr'><strong>vobis</strong></span> <span class='ocrx_word' id='word_1_109' title='bbox 1189 1979 1304 2028; x_wconf 82' lang='lat' dir='ltr'><strong>licet</strong></span> <span class='ocrx_word' id='word_1_110' title='bbox 1320 2002 1371 2037; x_wconf 64' lang='lat' dir='ltr'><strong>a,</strong></span> <span class='ocrx_word' id='word_1_111' title='bbox 1396 1979 1567 2027; x_wconf 78' lang='lat' dir='ltr'><strong>valeat.</strong></span> <span class='ocrx_word' id='word_1_112' title='bbox 1594 1980 1660 2027; x_wconf 87' lang='lat' dir='ltr'><strong>G.</strong></span> 
     </span>
    </p>

    <p class='ocr_par' dir='ltr' id='par_1_5' title="bbox 657 2057 1694 4257">
     <span class='ocr_line' id='line_1_19' title="bbox 732 2057 1682 2124; baseline -0.005 -16"><span class='ocrx_word' id='word_1_113' title='bbox 732 2078 784 2122; x_wconf 81' lang='lat'><strong>7.</strong></span> <span class='ocrx_word' id='word_1_114' title='bbox 804 2064 964 2124; x_wconf 80' lang='lat' dir='ltr'><strong>Quam</strong></span> <span class='ocrx_word' id='word_1_115' title='bbox 975 2074 1118 2107; x_wconf 81' lang='lat' dir='ltr'><strong>nemo</strong></span> <span class='ocrx_word' id='word_1_116' title='bbox 1131 2074 1363 2123; x_wconf 72' lang='lat' dir='ltr'><strong>nmquam</strong></span> <span class='ocrx_word' id='word_1_117' title='bbox 1373 2057 1682 2121; x_wconf 76' lang='lat' dir='ltr'><strong>voluptatem</strong></span> 
     </span>
     <span class='ocr_line' id='line_1_20' title="bbox 657 2136 1684 2205; baseline -0.002 -18"><span class='ocrx_word' id='word_1_118' title='bbox 657 2137 945 2205; x_wconf 70' lang='lat' dir='ltr'><strong>appellavit,</strong></span> <span class='ocrx_word' id='word_1_119' title='bbox 979 2149 1035 2186; x_wconf 79' lang='lat' dir='ltr'><strong>ee</strong></span> <span class='ocrx_word' id='word_1_120' title='bbox 1063 2136 1197 2186; x_wconf 67' lang='lat' dir='ltr'><strong>hanc</strong></span> <span class='ocrx_word' id='word_1_121' title='bbox 1222 2138 1274 2187; x_wconf 78' lang='lat' dir='ltr'><strong>in</strong></span> <span class='ocrx_word' id='word_1_122' title='bbox 1299 2148 1435 2186; x_wconf 80' lang='lat' dir='ltr'><strong>motu</strong></span> <span class='ocrx_word' id='word_1_123' title='bbox 1458 2138 1684 2202; x_wconf 75' lang='lat' dir='ltr'><strong>wlupea-</strong></span> 
     </span>
     <span class='ocr_line' id='line_1_21' title="bbox 661 2215 1684 2282; baseline -0.002 -15"><span class='ocrx_word' id='word_1_124' title='bbox 661 2231 782 2274; x_wconf 78' lang='lat' dir='ltr'><strong>tem,</strong></span> <span class='ocrx_word' id='word_1_125' title='bbox 820 2232 932 2280; x_wconf 78' lang='lat' dir='ltr'><strong>qua</strong></span> <span class='ocrx_word' id='word_1_126' title='bbox 962 2215 1062 2263; x_wconf 69' lang='lat' dir='ltr'><strong>duo</strong></span> <span class='ocrx_word' id='word_1_127' title='bbox 1089 2226 1226 2273; x_wconf 75' lang='lat' dir='ltr'><strong>sune,</strong></span> <span class='ocrx_word' id='word_1_128' title='bbox 1258 2233 1403 2265; x_wconf 77' lang='lat' dir='ltr'><strong>unum</strong></span> <span class='ocrx_word' id='word_1_129' title='bbox 1415 2215 1588 2282; x_wconf 72' lang='lat' dir='ltr'><strong>ficit.-</strong></span> <span class='ocrx_word' id='word_1_130' title='bbox 1614 2215 1684 2265; x_wconf 73' lang='lat' dir='ltr'><strong>sic</strong></span> 
     </span>
     <span class='ocr_line' id='line_1_22' title="bbox 659 2295 1683 2360; baseline 0.001 -17"><span class='ocrx_word' id='word_1_131' title='bbox 659 2295 790 2343; x_wconf 76' lang='lat' dir='ltr'><strong>enim</strong></span> <span class='ocrx_word' id='word_1_132' title='bbox 817 2295 909 2343; x_wconf 71' lang='lat' dir='ltr'><strong>has</strong></span> <span class='ocrx_word' id='word_1_133' title='bbox 928 2310 1122 2355; x_wconf 72' lang='lat' dir='ltr'><strong>suam,</strong></span> <span class='ocrx_word' id='word_1_134' title='bbox 1148 2306 1199 2343; x_wconf 79' lang='lat' dir='ltr'><strong>ee</strong></span> <span class='ocrx_word' id='word_1_135' title='bbox 1223 2296 1370 2360; x_wconf 75' lang='lat' dir='ltr'><strong>qnasi</strong></span> <span class='ocrx_word' id='word_1_136' title='bbox 1387 2296 1553 2347; x_wconf 74' lang='lat' dir='ltr'><strong>dulces</strong></span> <span class='ocrx_word' id='word_1_137' title='bbox 1582 2313 1683 2345; x_wconf 81' lang='lat' dir='ltr'><strong>vo-</strong></span> 
     </span>
     <span class='ocr_line' id='line_1_23' title="bbox 661 2374 1685 2438; baseline 0.005 -18"><span class='ocrx_word' id='word_1_138' title='bbox 661 2374 869 2438; x_wconf 76' lang='lat' dir='ltr'><strong>luptates</strong></span> <span class='ocrx_word' id='word_1_139' title='bbox 901 2374 1129 2438; x_wconf 76' lang='lat' dir='ltr'><strong>appellat.</strong></span> <span class='ocrx_word' id='word_1_140' title='bbox 1158 2375 1411 2424; x_wconf 76' lang='lat' dir='ltr'><strong>Interdum</strong></span> <span class='ocrx_word' id='word_1_141' title='bbox 1440 2376 1512 2424; x_wconf 77' lang='lat' dir='ltr'><strong>ita</strong></span> <span class='ocrx_word' id='word_1_142' title='bbox 1543 2387 1685 2425; x_wconf 71' lang='lat' dir='ltr'><strong>exee-</strong></span> 
     </span>
     <span class='ocr_line' id='line_1_24' title="bbox 663 2448 1686 2513; baseline 0.004 -14"><span class='ocrx_word' id='word_1_143' title='bbox 663 2463 813 2512; x_wconf 77' lang='lat' dir='ltr'><strong>meae,</strong></span> <span class='ocrx_word' id='word_1_144' title='bbox 847 2466 905 2501; x_wconf 77' lang='lat' dir='ltr'><strong>uc</strong></span> <span class='ocrx_word' id='word_1_145' title='bbox 928 2448 1017 2503; x_wconf 77' lang='grc' dir='ltr'><strong>Μ’.</strong></span> <span class='ocrx_word' id='word_1_146' title='bbox 1042 2453 1233 2504; x_wconf 73' lang='lat' dir='ltr'><strong>cur-ium</strong></span> <span class='ocrx_word' id='word_1_147' title='bbox 1250 2489 1265 2513; x_wconf 87' lang='lat'>‚</span> <span class='ocrx_word' id='word_1_148' title='bbox 1300 2465 1395 2505; x_wconf 91' lang='lat' dir='ltr'><strong>etc.</strong></span> <span class='ocrx_word' id='word_1_149' title='bbox 1413 2455 1575 2504; x_wconf 79' lang='lat' dir='ltr'><strong>Multa</strong></span> <span class='ocrx_word' id='word_1_150' title='bbox 1601 2455 1686 2504; x_wconf 85' lang='lat' dir='ltr'><strong>bic</strong></span> 
     </span>
     <span class='ocr_line' id='line_1_25' title="bbox 664 2533 1686 2599; baseline 0.001 -17"><span class='ocrx_word' id='word_1_151' title='bbox 664 2533 838 2592; x_wconf 86' lang='lat' dir='ltr'><strong>dubia,</strong></span> <span class='ocrx_word' id='word_1_152' title='bbox 867 2549 977 2599; x_wconf 66' lang='lat' dir='ltr'><strong>quae</strong></span> <span class='ocrx_word' id='word_1_153' title='bbox 1001 2535 1337 2599; x_wconf 80' lang='lat' dir='ltr'><strong>unusquisqne</strong></span> <span class='ocrx_word' id='word_1_154' title='bbox 1366 2535 1569 2584; x_wconf 85' lang='lat' dir='ltr'><strong>arbitrio</strong></span> <span class='ocrx_word' id='word_1_155' title='bbox 1593 2552 1686 2583; x_wconf 85' lang='lat' dir='ltr'><strong>suo</strong></span> 
     </span>
     <span class='ocr_line' id='line_1_26' title="bbox 663 2612 1686 2677; baseline 0 -16"><span class='ocrx_word' id='word_1_156' title='bbox 663 2612 872 2676; x_wconf 76' lang='lat' dir='ltr'><strong>refingit.</strong></span> <span class='ocrx_word' id='word_1_157' title='bbox 897 2615 1034 2663; x_wconf 79' lang='lat' dir='ltr'><strong>Goer.</strong></span> <span class='ocrx_word' id='word_1_158' title='bbox 1065 2613 1273 2663; x_wconf 81' lang='lat' dir='ltr'><strong>scribit:</strong></span> <span class='ocrx_word' id='word_1_159' title='bbox 1313 2636 1338 2655; x_wconf 74' lang='grc' dir='ltr'><strong><em>κ</em></strong></span> <span class='ocrx_word' id='word_1_160' title='bbox 1356 2616 1515 2677; x_wconf 89' lang='lat' dir='ltr'><strong>Quam</strong></span> <span class='ocrx_word' id='word_1_161' title='bbox 1542 2630 1686 2662; x_wconf 86' lang='lat' dir='ltr'><strong>nemo</strong></span> 
     </span>
     <span class='ocr_line' id='line_1_27' title="bbox 665 2691 1684 2758; baseline -0.001 -19"><span class='ocrx_word' id='word_1_162' title='bbox 665 2707 892 2755; x_wconf 85' lang='lat' dir='ltr'><strong>umquam</strong></span> <span class='ocrx_word' id='word_1_163' title='bbox 926 2691 1228 2755; x_wconf 82' lang='lat' dir='ltr'><strong>voluptatem</strong></span> <span class='ocrx_word' id='word_1_164' title='bbox 1261 2692 1525 2756; x_wconf 76' lang='lat' dir='ltr'><strong>appellavit</strong></span> <span class='ocrx_word' id='word_1_165' title='bbox 1543 2727 1559 2755; x_wconf 86' lang='lat'>‚</span> <span class='ocrx_word' id='word_1_166' title='bbox 1595 2707 1684 2758; x_wconf 85' lang='lat' dir='ltr'><strong>ap·</strong></span> 
     </span>
     <span class='ocr_line' id='line_1_28' title="bbox 665 2769 1688 2836; baseline 0 -18"><span class='ocrx_word' id='word_1_167' title='bbox 665 2769 844 2836; x_wconf 72' lang='lat' dir='ltr'><strong>pellat,</strong></span> <span class='ocrx_word' id='word_1_168' title='bbox 879 2780 1026 2834; x_wconf 84' lang='lat' dir='ltr'><strong>atque</strong></span> <span class='ocrx_word' id='word_1_169' title='bbox 1064 2785 1175 2833; x_wconf 78' lang='lat' dir='ltr'><strong>quae</strong></span> <span class='ocrx_word' id='word_1_170' title='bbox 1210 2769 1313 2818; x_wconf 89' lang='lat' dir='ltr'><strong>duo</strong></span> <span class='ocrx_word' id='word_1_171' title='bbox 1351 2782 1496 2828; x_wconf 87' lang='lat' dir='ltr'><strong>sunt,</strong></span> <span class='ocrx_word' id='word_1_172' title='bbox 1532 2786 1688 2818; x_wconf 86' lang='lat' dir='ltr'><strong>unum</strong></span> 
     </span>
     <span class='ocr_line' id='line_1_29' title="bbox 668 2849 1689 2914; baseline -0.001 -17"><span class='ocrx_word' id='word_1_173' title='bbox 668 2852 813 2899; x_wconf 61' lang='lat' dir='ltr'><strong>iacit:</strong></span> <span class='ocrx_word' id='word_1_174' title='bbox 842 2851 984 2897; x_wconf 84' lang='lat' dir='ltr'><strong>Hanc</strong></span> <span class='ocrx_word' id='word_1_175' title='bbox 1012 2850 1064 2897; x_wconf 85' lang='lat' dir='ltr'><strong>in</strong></span> <span class='ocrx_word' id='word_1_176' title='bbox 1088 2858 1228 2897; x_wconf 87' lang='lat' dir='ltr'><strong>motu</strong></span> <span class='ocrx_word' id='word_1_177' title='bbox 1254 2849 1552 2914; x_wconf 83' lang='lat' dir='ltr'><strong>voluptatem</strong></span> <span class='ocrx_word' id='word_1_178' title='bbox 1579 2849 1689 2910; x_wconf 87' lang='lat' dir='ltr'><strong>(sic</strong></span> 
     </span>
     <span class='ocr_line' id='line_1_30' title="bbox 665 2927 1689 2993; baseline -0.002 -16"><span class='ocrx_word' id='word_1_179' title='bbox 665 2929 795 2978; x_wconf 81' lang='lat' dir='ltr'><strong>enim</strong></span> <span class='ocrx_word' id='word_1_180' title='bbox 821 2928 906 2977; x_wconf 81' lang='lat' dir='ltr'><strong>bas</strong></span> <span class='ocrx_word' id='word_1_181' title='bbox 933 2944 1130 2986; x_wconf 80' lang='lat' dir='ltr'><strong>suaves,</strong></span> <span class='ocrx_word' id='word_1_182' title='bbox 1158 2940 1210 2977; x_wconf 86' lang='lat' dir='ltr'><strong>et</strong></span> <span class='ocrx_word' id='word_1_183' title='bbox 1230 2928 1369 2993; x_wconf 85' lang='lat' dir='ltr'><strong>quasi</strong></span> <span class='ocrx_word' id='word_1_184' title='bbox 1397 2927 1564 2975; x_wconf 77' lang='lat' dir='ltr'><strong>dulces</strong></span> <span class='ocrx_word' id='word_1_185' title='bbox 1596 2943 1689 2975; x_wconf 81' lang='lat' dir='ltr'><strong>vo-</strong></span> 
     </span>
     <span class='ocr_line' id='line_1_31' title="bbox 667 3007 1689 3074; baseline -0.002 -17"><span class='ocrx_word' id='word_1_186' title='bbox 667 3009 874 3074; x_wconf 83' lang='lat' dir='ltr'><strong>iuptates</strong></span> <span class='ocrx_word' id='word_1_187' title='bbox 895 3008 1172 3074; x_wconf 82' lang='lat' dir='ltr'><strong>appellat),</strong></span> <span class='ocrx_word' id='word_1_188' title='bbox 1194 3007 1441 3056; x_wconf 85' lang='lat' dir='ltr'><strong>interdum</strong></span> <span class='ocrx_word' id='word_1_189' title='bbox 1465 3007 1533 3054; x_wconf 90' lang='lat' dir='ltr'><strong>ita</strong></span> <span class='ocrx_word' id='word_1_190' title='bbox 1555 3018 1689 3055; x_wconf 82' lang='lat' dir='ltr'><strong>exte·</strong></span> 
     </span>
     <span class='ocr_line' id='line_1_32' title="bbox 666 3085 1688 3151; baseline -0.003 -15"><span class='ocrx_word' id='word_1_191' title='bbox 666 3099 783 3136; x_wconf 83' lang='lat' dir='ltr'><strong>nuat</strong></span> <span class='ocrx_word' id='word_1_192' title='bbox 800 3109 841 3137; x_wconf 75' lang='grc' dir='ltr'><strong>ιο.</strong></span> <span class='ocrx_word' id='word_1_193' title='bbox 870 3086 1017 3136; x_wconf 81' lang='lat' dir='ltr'><strong>Haud</strong></span> <span class='ocrx_word' id='word_1_194' title='bbox 1035 3102 1232 3151; x_wconf 82' lang='lat' dir='ltr'><strong>parum,</strong></span> <span class='ocrx_word' id='word_1_195' title='bbox 1250 3087 1475 3151; x_wconf 82' lang='lat' dir='ltr'><strong>inquit,a</strong></span> <span class='ocrx_word' id='word_1_196' title='bbox 1496 3085 1688 3150; x_wconf 77' lang='lat' dir='ltr'><strong>vulgata</strong></span> 
     </span>
     <span class='ocr_line' id='line_1_33' title="bbox 666 3165 1689 3229; baseline -0.003 -12"><span class='ocrx_word' id='word_1_197' title='bbox 666 3169 990 3217; x_wconf 69' lang='lat' dir='ltr'><strong>discessimus.</strong></span> <span class='ocrx_word' id='word_1_198' title='bbox 1026 3169 1088 3217; x_wconf 84' lang='lat' dir='ltr'><strong>Et</strong></span> <span class='ocrx_word' id='word_1_199' title='bbox 1113 3178 1273 3216; x_wconf 81' lang='lat' dir='ltr'><strong>tamen</strong></span> <span class='ocrx_word' id='word_1_200' title='bbox 1302 3165 1456 3229; x_wconf 79' lang='lat' dir='ltr'><strong>nihil,</strong></span> <span class='ocrx_word' id='word_1_201' title='bbox 1479 3166 1574 3214; x_wconf 86' lang='lat' dir='ltr'><strong>nisi</strong></span> <span class='ocrx_word' id='word_1_202' title='bbox 1600 3181 1689 3214; x_wconf 85' lang='lat' dir='ltr'><strong>vo-</strong></span> 
     </span>
     <span class='ocr_line' id='line_1_34' title="bbox 666 3247 1689 3312; baseline 0 -17"><span class='ocrx_word' id='word_1_203' title='bbox 666 3247 823 3296; x_wconf 80' lang='lat' dir='ltr'><strong>culam</strong></span> <span class='ocrx_word' id='word_1_204' title='bbox 869 3259 1021 3312; x_wconf 74' lang='lat' dir='ltr'><strong>atque</strong></span> <span class='ocrx_word' id='word_1_205' title='bbox 1070 3247 1346 3296; x_wconf 70' lang='lat' dir='ltr'><strong>addidimus</strong></span> <span class='ocrx_word' id='word_1_206' title='bbox 1364 3283 1380 3311; x_wconf 87' lang='lat'>,</span> <span class='ocrx_word' id='word_1_207' title='bbox 1429 3262 1577 3312; x_wconf 81' lang='lat' dir='ltr'><strong>quam</strong></span> <span class='ocrx_word' id='word_1_208' title='bbox 1627 3263 1689 3295; x_wconf 81' lang='lat' dir='ltr'><strong>ex</strong></span> 
     </span>
     <span class='ocr_line' id='line_1_35' title="bbox 666 3326 1688 3390; baseline 0 -17"><span class='ocrx_word' id='word_1_209' title='bbox 666 3327 984 3375; x_wconf 75' lang='lat' dir='ltr'><strong>uiliter-atione</strong></span> <span class='ocrx_word' id='word_1_210' title='bbox 1021 3326 1258 3379; x_wconf 77' lang='lat' dir='ltr'><strong>excidisse</strong></span> <span class='ocrx_word' id='word_1_211' title='bbox 1287 3327 1422 3375; x_wconf 80' lang='lat' dir='ltr'><strong>vides</strong></span> <span class='ocrx_word' id='word_1_212' title='bbox 1450 3342 1464 3376; x_wconf 92' lang='lat'>:</span> <span class='ocrx_word' id='word_1_213' title='bbox 1504 3327 1688 3390; x_wconf 85' lang='lat' dir='ltr'><strong>reliqna</strong></span> 
     </span>
     <span class='ocr_line' id='line_1_36' title="bbox 666 3404 1688 3469; baseline 0.003 -18"><span class='ocrx_word' id='word_1_214' title='bbox 666 3406 796 3452; x_wconf 78' lang='lat' dir='ltr'><strong>euim</strong></span> <span class='ocrx_word' id='word_1_215' title='bbox 835 3404 996 3451; x_wconf 80' lang='lat' dir='ltr'><strong>omnia</strong></span> <span class='ocrx_word' id='word_1_216' title='bbox 1043 3404 1187 3469; x_wconf 82' lang='lat' dir='ltr'><strong>plene</strong></span> <span class='ocrx_word' id='word_1_217' title='bbox 1226 3421 1285 3454; x_wconf 82' lang='lat' dir='ltr'><strong>ex</strong></span> <span class='ocrx_word' id='word_1_218' title='bbox 1327 3405 1429 3454; x_wconf 71' lang='lat' dir='ltr'><strong>Eri.</strong></span> <span class='ocrx_word' id='word_1_219' title='bbox 1468 3416 1518 3454; x_wconf 89' lang='lat' dir='ltr'><strong>et</strong></span> <span class='ocrx_word' id='word_1_220' title='bbox 1557 3406 1688 3469; x_wconf 77' lang='lat' dir='ltr'><strong>Spir-</strong></span> 
     </span>
     <span class='ocr_line' id='line_1_37' title="bbox 668 3484 1691 3548; baseline 0.001 -17"><span class='ocrx_word' id='word_1_221' title='bbox 668 3484 1058 3548; x_wconf 85' lang='lat' dir='ltr'><strong>deprompsimus</strong></span> <span class='ocrx_word' id='word_1_222' title='bbox 1110 3500 1269 3548; x_wconf 86' lang='lat' dir='ltr'><strong>neque</strong></span> <span class='ocrx_word' id='word_1_223' title='bbox 1307 3484 1509 3532; x_wconf 86' lang='lat' dir='ltr'><strong>dubium</strong></span> <span class='ocrx_word' id='word_1_224' title='bbox 1545 3484 1691 3532; x_wconf 85' lang='lat' dir='ltr'><strong>nobis</strong></span> 
     </span>
     <span class='ocr_line' id='line_1_38' title="bbox 668 3563 1690 3626; baseline -0.001 -15"><span class='ocrx_word' id='word_1_225' title='bbox 668 3573 768 3621; x_wconf 78' lang='lat' dir='ltr'><strong>est,</strong></span> <span class='ocrx_word' id='word_1_226' title='bbox 787 3563 859 3610; x_wconf 77' lang='lat' dir='ltr'><strong>sic</strong></span> <span class='ocrx_word' id='word_1_227' title='bbox 882 3578 1081 3626; x_wconf 87' lang='lat' dir='ltr'><strong>qnoque</strong></span> <span class='ocrx_word' id='word_1_228' title='bbox 1098 3563 1202 3612; x_wconf 76' lang='lat' dir='ltr'><strong>Pal.</strong></span> <span class='ocrx_word' id='word_1_229' title='bbox 1231 3579 1275 3622; x_wconf 86' lang='lat'><strong>1,</strong></span> <span class='ocrx_word' id='word_1_230' title='bbox 1291 3563 1486 3611; x_wconf 73' lang='lat' dir='ltr'><strong>Mor-elii</strong></span> <span class='ocrx_word' id='word_1_231' title='bbox 1504 3563 1618 3611; x_wconf 90' lang='lat' dir='ltr'><strong>cod.</strong></span> <span class='ocrx_word' id='word_1_232' title='bbox 1642 3573 1690 3610; x_wconf 90' lang='lat' dir='ltr'><strong>et</strong></span> 
     </span>
     <span class='ocr_line' id='line_1_39' title="bbox 669 3641 1691 3705; baseline -0.002 -16"><span class='ocrx_word' id='word_1_233' title='bbox 669 3642 980 3690; x_wconf 85' lang='lat' dir='ltr'><strong>Meadianum</strong></span> <span class='ocrx_word' id='word_1_234' title='bbox 1005 3642 1191 3689; x_wconf 80' lang='lat' dir='ltr'><strong>Davisii</strong></span> <span class='ocrx_word' id='word_1_235' title='bbox 1212 3641 1514 3698; x_wconf 79' lang='lat' dir='ltr'><strong>exhibuisse,</strong></span> <span class='ocrx_word' id='word_1_236' title='bbox 1543 3643 1691 3705; x_wconf 84' lang='lat' dir='ltr'><strong>quip-</strong></span> 
     </span>
     <span class='ocr_line' id='line_1_40' title="bbox 671 3719 1694 3785; baseline -0.001 -17"><span class='ocrx_word' id='word_1_237' title='bbox 671 3738 733 3785; x_wconf 83' lang='lat' dir='ltr'><strong>pe</strong></span> <span class='ocrx_word' id='word_1_238' title='bbox 758 3736 819 3769; x_wconf 84' lang='lat' dir='ltr'><strong>ex</strong></span> <span class='ocrx_word' id='word_1_239' title='bbox 847 3720 1024 3784; x_wconf 85' lang='lat' dir='ltr'><strong>quibus</strong></span> <span class='ocrx_word' id='word_1_240' title='bbox 1048 3721 1165 3769; x_wconf 86' lang='lat' dir='ltr'><strong>item</strong></span> <span class='ocrx_word' id='word_1_241' title='bbox 1187 3720 1453 3784; x_wconf 74' lang='lat' dir='ltr'><strong>appellavit</strong></span> <span class='ocrx_word' id='word_1_242' title='bbox 1473 3719 1694 3782; x_wconf 78' lang='lat' dir='ltr'><strong>appellat</strong></span> 
     </span>
     <span class='ocr_line' id='line_1_41' title="bbox 672 3798 1691 3862; baseline -0.002 -15"><span class='ocrx_word' id='word_1_243' title='bbox 672 3810 899 3848; x_wconf 84' lang='lat' dir='ltr'><strong>enotatur</strong></span> <span class='ocrx_word' id='word_1_244' title='bbox 919 3814 934 3844; x_wconf 90' lang='lat'><strong>:</strong></span> <span class='ocrx_word' id='word_1_245' title='bbox 964 3798 1050 3847; x_wconf 82' lang='lat' dir='ltr'><strong>sed</strong></span> <span class='ocrx_word' id='word_1_246' title='bbox 1077 3802 1188 3846; x_wconf 77' lang='lat' dir='ltr'><strong>VV-</strong></span> <span class='ocrx_word' id='word_1_247' title='bbox 1216 3801 1330 3848; x_wconf 91' lang='lat' dir='ltr'><strong>DD.</strong></span> <span class='ocrx_word' id='word_1_248' title='bbox 1362 3815 1512 3862; x_wconf 85' lang='lat' dir='ltr'><strong>quum</strong></span> <span class='ocrx_word' id='word_1_249' title='bbox 1538 3809 1691 3845; x_wconf 85' lang='lat' dir='ltr'><strong>trans·</strong></span> 
     </span>
     <span class='ocr_line' id='line_1_42' title="bbox 675 3876 1692 3942; baseline -0.002 -16"><span class='ocrx_word' id='word_1_250' title='bbox 675 3879 832 3941; x_wconf 81' lang='lat' dir='ltr'><strong>posita</strong></span> <span class='ocrx_word' id='word_1_251' title='bbox 852 3878 993 3926; x_wconf 84' lang='lat' dir='ltr'><strong>verba</strong></span> <span class='ocrx_word' id='word_1_252' title='bbox 1018 3877 1237 3926; x_wconf 84' lang='lat' dir='ltr'><strong>viderent</strong></span> <span class='ocrx_word' id='word_1_253' title='bbox 1252 3911 1268 3939; x_wconf 86' lang='lat'>‚</span> <span class='ocrx_word' id='word_1_254' title='bbox 1297 3877 1474 3942; x_wconf 85' lang='lat' dir='ltr'><strong>quibus</strong></span> <span class='ocrx_word' id='word_1_255' title='bbox 1500 3876 1563 3925; x_wconf 90' lang='lat' dir='ltr'><strong>ad</strong></span> <span class='ocrx_word' id='word_1_256' title='bbox 1588 3893 1692 3925; x_wconf 81' lang='lat' dir='ltr'><strong>eer-</strong></span> 
     </span>
     <span class='ocr_line' id='line_1_43' title="bbox 674 3955 1691 4015; baseline -0.002 -11"><span class='ocrx_word' id='word_1_257' title='bbox 674 3969 772 4004; x_wconf 82' lang='lat' dir='ltr'><strong>tam</strong></span> <span class='ocrx_word' id='word_1_258' title='bbox 790 3958 1075 4004; x_wconf 83' lang='lat' dir='ltr'><strong>sententiam</strong></span> <span class='ocrx_word' id='word_1_259' title='bbox 1100 3956 1175 4004; x_wconf 90' lang='lat' dir='ltr'><strong>uti</strong></span> <span class='ocrx_word' id='word_1_260' title='bbox 1201 3955 1467 4013; x_wconf 84' lang='lat' dir='ltr'><strong>nescirent,</strong></span> <span class='ocrx_word' id='word_1_261' title='bbox 1493 3955 1598 4015; x_wconf 83' lang='lat' dir='ltr'><strong>ejus</strong></span> <span class='ocrx_word' id='word_1_262' title='bbox 1623 3957 1691 4002; x_wconf 85' lang='lat' dir='ltr'><strong>rei</strong></span> 
     </span>
     <span class='ocr_line' id='line_1_44' title="bbox 673 4034 1691 4099; baseline 0.001 -18"><span class='ocrx_word' id='word_1_263' title='bbox 673 4034 968 4083; x_wconf 82' lang='lat' dir='ltr'><strong>mentionem</strong></span> <span class='ocrx_word' id='word_1_264' title='bbox 990 4034 1145 4082; x_wconf 84' lang='lat' dir='ltr'><strong>facere</strong></span> <span class='ocrx_word' id='word_1_265' title='bbox 1166 4034 1497 4099; x_wconf 79' lang='lat' dir='ltr'><strong>neglexerunt.</strong></span> <span class='ocrx_word' id='word_1_266' title='bbox 1520 4036 1691 4082; x_wconf 86' lang='lat' dir='ltr'><strong>Omnis</strong></span> 
     </span>
     <span class='ocr_line' id='line_1_45' title="bbox 673 4112 1691 4163; baseline 0.002 -2"><span class='ocrx_word' id='word_1_267' title='bbox 673 4115 801 4162; x_wconf 80' lang='lat' dir='ltr'><strong>enim</strong></span> <span class='ocrx_word' id='word_1_268' title='bbox 826 4112 933 4161; x_wconf 71' lang='lat' dir='ltr'><strong>haec</strong></span> <span class='ocrx_word' id='word_1_269' title='bbox 955 4123 1086 4163; x_wconf 83' lang='lat' dir='ltr'><strong>tanta</strong></span> <span class='ocrx_word' id='word_1_270' title='bbox 1104 4113 1244 4162; x_wconf 86' lang='lat' dir='ltr'><strong>turba</strong></span> <span class='ocrx_word' id='word_1_271' title='bbox 1262 4130 1326 4162; x_wconf 81' lang='lat' dir='ltr'><strong>ex</strong></span> <span class='ocrx_word' id='word_1_272' title='bbox 1342 4115 1438 4162; x_wconf 89' lang='lat' dir='ltr'><strong>boc</strong></span> <span class='ocrx_word' id='word_1_273' title='bbox 1459 4129 1562 4162; x_wconf 86' lang='lat' dir='ltr'><strong>uno</strong></span> <span class='ocrx_word' id='word_1_274' title='bbox 1579 4126 1691 4163; x_wconf 88' lang='lat' dir='ltr'><strong>nata</strong></span> 
     </span>
     <span class='ocr_line' id='line_1_46' title="bbox 674 4192 1691 4257; baseline 0.002 -17"><span class='ocrx_word' id='word_1_275' title='bbox 674 4205 780 4254; x_wconf 67' lang='lat' dir='ltr'><strong>est,</strong></span> <span class='ocrx_word' id='word_1_276' title='bbox 812 4193 946 4257; x_wconf 83' lang='lat' dir='ltr'><strong>quod</strong></span> <span class='ocrx_word' id='word_1_277' title='bbox 984 4192 1162 4255; x_wconf 78' lang='lat' dir='ltr'><strong>verba,</strong></span> <span class='ocrx_word' id='word_1_278' title='bbox 1204 4214 1226 4236; x_wconf 73' lang='grc' dir='ltr'>ι</span> <span class='ocrx_word' id='word_1_279' title='bbox 1253 4208 1362 4256; x_wconf 72' lang='lat' dir='ltr'><strong>quae</strong></span> <span class='ocrx_word' id='word_1_280' title='bbox 1405 4192 1504 4241; x_wconf 86' lang='lat' dir='ltr'><strong>duo</strong></span> <span class='ocrx_word' id='word_1_281' title='bbox 1545 4204 1691 4253; x_wconf 85' lang='lat' dir='ltr'><strong>sunt,</strong></span> 
     </span>
    </p>
   </div>
   <div class='ocr_carea' id='block_1_5' title="bbox 1762 1030 2807 4253">
    <p class='ocr_par' dir='ltr' id='par_1_6' title="bbox 1762 1030 2807 4253">
     <span class='ocr_line' id='line_1_47' title="bbox 1764 1030 2791 1095; baseline 0.006 -17"><span class='ocrx_word' id='word_1_282' title='bbox 1764 1045 1917 1079; x_wconf 83' lang='lat' dir='ltr'><strong>unum</strong></span> <span class='ocrx_word' id='word_1_283' title='bbox 1943 1030 2135 1091; x_wconf 64' lang='lat' dir='ltr'><strong>facin,</strong></span> <span class='ocrx_word' id='word_1_284' title='bbox 2158 1031 2278 1080; x_wconf 84' lang='lat' dir='ltr'><strong>olim</strong></span> <span class='ocrx_word' id='word_1_285' title='bbox 2300 1031 2612 1094; x_wconf 80' lang='lat' dir='ltr'><strong>exciderant,</strong></span> <span class='ocrx_word' id='word_1_286' title='bbox 2638 1034 2791 1095; x_wconf 86' lang='lat' dir='ltr'><strong>et,in</strong></span> 
     </span>
     <span class='ocr_line' id='line_1_48' title="bbox 1763 1110 2791 1173; baseline 0.006 -16"><span class='ocrx_word' id='word_1_287' title='bbox 1763 1110 1978 1173; x_wconf 75' lang='lat' dir='ltr'><strong>margine</strong></span> <span class='ocrx_word' id='word_1_288' title='bbox 2022 1110 2186 1159; x_wconf 82' lang='lat' dir='ltr'><strong>addita</strong></span> <span class='ocrx_word' id='word_1_289' title='bbox 2201 1146 2218 1173; x_wconf 88' lang='lat'>,</span> <span class='ocrx_word' id='word_1_290' title='bbox 2257 1111 2420 1163; x_wconf 74' lang='lat' dir='ltr'><strong>alieno</strong></span> <span class='ocrx_word' id='word_1_291' title='bbox 2455 1110 2631 1163; x_wconf 85' lang='lat' dir='ltr'><strong>deinde</strong></span> <span class='ocrx_word' id='word_1_292' title='bbox 2675 1113 2791 1165; x_wconf 83' lang='lat' dir='ltr'><strong>loeo</strong></span> 
     </span>
     <span class='ocr_line' id='line_1_49' title="bbox 1762 1188 2792 1261; baseline 0.002 -23"><span class='ocrx_word' id='word_1_293' title='bbox 1762 1188 2103 1239; x_wconf 84' lang='lat' dir='ltr'><strong>insererentur.</strong></span> <span class='ocrx_word' id='word_1_294' title='bbox 2136 1191 2263 1238; x_wconf 88' lang='lat' dir='ltr'><strong>Tum</strong></span> <span class='ocrx_word' id='word_1_295' title='bbox 2289 1205 2393 1239; x_wconf 87' lang='lat' dir='ltr'><strong>nou</strong></span> <span class='ocrx_word' id='word_1_296' title='bbox 2415 1201 2638 1255; x_wconf 86' lang='lat' dir='ltr'><strong>poterat,</strong></span> <span class='ocrx_word' id='word_1_297' title='bbox 2670 1192 2792 1261; x_wconf 86' lang='lat' dir='ltr'><strong>quin</strong></span> 
     </span>
     <span class='ocr_line' id='line_1_50' title="bbox 1763 1266 2792 1334; baseline 0.005 -20"><span class='ocrx_word' id='word_1_298' title='bbox 1763 1278 1849 1315; x_wconf 89' lang='lat' dir='ltr'><strong>aut</strong></span> <span class='ocrx_word' id='word_1_299' title='bbox 1872 1266 2162 1332; x_wconf 71' lang='lat' dir='ltr'><strong>appellavit,</strong></span> <span class='ocrx_word' id='word_1_300' title='bbox 2201 1278 2287 1316; x_wconf 79' lang='lat' dir='ltr'><strong>aut</strong></span> <span class='ocrx_word' id='word_1_301' title='bbox 2316 1268 2540 1334; x_wconf 76' lang='lat' dir='ltr'><strong>appellat</strong></span> <span class='ocrx_word' id='word_1_302' title='bbox 2562 1269 2792 1332; x_wconf 84' lang='lat' dir='ltr'><strong>abjicere-</strong></span> 
     </span>
     <span class='ocr_line' id='line_1_51' title="bbox 1765 1347 2792 1413; baseline 0.004 -19"><span class='ocrx_word' id='word_1_303' title='bbox 1765 1356 1863 1397; x_wconf 87' lang='lat' dir='ltr'><strong>tur.</strong></span> <span class='ocrx_word' id='word_1_304' title='bbox 1883 1347 2099 1395; x_wconf 62' lang='lat' dir='ltr'><strong>Prasens</strong></span> <span class='ocrx_word' id='word_1_305' title='bbox 2115 1358 2277 1396; x_wconf 88' lang='lat' dir='ltr'><strong>autem</strong></span> <span class='ocrx_word' id='word_1_306' title='bbox 2289 1347 2463 1396; x_wconf 84' lang='lat' dir='ltr'><strong>scribis</strong></span> <span class='ocrx_word' id='word_1_307' title='bbox 2479 1348 2792 1413; x_wconf 74' lang='lat' dir='ltr'><strong>proeplacuit,</strong></span> 
     </span>
     <span class='ocr_line' id='line_1_52' title="bbox 1765 1422 2793 1491; baseline 0.003 -19"><span class='ocrx_word' id='word_1_308' title='bbox 1765 1422 2147 1490; x_wconf 78' lang='lat' dir='ltr'><strong>qnoniamsacie</strong></span> <span class='ocrx_word' id='word_1_309' title='bbox 2161 1424 2401 1491; x_wconf 83' lang='lat' dir='ltr'><strong>sequitur.</strong></span> <span class='ocrx_word' id='word_1_310' title='bbox 2420 1425 2793 1491; x_wconf 76' lang='lat' dir='ltr'><strong>Religiosioree,</strong></span> 
     </span>
     <span class='ocr_line' id='line_1_53' title="bbox 1762 1503 2792 1571; baseline 0.001 -19"><span class='ocrx_word' id='word_1_311' title='bbox 1762 1513 1818 1552; x_wconf 87' lang='lat' dir='ltr'><strong>ut</strong></span> <span class='ocrx_word' id='word_1_312' title='bbox 1842 1503 1973 1553; x_wconf 82' lang='lat' dir='ltr'><strong>Gud.</strong></span> <span class='ocrx_word' id='word_1_313' title='bbox 2006 1519 2051 1571; x_wconf 68' lang='grc' dir='ltr'><strong>ι,</strong></span> <span class='ocrx_word' id='word_1_314' title='bbox 2075 1503 2338 1568; x_wconf 74' lang='lat' dir='ltr'><strong>appellavit</strong></span> <span class='ocrx_word' id='word_1_315' title='bbox 2354 1520 2456 1552; x_wconf 89' lang='lat' dir='ltr'><strong>non</strong></span> <span class='ocrx_word' id='word_1_316' title='bbox 2474 1504 2759 1566; x_wconf 82' lang='lat' dir='ltr'><strong>abjecerunt</strong></span> <span class='ocrx_word' id='word_1_317' title='bbox 2775 1542 2792 1567; x_wconf 89' lang='lat'>,</span> 
     </span>
     <span class='ocr_line' id='line_1_54' title="bbox 1764 1581 2791 1651; baseline -0.003 -18"><span class='ocrx_word' id='word_1_318' title='bbox 1764 1582 1852 1633; x_wconf 83' lang='lat' dir='ltr'><strong>sed</strong></span> <span class='ocrx_word' id='word_1_319' title='bbox 1881 1585 2339 1651; x_wconf 65' lang='lat' dir='ltr'><strong>superscripserunt.</strong></span> <span class='ocrx_word' id='word_1_320' title='bbox 2370 1583 2482 1631; x_wconf 83' lang='lat' dir='ltr'><strong>Jam</strong></span> <span class='ocrx_word' id='word_1_321' title='bbox 2510 1581 2573 1630; x_wconf 89' lang='lat' dir='ltr'><strong>ad</strong></span> <span class='ocrx_word' id='word_1_322' title='bbox 2603 1583 2791 1647; x_wconf 80' lang='lat' dir='ltr'><strong>singula</strong></span> 
     </span>
     <span class='ocr_line' id='line_1_55' title="bbox 1765 1661 2792 1729; baseline -0.006 -13"><span class='ocrx_word' id='word_1_323' title='bbox 1765 1673 1975 1729; x_wconf 61' lang='lat' dir='ltr'><strong>recepto</strong></span> <span class='ocrx_word' id='word_1_324' title='bbox 1996 1662 2224 1723; x_wconf 73' lang='lat' dir='ltr'><strong>lectionis</strong></span> <span class='ocrx_word' id='word_1_325' title='bbox 2249 1661 2508 1712; x_wconf 81' lang='lat' dir='ltr'><strong>munienda</strong></span> <span class='ocrx_word' id='word_1_326' title='bbox 2528 1662 2792 1713; x_wconf 81' lang='lat' dir='ltr'><strong>veniamus.</strong></span> 
     </span>
     <span class='ocr_line' id='line_1_56' title="bbox 1767 1741 2793 1807; baseline -0.002 -15"><span class='ocrx_word' id='word_1_327' title='bbox 1767 1744 1926 1793; x_wconf 80' lang='lat' dir='ltr'><strong>Prima</strong></span> <span class='ocrx_word' id='word_1_328' title='bbox 1967 1742 2112 1793; x_wconf 81' lang='lat' dir='ltr'><strong>verba</strong></span> <span class='ocrx_word' id='word_1_329' title='bbox 2156 1741 2396 1791; x_wconf 83' lang='lat' dir='ltr'><strong>concinna</strong></span> <span class='ocrx_word' id='word_1_330' title='bbox 2431 1741 2667 1791; x_wconf 77' lang='lat' dir='ltr'><strong>brevitate</strong></span> <span class='ocrx_word' id='word_1_331' title='bbox 2700 1758 2793 1807; x_wconf 87' lang='lat' dir='ltr'><strong>pro</strong></span> 
     </span>
     <span class='ocr_line' id='line_1_57' title="bbox 1772 1819 2791 1885; baseline 0.001 -18"><span class='ocrx_word' id='word_1_332' title='bbox 1772 1843 1794 1867; x_wconf 74' lang='grc' dir='ltr'>ι</span> <span class='ocrx_word' id='word_1_333' title='bbox 1826 1837 1937 1871; x_wconf 87' lang='lat' dir='ltr'><strong>enm</strong></span> <span class='ocrx_word' id='word_1_334' title='bbox 1980 1820 2132 1868; x_wconf 87' lang='lat' dir='ltr'><strong>animi</strong></span> <span class='ocrx_word' id='word_1_335' title='bbox 2171 1831 2352 1871; x_wconf 83' lang='lat' dir='ltr'><strong>statum</strong></span> <span class='ocrx_word' id='word_1_336' title='bbox 2391 1819 2791 1885; x_wconf 74' lang='lat' dir='ltr'><strong>(indolentiam)</strong></span> 
     </span>
     <span class='ocr_line' id='line_1_58' title="bbox 1768 1900 2794 1966; baseline -0.001 -17"><span class='ocrx_word' id='word_1_337' title='bbox 1768 1900 2035 1964; x_wconf 83' lang='lat' dir='ltr'><strong>voluptatis</strong></span> <span class='ocrx_word' id='word_1_338' title='bbox 2055 1900 2255 1948; x_wconf 87' lang='lat' dir='ltr'><strong>nomine</strong></span> <span class='ocrx_word' id='word_1_339' title='bbox 2271 1900 2484 1966; x_wconf 82' lang='lat' dir='ltr'><strong>appellat</strong></span> <span class='ocrx_word' id='word_1_340' title='bbox 2496 1935 2511 1960; x_wconf 89' lang='lat'><strong>,</strong></span> <span class='ocrx_word' id='word_1_341' title='bbox 2530 1915 2633 1964; x_wconf 85' lang='lat' dir='ltr'><strong>quo</strong></span> <span class='ocrx_word' id='word_1_342' title='bbox 2650 1915 2794 1948; x_wconf 89' lang='lat' dir='ltr'><strong>nemo</strong></span> 
     </span>
     <span class='ocr_line' id='line_1_59' title="bbox 1768 1979 2794 2047; baseline 0.001 -21"><span class='ocrx_word' id='word_1_343' title='bbox 1768 1994 1998 2043; x_wconf 85' lang='lat' dir='ltr'><strong>umquam</strong></span> <span class='ocrx_word' id='word_1_344' title='bbox 2036 1979 2301 2043; x_wconf 79' lang='lat' dir='ltr'><strong>appellavit</strong></span> <span class='ocrx_word' id='word_1_345' title='bbox 2321 2000 2367 2027; x_wconf 63' lang='lat' dir='ltr'><strong>a.</strong></span> <span class='ocrx_word' id='word_1_346' title='bbox 2409 1981 2606 2047; x_wconf 78' lang='lat' dir='ltr'><strong>Atque,</strong></span> <span class='ocrx_word' id='word_1_347' title='bbox 2647 1995 2794 2044; x_wconf 84' lang='lat' dir='ltr'><strong>quam</strong></span> 
     </span>
     <span class='ocr_line' id='line_1_60' title="bbox 1770 2056 2792 2122; baseline -0.001 -16"><span class='ocrx_word' id='word_1_348' title='bbox 1770 2056 1834 2106; x_wconf 84' lang='lat' dir='ltr'><strong>de</strong></span> <span class='ocrx_word' id='word_1_349' title='bbox 1854 2068 2026 2106; x_wconf 82' lang='lat' dir='ltr'><strong>nostro</strong></span> <span class='ocrx_word' id='word_1_350' title='bbox 2055 2057 2365 2119; x_wconf 70' lang='lat' dir='ltr'><strong>addidimus,</strong></span> <span class='ocrx_word' id='word_1_351' title='bbox 2390 2073 2484 2121; x_wconf 86' lang='lat' dir='ltr'><strong>pro</strong></span> <span class='ocrx_word' id='word_1_352' title='bbox 2515 2069 2666 2122; x_wconf 76' lang='lat' dir='ltr'><strong>atque</strong></span> <span class='ocrx_word' id='word_1_353' title='bbox 2688 2057 2762 2105; x_wconf 78' lang='lat' dir='ltr'><strong>ita</strong></span> <span class='ocrx_word' id='word_1_354' title='bbox 2777 2092 2792 2114; x_wconf 89' lang='lat'><em>,</em></span> 
     </span>
     <span class='ocr_line' id='line_1_61' title="bbox 1770 2130 2796 2201; baseline -0.003 -15"><span class='ocrx_word' id='word_1_355' title='bbox 1770 2152 1834 2186; x_wconf 80' lang='lat' dir='ltr'><strong>ex</strong></span> <span class='ocrx_word' id='word_1_356' title='bbox 1863 2151 2023 2201; x_wconf 61' lang='lat' dir='ltr'><strong>greco</strong></span> <span class='ocrx_word' id='word_1_357' title='bbox 2047 2132 2158 2195; x_wconf 70' lang='grc' dir='ltr'><strong>καὶ,</strong></span> <span class='ocrx_word' id='word_1_358' title='bbox 2188 2152 2282 2201; x_wconf 86' lang='lat' dir='ltr'><strong>pro</strong></span> <span class='ocrx_word' id='word_1_359' title='bbox 2317 2130 2402 2189; x_wconf 71' lang='grc' dir='ltr'><strong>καὶ</strong></span> <span class='ocrx_word' id='word_1_360' title='bbox 2433 2136 2608 2196; x_wconf 76' lang='grc' dir='ltr'><strong>οὕτως,</strong></span> <span class='ocrx_word' id='word_1_361' title='bbox 2631 2151 2796 2195; x_wconf 86' lang='lat' dir='ltr'><strong>more,</strong></span> 
     </span>
     <span class='ocr_line' id='line_1_62' title="bbox 1769 2215 2797 2281; baseline -0.003 -16"><span class='ocrx_word' id='word_1_362' title='bbox 1769 2215 2012 2281; x_wconf 78' lang='lat' dir='ltr'><strong>frequenti</strong></span> <span class='ocrx_word' id='word_1_363' title='bbox 2030 2216 2257 2281; x_wconf 75' lang='lat' dir='ltr'><strong>exempto</strong></span> <span class='ocrx_word' id='word_1_364' title='bbox 2279 2217 2480 2266; x_wconf 86' lang='lat' dir='ltr'><strong>dicitur.</strong></span> <span class='ocrx_word' id='word_1_365' title='bbox 2509 2238 2534 2259; x_wconf 74' lang='grc' dir='ltr'><strong>ιι</strong></span> <span class='ocrx_word' id='word_1_366' title='bbox 2555 2218 2678 2279; x_wconf 77' lang='lat' dir='ltr'><strong>Quae</strong></span> <span class='ocrx_word' id='word_1_367' title='bbox 2695 2215 2797 2263; x_wconf 86' lang='lat' dir='ltr'><strong>dno</strong></span> 
     </span>
     <span class='ocr_line' id='line_1_63' title="bbox 1769 2296 2798 2361; baseline -0.003 -16"><span class='ocrx_word' id='word_1_368' title='bbox 1769 2307 1883 2345; x_wconf 89' lang='lat' dir='ltr'><strong>sunt</strong></span> <span class='ocrx_word' id='word_1_369' title='bbox 1901 2318 1927 2340; x_wconf 75' lang='grc' dir='ltr'><strong>ιο</strong></span> <span class='ocrx_word' id='word_1_370' title='bbox 1944 2332 1960 2359; x_wconf 86' lang='grc'><em>,</em></span> <span class='ocrx_word' id='word_1_371' title='bbox 1989 2312 2164 2361; x_wconf 86' lang='lat' dir='ltr'><strong>nempe</strong></span> <span class='ocrx_word' id='word_1_372' title='bbox 2182 2332 2198 2360; x_wconf 85' lang='lat'>‚</span> <span class='ocrx_word' id='word_1_373' title='bbox 2225 2312 2372 2360; x_wconf 84' lang='lat' dir='ltr'><strong>quam</strong></span> <span class='ocrx_word' id='word_1_374' title='bbox 2397 2311 2545 2344; x_wconf 88' lang='lat' dir='ltr'><strong>nemo</strong></span> <span class='ocrx_word' id='word_1_375' title='bbox 2569 2296 2798 2359; x_wconf 83' lang='lat' dir='ltr'><strong>volupta-</strong></span> 
     </span>
     <span class='ocr_line' id='line_1_64' title="bbox 1771 2374 2797 2441; baseline -0.003 -17"><span class='ocrx_word' id='word_1_376' title='bbox 1771 2386 1868 2424; x_wconf 85' lang='lat' dir='ltr'><strong>tem</strong></span> <span class='ocrx_word' id='word_1_377' title='bbox 1892 2376 2183 2441; x_wconf 83' lang='lat' dir='ltr'><strong>appellavit‚</strong></span> <span class='ocrx_word' id='word_1_378' title='bbox 2207 2386 2255 2422; x_wconf 85' lang='lat' dir='ltr'><strong>et</strong></span> <span class='ocrx_word' id='word_1_379' title='bbox 2283 2375 2584 2440; x_wconf 80' lang='lat' dir='ltr'><strong>voluptatem</strong></span> <span class='ocrx_word' id='word_1_380' title='bbox 2609 2374 2763 2438; x_wconf 82' lang='lat' dir='ltr'><strong>ipsam</strong></span> <span class='ocrx_word' id='word_1_381' title='bbox 2782 2411 2797 2433; x_wconf 90' lang='lat'><strong><em>‚</em></strong></span> 
     </span>
     <span class='ocr_line' id='line_1_65' title="bbox 1773 2452 2797 2519; baseline -0.004 -17"><span class='ocrx_word' id='word_1_382' title='bbox 1773 2471 1921 2503; x_wconf 75' lang='lat' dir='ltr'><strong>unum</strong></span> <span class='ocrx_word' id='word_1_383' title='bbox 1934 2453 2097 2519; x_wconf 74' lang='lat' dir='ltr'><strong>jacie,</strong></span> <span class='ocrx_word' id='word_1_384' title='bbox 2128 2454 2374 2501; x_wconf 84' lang='lat' dir='ltr'><strong>communi</strong></span> <span class='ocrx_word' id='word_1_385' title='bbox 2402 2452 2673 2516; x_wconf 82' lang='lat' dir='ltr'><strong>voluptatis</strong></span> <span class='ocrx_word' id='word_1_386' title='bbox 2707 2467 2797 2498; x_wconf 88' lang='lat' dir='ltr'><strong>no·</strong></span> 
     </span>
     <span class='ocr_line' id='line_1_66' title="bbox 1773 2530 2798 2596; baseline -0.006 -14"><span class='ocrx_word' id='word_1_387' title='bbox 1773 2534 1902 2582; x_wconf 85' lang='lat' dir='ltr'><strong>mine</strong></span> <span class='ocrx_word' id='word_1_388' title='bbox 1940 2532 2300 2596; x_wconf 79' lang='lat' dir='ltr'><strong>complectitur.</strong></span> <span class='ocrx_word' id='word_1_389' title='bbox 2339 2551 2365 2572; x_wconf 76' lang='lat'><em>.</em></span> <span class='ocrx_word' id='word_1_390' title='bbox 2385 2532 2525 2577; x_wconf 75' lang='lat' dir='ltr'><strong>Hanc</strong></span> <span class='ocrx_word' id='word_1_391' title='bbox 2564 2530 2618 2577; x_wconf 86' lang='lat' dir='ltr'><strong>in</strong></span> <span class='ocrx_word' id='word_1_392' title='bbox 2658 2541 2798 2577; x_wconf 89' lang='lat' dir='ltr'><strong>motu</strong></span> 
     </span>
     <span class='ocr_line' id='line_1_67' title="bbox 1772 2609 2797 2675; baseline -0.005 -15"><span class='ocrx_word' id='word_1_393' title='bbox 1772 2612 2150 2675; x_wconf 73' lang='lat' dir='ltr'><strong>voluptatem»,</strong></span> <span class='ocrx_word' id='word_1_394' title='bbox 2190 2610 2260 2656; x_wconf 88' lang='lat' dir='ltr'><strong>sic</strong></span> <span class='ocrx_word' id='word_1_395' title='bbox 2304 2619 2593 2673; x_wconf 85' lang='lat' dir='ltr'><strong>ponuntur,</strong></span> <span class='ocrx_word' id='word_1_396' title='bbox 2645 2620 2704 2656; x_wconf 83' lang='lat' dir='ltr'><strong>ut</strong></span> <span class='ocrx_word' id='word_1_397' title='bbox 2744 2609 2797 2656; x_wconf 90' lang='lat' dir='ltr'><strong>in</strong></span> 
     </span>
     <span class='ocr_line' id='line_1_68' title="bbox 1773 2687 2795 2756; baseline -0.004 -17"><span class='ocrx_word' id='word_1_398' title='bbox 1773 2689 2070 2756; x_wconf 68' lang='lat' dir='ltr'><strong>praegressis,</strong></span> <span class='ocrx_word' id='word_1_399' title='bbox 2094 2710 2120 2730; x_wconf 80' lang='grc' dir='ltr'><strong>ιι</strong></span> <span class='ocrx_word' id='word_1_400' title='bbox 2141 2704 2285 2752; x_wconf 85' lang='lat' dir='ltr'><strong>quam</strong></span> <span class='ocrx_word' id='word_1_401' title='bbox 2308 2703 2454 2736; x_wconf 89' lang='lat' dir='ltr'><strong>nemo</strong></span> <span class='ocrx_word' id='word_1_402' title='bbox 2483 2704 2619 2752; x_wconf 87' lang='lat' dir='ltr'><strong>umq.</strong></span> <span class='ocrx_word' id='word_1_403' title='bbox 2641 2687 2749 2736; x_wconf 80' lang='lat' dir='ltr'><strong>vol.</strong></span> <span class='ocrx_word' id='word_1_404' title='bbox 2770 2708 2795 2728; x_wconf 66' lang='grc' dir='ltr'><strong><em>κ</em></strong></span> 
     </span>
     <span class='ocr_line' id='line_1_69' title="bbox 1774 2762 2799 2832; baseline -0.002 -13"><span class='ocrx_word' id='word_1_405' title='bbox 1774 2770 1806 2824; x_wconf 77' lang='grc' dir='ltr'><strong>ἡ</strong></span> <span class='ocrx_word' id='word_1_406' title='bbox 1838 2769 1884 2819; x_wconf 65' lang='grc' dir='ltr'><strong>ἐν</strong></span> <span class='ocrx_word' id='word_1_407' title='bbox 1919 2766 2059 2825; x_wconf 68' lang='lat' dir='ltr'><strong>edent</strong></span> <span class='ocrx_word' id='word_1_408' title='bbox 2093 2762 2244 2822; x_wconf 68' lang='grc' dir='ltr'>ἡδονὴ</span> <span class='ocrx_word' id='word_1_409' title='bbox 2281 2768 2570 2832; x_wconf 78' lang='lat' dir='ltr'><strong>cogitanda,</strong></span> <span class='ocrx_word' id='word_1_410' title='bbox 2600 2767 2716 2816; x_wconf 83' lang='lat' dir='ltr'><strong>huic</strong></span> <span class='ocrx_word' id='word_1_411' title='bbox 2753 2766 2799 2817; x_wconf 71' lang='grc' dir='ltr'><strong>ἐν</strong></span> 
     </span>
     <span class='ocr_line' id='line_1_70' title="bbox 1774 2848 2799 2915; baseline -0.005 -15"><span class='ocrx_word' id='word_1_412' title='bbox 1774 2848 1949 2903; x_wconf 69' lang='grc' dir='ltr'>κινήσει</span> <span class='ocrx_word' id='word_1_413' title='bbox 1971 2849 2084 2915; x_wconf 78' lang='grc' dir='ltr'>οὔσῃ</span> <span class='ocrx_word' id='word_1_414' title='bbox 2103 2860 2230 2898; x_wconf 85' lang='lat' dir='ltr'><strong>tecte</strong></span> <span class='ocrx_word' id='word_1_415' title='bbox 2251 2849 2480 2913; x_wconf 82' lang='lat' dir='ltr'><strong>opposita</strong></span> <span class='ocrx_word' id='word_1_416' title='bbox 2495 2849 2579 2899; x_wconf 83' lang='lat' dir='ltr'><strong>sit.</strong></span> <span class='ocrx_word' id='word_1_417' title='bbox 2597 2848 2677 2896; x_wconf 81' lang='lat' dir='ltr'><strong>Ad</strong></span> <span class='ocrx_word' id='word_1_418' title='bbox 2694 2848 2799 2896; x_wconf 76' lang='lat' dir='ltr'><strong>baec</strong></span> 
     </span>
     <span class='ocr_line' id='line_1_71' title="bbox 1772 2930 2800 2992; baseline -0.003 -14"><span class='ocrx_word' id='word_1_419' title='bbox 1772 2941 1936 2978; x_wconf 80' lang='lat' dir='ltr'><strong>autem</strong></span> <span class='ocrx_word' id='word_1_420' title='bbox 1971 2930 2113 2977; x_wconf 87' lang='lat' dir='ltr'><strong>unice</strong></span> <span class='ocrx_word' id='word_1_421' title='bbox 2151 2937 2283 2976; x_wconf 85' lang='lat' dir='ltr'><strong>recte</strong></span> <span class='ocrx_word' id='word_1_422' title='bbox 2316 2938 2365 2976; x_wconf 91' lang='lat' dir='ltr'><strong>et</strong></span> <span class='ocrx_word' id='word_1_423' title='bbox 2397 2944 2601 2992; x_wconf 84' lang='lat' dir='ltr'><strong>prorsus</strong></span> <span class='ocrx_word' id='word_1_424' title='bbox 2630 2943 2689 2976; x_wconf 84' lang='lat' dir='ltr'><strong>ex</strong></span> <span class='ocrx_word' id='word_1_425' title='bbox 2716 2943 2800 2975; x_wconf 81' lang='lat' dir='ltr'><strong>au-</strong></span> 
     </span>
     <span class='ocr_line' id='line_1_72' title="bbox 1775 3005 2800 3072; baseline -0.005 -14"><span class='ocrx_word' id='word_1_426' title='bbox 1775 3010 1926 3058; x_wconf 88' lang='lat' dir='ltr'><strong>ctoris</strong></span> <span class='ocrx_word' id='word_1_427' title='bbox 1968 3023 2133 3069; x_wconf 86' lang='lat' dir='ltr'><strong>more,</strong></span> <span class='ocrx_word' id='word_1_428' title='bbox 2168 3005 2346 3066; x_wconf 83' lang='lat' dir='ltr'><strong>verba,</strong></span> <span class='ocrx_word' id='word_1_429' title='bbox 2388 3029 2412 3049; x_wconf 75' lang='grc' dir='ltr'>ι</span> <span class='ocrx_word' id='word_1_430' title='bbox 2433 3009 2529 3056; x_wconf 85' lang='lat' dir='ltr'><strong>sic.</strong></span> <span class='ocrx_word' id='word_1_431' title='bbox 2551 3039 2565 3053; x_wconf 87' lang='lat'><strong>.</strong></span> <span class='ocrx_word' id='word_1_432' title='bbox 2586 3040 2599 3053; x_wconf 86' lang='lat'><strong>.</strong></span> <span class='ocrx_word' id='word_1_433' title='bbox 2631 3006 2800 3072; x_wconf 86' lang='lat' dir='ltr'><strong>appel-</strong></span> 
     </span>
     <span class='ocr_line' id='line_1_73' title="bbox 1775 3087 2801 3152; baseline -0.004 -16"><span class='ocrx_word' id='word_1_434' title='bbox 1775 3089 1878 3136; x_wconf 78' lang='lat' dir='ltr'><strong>lant</strong></span> <span class='ocrx_word' id='word_1_435' title='bbox 1897 3109 1951 3146; x_wconf 74' lang='grc' dir='ltr'><strong>ιι,</strong></span> <span class='ocrx_word' id='word_1_436' title='bbox 1995 3089 2048 3136; x_wconf 89' lang='lat' dir='ltr'><strong>in</strong></span> <span class='ocrx_word' id='word_1_437' title='bbox 2078 3087 2352 3152; x_wconf 77' lang='lat' dir='ltr'><strong>parenthesi</strong></span> <span class='ocrx_word' id='word_1_438' title='bbox 2389 3087 2660 3144; x_wconf 79' lang='lat' dir='ltr'><strong>adduntur,</strong></span> <span class='ocrx_word' id='word_1_439' title='bbox 2690 3102 2801 3149; x_wconf 64' lang='lat' dir='ltr'><strong>quae</strong></span> 
     </span>
     <span class='ocr_line' id='line_1_74' title="bbox 1774 3163 2802 3232; baseline -0.006 -16"><span class='ocrx_word' id='word_1_440' title='bbox 1774 3170 2026 3232; x_wconf 84' lang='lat' dir='ltr'><strong>bucusque</strong></span> <span class='ocrx_word' id='word_1_441' title='bbox 2056 3167 2300 3231; x_wconf 75' lang='lat' dir='ltr'><strong>vulgatam</strong></span> <span class='ocrx_word' id='word_1_442' title='bbox 2319 3201 2335 3226; x_wconf 89' lang='lat'>,</span> <span class='ocrx_word' id='word_1_443' title='bbox 2374 3177 2428 3215; x_wconf 86' lang='lat' dir='ltr'><strong>ut</strong></span> <span class='ocrx_word' id='word_1_444' title='bbox 2463 3165 2661 3214; x_wconf 82' lang='lat' dir='ltr'><strong>discissa</strong></span> <span class='ocrx_word' id='word_1_445' title='bbox 2694 3163 2802 3212; x_wconf 81' lang='lat' dir='ltr'><strong>Ab·</strong></span> 
     </span>
     <span class='ocr_line' id='line_1_75' title="bbox 1777 3246 2799 3313; baseline -0.006 -17"><span class='ocrx_word' id='word_1_446' title='bbox 1777 3248 1901 3313; x_wconf 78' lang='lat' dir='ltr'><strong>syrti</strong></span> <span class='ocrx_word' id='word_1_447' title='bbox 1917 3247 2130 3296; x_wconf 83' lang='lat' dir='ltr'><strong>membra</strong></span> <span class='ocrx_word' id='word_1_448' title='bbox 2141 3283 2157 3308; x_wconf 88' lang='lat'>,</span> <span class='ocrx_word' id='word_1_449' title='bbox 2173 3246 2474 3311; x_wconf 82' lang='lat' dir='ltr'><strong>dissipabant</strong></span> <span class='ocrx_word' id='word_1_450' title='bbox 2494 3258 2508 3293; x_wconf 87' lang='lat'>:</span> <span class='ocrx_word' id='word_1_451' title='bbox 2530 3260 2680 3308; x_wconf 82' lang='lat' dir='ltr'><strong>qnare</strong></span> <span class='ocrx_word' id='word_1_452' title='bbox 2698 3259 2799 3290; x_wconf 86' lang='lat' dir='ltr'><strong>non</strong></span> 
     </span>
     <span class='ocr_line' id='line_1_76' title="bbox 1777 3324 2801 3388; baseline -0.005 -13"><span class='ocrx_word' id='word_1_453' title='bbox 1777 3329 1950 3375; x_wconf 88' lang='lat' dir='ltr'><strong>mirum</strong></span> <span class='ocrx_word' id='word_1_454' title='bbox 1975 3327 2066 3374; x_wconf 87' lang='lat' dir='ltr'><strong>erit</strong></span> <span class='ocrx_word' id='word_1_455' title='bbox 2083 3361 2098 3385; x_wconf 92' lang='lat'>,</span> <span class='ocrx_word' id='word_1_456' title='bbox 2126 3327 2169 3374; x_wconf 87' lang='lat' dir='ltr'><strong>si</strong></span> <span class='ocrx_word' id='word_1_457' title='bbox 2194 3342 2249 3375; x_wconf 89' lang='lat' dir='ltr'><strong>ea</strong></span> <span class='ocrx_word' id='word_1_458' title='bbox 2270 3327 2382 3374; x_wconf 82' lang='lat' dir='ltr'><strong>VV.</strong></span> <span class='ocrx_word' id='word_1_459' title='bbox 2403 3326 2516 3374; x_wconf 91' lang='lat' dir='ltr'><strong>DD.</strong></span> <span class='ocrx_word' id='word_1_460' title='bbox 2540 3324 2718 3388; x_wconf 84' lang='lat' dir='ltr'><strong>partim</strong></span> <span class='ocrx_word' id='word_1_461' title='bbox 2743 3335 2801 3371; x_wconf 88' lang='lat' dir='ltr'><strong>ut</strong></span> 
     </span>
     <span class='ocr_line' id='line_1_77' title="bbox 1778 3402 2801 3469; baseline -0.007 -15"><span class='ocrx_word' id='word_1_462' title='bbox 1778 3407 1939 3469; x_wconf 85' lang='lat' dir='ltr'><strong>spuria</strong></span> <span class='ocrx_word' id='word_1_463' title='bbox 1957 3405 2267 3467; x_wconf 79' lang='lat' dir='ltr'><strong>rejiciebant,</strong></span> <span class='ocrx_word' id='word_1_464' title='bbox 2285 3406 2464 3468; x_wconf 81' lang='lat' dir='ltr'><strong>partim</strong></span> <span class='ocrx_word' id='word_1_465' title='bbox 2484 3402 2643 3451; x_wconf 85' lang='lat' dir='ltr'><strong>omnis</strong></span> <span class='ocrx_word' id='word_1_466' title='bbox 2662 3416 2801 3465; x_wconf 77' lang='lat' dir='ltr'><strong>gene·</strong></span> 
     </span>
     <span class='ocr_line' id='line_1_78' title="bbox 1777 3480 2799 3546; baseline -0.008 -13"><span class='ocrx_word' id='word_1_467' title='bbox 1777 3484 1844 3533; x_wconf 83' lang='lat' dir='ltr'><strong>ris</strong></span> <span class='ocrx_word' id='word_1_468' title='bbox 1866 3486 2163 3546; x_wconf 84' lang='lat' dir='ltr'><strong>conjecturis</strong></span> <span class='ocrx_word' id='word_1_469' title='bbox 2181 3483 2448 3532; x_wconf 78' lang='lat' dir='ltr'><strong>tentabant.</strong></span> <span class='ocrx_word' id='word_1_470' title='bbox 2475 3480 2625 3545; x_wconf 84' lang='lat' dir='ltr'><strong>Quod</strong></span> <span class='ocrx_word' id='word_1_471' title='bbox 2641 3491 2799 3528; x_wconf 83' lang='lat' dir='ltr'><strong>autem</strong></span> 
     </span>
     <span class='ocr_line' id='line_1_79' title="bbox 1779 3560 2803 3628; baseline -0.008 -15"><span class='ocrx_word' id='word_1_472' title='bbox 1779 3564 1924 3628; x_wconf 73' lang='lat' dir='ltr'><strong>quasi</strong></span> <span class='ocrx_word' id='word_1_473' title='bbox 1937 3563 2092 3612; x_wconf 77' lang='lat' dir='ltr'><strong>duleis</strong></span> <span class='ocrx_word' id='word_1_474' title='bbox 2108 3564 2335 3627; x_wconf 78' lang='lat' dir='ltr'><strong>voluptas</strong></span> <span class='ocrx_word' id='word_1_475' title='bbox 2354 3562 2547 3619; x_wconf 84' lang='lat' dir='ltr'><strong>dicitur,</strong></span> <span class='ocrx_word' id='word_1_476' title='bbox 2567 3560 2683 3608; x_wconf 87' lang='lat' dir='ltr'><strong>inde</strong></span> <span class='ocrx_word' id='word_1_477' title='bbox 2703 3569 2803 3613; x_wconf 83' lang='lat' dir='ltr'><strong>est,</strong></span> 
     </span>
     <span class='ocr_line' id='line_1_80' title="bbox 1776 3639 2804 3708; baseline -0.006 -17"><span class='ocrx_word' id='word_1_478' title='bbox 1776 3644 1893 3707; x_wconf 86' lang='lat' dir='ltr'><strong>quia</strong></span> <span class='ocrx_word' id='word_1_479' title='bbox 1917 3644 2150 3708; x_wconf 75' lang='lat' dir='ltr'><strong>voluptas</strong></span> <span class='ocrx_word' id='word_1_480' title='bbox 2185 3660 2289 3692; x_wconf 86' lang='lat' dir='ltr'><strong>nou</strong></span> <span class='ocrx_word' id='word_1_481' title='bbox 2321 3645 2423 3707; x_wconf 85' lang='lat' dir='ltr'><strong>ipsa</strong></span> <span class='ocrx_word' id='word_1_482' title='bbox 2451 3658 2541 3707; x_wconf 85' lang='lat' dir='ltr'><strong>per</strong></span> <span class='ocrx_word' id='word_1_483' title='bbox 2569 3639 2804 3689; x_wconf 82' lang='lat' dir='ltr'><strong>se·dnlcis</strong></span> 
     </span>
     <span class='ocr_line' id='line_1_81' title="bbox 1779 3719 2801 3787; baseline -0.005 -17"><span class='ocrx_word' id='word_1_484' title='bbox 1779 3733 1875 3781; x_wconf 90' lang='lat' dir='ltr'><strong>est,</strong></span> <span class='ocrx_word' id='word_1_485' title='bbox 1907 3722 1995 3771; x_wconf 79' lang='lat' dir='ltr'><strong>sed</strong></span> <span class='ocrx_word' id='word_1_486' title='bbox 2025 3746 2049 3765; x_wconf 73' lang='grc' dir='ltr'><strong>α</strong></span> <span class='ocrx_word' id='word_1_487' title='bbox 2072 3740 2170 3787; x_wconf 73' lang='lat' dir='ltr'><strong>qua</strong></span> <span class='ocrx_word' id='word_1_488' title='bbox 2202 3738 2368 3770; x_wconf 82' lang='lat' dir='ltr'><strong>sensus</strong></span> <span class='ocrx_word' id='word_1_489' title='bbox 2404 3720 2612 3769; x_wconf 84' lang='lat' dir='ltr'><strong>dulciter</strong></span> <span class='ocrx_word' id='word_1_490' title='bbox 2646 3728 2695 3767; x_wconf 88' lang='lat' dir='ltr'><strong>et</strong></span> <span class='ocrx_word' id='word_1_491' title='bbox 2725 3719 2801 3778; x_wconf 58' lang='lat' dir='ltr'><strong>jur</strong></span> 
     </span>
     <span class='ocr_line' id='line_1_82' title="bbox 1779 3798 2801 3865; baseline -0.004 -17"><span class='ocrx_word' id='word_1_492' title='bbox 1779 3800 1939 3849; x_wconf 87' lang='lat' dir='ltr'><strong>cuude</strong></span> <span class='ocrx_word' id='word_1_493' title='bbox 1974 3814 2275 3860; x_wconf 71' lang='lat' dir='ltr'><strong>movetur»,</strong></span> <span class='ocrx_word' id='word_1_494' title='bbox 2320 3800 2435 3849; x_wconf 84' lang='lat' dir='ltr'><strong>vide</strong></span> <span class='ocrx_word' id='word_1_495' title='bbox 2470 3814 2616 3863; x_wconf 85' lang='lat' dir='ltr'><strong>snpra</strong></span> <span class='ocrx_word' id='word_1_496' title='bbox 2643 3798 2675 3865; x_wconf 74' lang='lat' dir='ltr'>S</span> <span class='ocrx_word' id='word_1_497' title='bbox 2712 3799 2801 3845; x_wconf 82' lang='lat'><strong>18:</strong></span> 
     </span>
     <span class='ocr_line' id='line_1_83' title="bbox 1778 3875 2805 3943; baseline -0.004 -17"><span class='ocrx_word' id='word_1_498' title='bbox 1778 3879 2002 3927; x_wconf 84' lang='lat' dir='ltr'><strong>adhibuit</strong></span> <span class='ocrx_word' id='word_1_499' title='bbox 2057 3891 2230 3929; x_wconf 86' lang='lat' dir='ltr'><strong>auctor</strong></span> <span class='ocrx_word' id='word_1_500' title='bbox 2282 3879 2432 3943; x_wconf 80' lang='lat' dir='ltr'><strong>igitur</strong></span> <span class='ocrx_word' id='word_1_501' title='bbox 2486 3876 2626 3942; x_wconf 78' lang='lat' dir='ltr'><strong>quasi</strong></span> <span class='ocrx_word' id='word_1_502' title='bbox 2680 3875 2805 3923; x_wconf 84' lang='lat' dir='ltr'><strong>iliud</strong></span> 
     </span>
     <span class='ocr_line' id='line_1_84' title="bbox 1779 3956 2800 4023; baseline -0.003 -17"><span class='ocrx_word' id='word_1_503' title='bbox 1779 3975 1947 4018; x_wconf 82' lang='lat' dir='ltr'><strong>sunm,</strong></span> <span class='ocrx_word' id='word_1_504' title='bbox 1979 3976 2078 4023; x_wconf 90' lang='lat' dir='ltr'><strong>quo</strong></span> <span class='ocrx_word' id='word_1_505' title='bbox 2115 3958 2403 4006; x_wconf 82' lang='lat' dir='ltr'><strong>insolentius</strong></span> <span class='ocrx_word' id='word_1_506' title='bbox 2434 3957 2563 4005; x_wconf 84' lang='lat' dir='ltr'><strong>dicta</strong></span> <span class='ocrx_word' id='word_1_507' title='bbox 2600 3956 2800 4005; x_wconf 86' lang='lat' dir='ltr'><strong>emollit.</strong></span> 
     </span>
     <span class='ocr_line' id='line_1_85' title="bbox 1779 4035 2806 4086; baseline -0.002 0"><span class='ocrx_word' id='word_1_508' title='bbox 1779 4038 1947 4086; x_wconf 69' lang='lat' dir='ltr'><strong>Suavis</strong></span> <span class='ocrx_word' id='word_1_509' title='bbox 1974 4048 2144 4086; x_wconf 85' lang='lat' dir='ltr'><strong>contra</strong></span> <span class='ocrx_word' id='word_1_510' title='bbox 2181 4036 2242 4084; x_wconf 87' lang='lat' dir='ltr'><strong>de</strong></span> <span class='ocrx_word' id='word_1_511' title='bbox 2274 4053 2416 4085; x_wconf 85' lang='lat' dir='ltr'><strong>sensu</strong></span> <span class='ocrx_word' id='word_1_512' title='bbox 2445 4038 2635 4085; x_wconf 87' lang='lat' dir='ltr'><strong>interno</strong></span> <span class='ocrx_word' id='word_1_513' title='bbox 2668 4048 2715 4084; x_wconf 86' lang='lat' dir='ltr'><strong>et</strong></span> <span class='ocrx_word' id='word_1_514' title='bbox 2744 4035 2806 4084; x_wconf 89' lang='lat' dir='ltr'><strong>de</strong></span> 
     </span>
     <span class='ocr_line' id='line_1_86' title="bbox 1779 4116 2805 4182; baseline -0.001 -19"><span class='ocrx_word' id='word_1_515' title='bbox 1779 4118 1941 4165; x_wconf 85' lang='lat' dir='ltr'><strong>animo</strong></span> <span class='ocrx_word' id='word_1_516' title='bbox 1969 4132 2096 4180; x_wconf 64' lang='lat' dir='ltr'><strong>sepe</strong></span> <span class='ocrx_word' id='word_1_517' title='bbox 2123 4116 2324 4176; x_wconf 84' lang='lat' dir='ltr'><strong>dicitur,</strong></span> <span class='ocrx_word' id='word_1_518' title='bbox 2359 4127 2411 4165; x_wconf 85' lang='lat' dir='ltr'><strong>ut</strong></span> <span class='ocrx_word' id='word_1_519' title='bbox 2436 4116 2596 4164; x_wconf 74' lang='lat' dir='ltr'><strong>suavis</strong></span> <span class='ocrx_word' id='word_1_520' title='bbox 2619 4116 2805 4182; x_wconf 75' lang='lat' dir='ltr'><strong>cogita·</strong></span> 
     </span>
     <span class='ocr_line' id='line_1_87' title="bbox 1779 4194 2807 4253; baseline -0.001 -12"><span class='ocrx_word' id='word_1_521' title='bbox 1779 4195 1873 4251; x_wconf 78' lang='lat' dir='ltr'><strong>tio,</strong></span> <span class='ocrx_word' id='word_1_522' title='bbox 1920 4205 2014 4242; x_wconf 87' lang='lat' dir='ltr'><strong>etc.</strong></span> <span class='ocrx_word' id='word_1_523' title='bbox 2059 4195 2222 4241; x_wconf 87' lang='lat' dir='ltr'><strong>Unum</strong></span> <span class='ocrx_word' id='word_1_524' title='bbox 2255 4205 2428 4253; x_wconf 85' lang='lat' dir='ltr'><strong>restat,</strong></span> <span class='ocrx_word' id='word_1_525' title='bbox 2472 4205 2523 4242; x_wconf 81' lang='lat' dir='ltr'><strong>ut</strong></span> <span class='ocrx_word' id='word_1_526' title='bbox 2559 4194 2807 4244; x_wconf 82' lang='lat' dir='ltr'><strong>sententiae</strong></span> 
     </span>
    </p>
   </div>
  </div>
 </body>
</html>
