3217 4784
698 370 792 441 66
1378 375 1474 440 M.
1524 374 1602 440 T.
1655 375 2131 448 CICERONIS

696 505 1062 590 appetere,
1097 514 1323 586 eaque
1361 489 1702 586 gaudere,
1742 509 1826 565 ut
1862 520 2146 569 summo
2190 498 2435 591 bono;
2470 503 2794 578 dolorem

695 604 1094 699 aspernari,
1137 613 1222 669 ut
1261 623 1625 670 summum
1661 604 1967 694 malum,
2005 621 2110 696 et,
2147 625 2500 707 quantum
2528 619 2753 711 possit
2778 671 2798 701 ‚

694 735 736 781 a
775 736 849 782 se
897 708 1286 804 repellere3
1322 707 1542 805 idque
1613 708 1845 785 facere
1897 716 2226 788 nondum
2288 719 2755 819 depravatum
2778 780 2797 810 ‚

691 820 846 916 ipsa
882 829 1134 886 natura
1157 816 1571 915 incorrupte
1608 834 1824 918 atque
1860 826 2136 921 integre
2169 827 2540 921 judicante
2563 829 2620 903 ⁶.
2661 837 2797 904 Ita-

694 951 839 1024 que
887 940 1099 1021 negat
1149 950 1331 1024 opus
1381 951 1536 1001 esse
1579 932 1892 1020 ratione,
1926 958 2163 1032 neque
2186 947 2211 992 ⁷
2274 937 2791 1037 disputatione,

692 1060 910 1133 quam
952 1035 1050 1106 ob
1096 1060 1245 1107 rem
1294 1036 1627 1133 voluptas
1678 1043 2117 1138 expetenda,
2155 1045 2541 1145 fugiendus
2586 1052 2794 1125 dolor

690 1146 800 1215 sit.
859 1147 1117 1215 Sentiri
1161 1144 1302 1215 hoc
1353 1160 1591 1244 putat,
1629 1162 1711 1219 ut
1754 1150 1983 1224 calere
2035 1156 2305 1251 ignem,
2357 1161 2593 1233 nivem
2649 1188 2798 1236 esse

690 1252 960 1338 albam,
1002 1251 1210 1324 dulce
1252 1254 1391 1325 mel
1427 1280 1443 1322 ε
1485 1281 1797 1353 quorum
1843 1263 2022 1334 nihil
2056 1282 2389 1364 oportere
2434 1277 2798 1369 exquisitis

689 1361 1086 1433 rationibus
1125 1362 1535 1435 confirmari
1553 1361 1624 1454 ⁸3
1662 1383 1942 1442 tantum
1972 1377 2136 1447 satis
2164 1390 2362 1449 esse9
2386 1380 2792 1457 admonere.

689 1574 835 1638 Diog.
862 1576 1019 1625 Laert.
1051 1577 1148 1635 XI,
1184 1578 1277 1638 137
1308 1592 1321 1626 ε
1347 1568 1614 1640 inuecti-2
1640 1573 1701 1630 δὲ

689 1655 863 1721 χρῆται
911 1659 996 1705 τοῦ
1050 1654 1212 1715 τέλους
1258 1642 1280 1722 (
1312 1660 1336 1707 ὅ
1376 1644 1672 1727 Ἐπίκουρος)
1688 1695 1705 1722 ,

692 1725 809 1783 nivet
848 1728 1063 1804 ἡςῗονὴν,
1094 1739 1166 1803 τῷ
1208 1731 1275 1785 τὰ
1302 1736 1438 1799 ζῶα,
1476 1736 1586 1805 ἅμα
1631 1743 1704 1808 τῷ

688 1815 996 1879 γεννηθῆναι,
1038 1815 1101 1876 τῇ
1133 1811 1217 1881 μὶν
1248 1814 1604 1881 εὐαρεστεῖσθαι,
1631 1822 1703 1886 τῷ

689 1885 750 1940 ὃὸ
764 1891 896 1960 πόνῳ
911 1890 1219 1959 προσκρούειν
1235 1897 1442 1958 φυσικῶς
1465 1891 1547 1944 καὶ
1559 1894 1703 1962 χωρὶς

686 1970 845 2037 λόγου.
884 1970 1026 2026 Haec,
1042 1984 1070 2014 a
1089 1968 1258 2016 Davis.
1268 1969 1367 2030 jam
1384 1968 1574 2017 laudata
1591 2003 1607 2029 ,
1626 1986 1710 2018 ex-

688 2048 866 2113 pressit
880 2047 987 2096 Cie.
1008 2047 1075 2093 its
1088 2079 1104 2104 ‚
1126 2056 1183 2094 ut
1203 2057 1304 2096 tots
1332 2046 1539 2111 spodosi
1559 2063 1706 2096 unam

690 2141 858 2174 vocem
882 2118 1159 2193 ἀδιάςροφα
1183 2125 1464 2188 explicaret.
1492 2126 1554 2174 G.

760 2204 810 2249 6.
833 2205 948 2265 Ipsa
968 2213 1147 2249 natum
1176 2236 1188 2249 .
1209 2238 1225 2251 .
1246 2235 1260 2248 .
1282 2203 1558 2265 judicante.
1595 2205 1707 2253 mni

692 2281 790 2329 mei
806 2281 1070 2329 indicante.
1089 2281 1205 2329 Non
1224 2282 1370 2341 mele,
1386 2284 1427 2329 si
1441 2292 1553 2346 post
1567 2282 1700 2347 ipsa,

689 2377 739 2409 se
762 2356 996 2408 excidisse
1019 2370 1214 2407 statuas.
1233 2362 1370 2425 Soepe
1393 2360 1534 2409 etiam
1544 2361 1706 2410 hocin

693 2438 820 2487 illud
848 2449 1091 2497 mutatui-3
1117 2438 1180 2486 ef.
1206 2440 1349 2489 Tnsc.
1370 2442 1419 2486 V
1436 2472 1452 2499 ‚
1476 2454 1541 2487 πο
1558 2473 1574 2498 ,
1602 2442 1665 2489 61
1690 2456 1706 2498 3

689 2517 980 2579 Lael.3‚11.
1000 2517 1096 2566 Sed
1117 2517 1167 2564 h.
1188 2518 1223 2566 1.
1242 2518 1435 2581 vulgus
1460 2518 1706 2566 verissime

690 2605 765 2644 est
785 2595 927 2644 :vide
959 2596 1129 2660 paucis
1156 2604 1269 2658 post
1284 2630 1299 2655 ‚
1319 2616 1343 2639 ι
1367 2610 1395 2641 a
1418 2605 1586 2643 nature
1601 2595 1707 2660 ipss

686 2672 930 2734 indicari·
953 2709 968 2733 ,
991 2682 1041 2720 et
1064 2673 1259 2736 sepius.
1286 2671 1522 2720 Naturam
1546 2683 1707 2721 sutem

692 2751 744 2801 h.
772 2750 809 2798 l.
833 2772 859 2792 κ
880 2749 1093 2797 hominis
1112 2749 1360 2797 animum»
1383 2749 1478 2797 dici
1495 2784 1512 2812 ‚
1544 2750 1609 2798 ad
1629 2751 1709 2799 Ci-

692 2843 918 2877 ceronem
940 2825 1286 2875 secedentibus
1311 2842 1396 2874 sus
1422 2837 1597 2891 sponte
1621 2844 1709 2891 pc·

694 2918 793 2955 tere
811 2905 972 2954 deb‘et.
1002 2906 1066 2952 G.

763 3002 817 3053 7.
847 2987 1008 3049 Negat
1030 2999 1147 3049 opus
1171 2999 1276 3031 esse
1296 2983 1486 3032 racione
1504 3019 1520 3046 ‚
1545 3001 1706 3049 neque

692 3063 874 3130 disput.
904 3064 979 3111 De
1016 3062 1214 3111 dicendi
1257 3063 1407 3111 forms
1432 3075 1589 3128 negat
1615 3098 1627 3111 .
1649 3098 1663 3111 .
1684 3098 1700 3112 .

697 3158 855 3207 neque
871 3157 994 3205 pro,
1017 3140 1191 3199 «dicit,
1218 3156 1375 3205 neque
1401 3141 1600 3200 ratione,
1620 3159 1706 3192 ne·

693 3236 790 3284 que
806 3220 971 3283 disp.»
988 3218 1210 3283 pluribus
1230 3220 1414 3283 egimus
1432 3219 1494 3267 ad
1514 3221 1706 3271 Acsdd.

694 3302 772 3361 11,
805 3298 904 3360 25,
934 3311 1031 3361 79;
1076 3297 1158 3346 cll.
1184 3296 1305 3347 ibid.
1333 3301 1411 3361 11,
1448 3308 1542 3361 47,
1591 3303 1706 3357 145.

694 3379 897 3425 Sensum
927 3391 1044 3423 vero
1083 3375 1259 3423 horum
1301 3377 1431 3426 hunc
1465 3378 1660 3443 putabis
1687 3394 1701 3428 τ

694 3475 722 3496 οι
742 3455 912 3502 statuit
938 3453 1082 3518 Epic.
1111 3453 1237 3501 nihil
1273 3469 1398 3518 opus
1425 3472 1526 3505 esse
1558 3473 1704 3522 argu-

694 3535 868 3581 mentis
910 3548 969 3580 ex
1012 3533 1196 3581 ratione
1222 3534 1416 3597 petitis,
1444 3551 1705 3600 eorumque

694 3612 838 3660 docte
881 3611 1189 3675 expositione
1218 3629 1235 3675 3
1308 3613 1602 3676 experientia
1651 3613 1705 3662 id

691 3692 849 3756 ipsum
895 3690 1020 3738 elsre
1060 3701 1223 3754 petere
1244 3712 1287 3737 a.
1331 3690 1493 3739 'Verba
1542 3694 1669 3740 enim
1684 3728 1700 3755 ‚

691 3792 714 3810 ν
736 3772 921 3819 rstione
960 3785 1115 3833 neque
1160 3768 1489 3833 disputatione
1507 3790 1555 3828 ιι,
1587 3780 1703 3819 sunt

690 3850 737 3899 ἓν
785 3843 875 3901 διὰ
921 3842 1054 3899 δυοῖν
1107 3846 1267 3910 posits
1311 3862 1404 3911 pro
1424 3880 1439 3905 ‚
1487 3868 1514 3889 e·
1533 3847 1702 3912 dispu-

686 3930 867 3978 tatione
887 3943 914 3974 e
940 3924 1044 3973 sols
1080 3924 1266 3972 ratione
1293 3925 1446 3988 petits
1462 3946 1485 3968 a
1501 3959 1517 3986 ‚
1551 3927 1704 3974 nostri

683 4003 973 4070 speculative
996 4003 1313 4067 Effluet-ung.
1341 4004 1403 4050 G.

756 4082 803 4134 8.
832 4080 1131 4149 confirmari.
1161 4079 1367 4127 Goerenz
1381 4080 1697 4147 confirmare,

1788 1584 1874 1648 qui
1899 1585 2122 1637 observat
2148 1605 2162 1637 :
2186 1591 2302 1640 Ern.
2329 1607 2392 1640 ex
2410 1607 2502 1641 suo
2524 1593 2656 1642 dedit
2684 1611 2800 1651 eon,-

1770 1661 1974 1730 firmari
1996 1682 2016 1713 .·
2034 1667 2121 1715 sed
2135 1667 2259 1717 Iocis
2278 1671 2483 1721 laudatis
2503 1673 2621 1722 satis
2636 1685 2799 1723 osten-

1790 1740 1862 1789 dit
1887 1745 2045 1792 Bremi
2059 1782 2075 1808 ,
2100 1748 2313 1797 sctivum
2334 1762 2459 1800 stsre
2484 1765 2612 1802 necte
2637 1769 2797 1817 posse.

1789 1819 1857 1867 At
1879 1823 2091 1882 ratione,
2131 1842 2224 1890 qus
2241 1830 2312 1877 sic
2330 1831 2477 1878 scribi
2504 1832 2622 1881 dicit
2662 1832 2683 1894 (
2695 1833 2798 1880 vnlt

1790 1897 1918 1945 enim
1942 1901 2155 1965 aliquem
2172 1905 2409 1971 intelligi)
2426 1909 2548 1957 nihil
2565 1925 2691 1974 opus
2705 1919 2796 1958 est.

1794 1977 1993 2039 Oportet
2021 1980 2180 2040 enim,
2229 1985 2364 2046 quod
2393 1990 2617 2052 proprie,
2662 2005 2712 2037 es
2734 1989 2801 2037 ise

1788 2052 1991 2117 no'cltig,
2023 2057 2152 2105 velet
2167 2093 2182 2117 ,
2200 2058 2326 2109 hanc
2351 2079 2461 2111 cnm
2488 2065 2683 2130 reliquis
2708 2066 2798 2114 im-

1790 2133 2121 2195 personalibus
2139 2150 2355 2189 nstnram
2375 2147 2696 2195 eommunicet
2708 2184 2724 2211 ‚
2744 2156 2799 2194 ut

1791 2220 1838 2257 et
1856 2212 2045 2272 activo,
2069 2226 2118 2264 et
2130 2234 2254 2281 pass.
2271 2220 2519 2287 jungatur.
2543 2226 2619 2274 Ne
2638 2236 2796 2275 autem

1789 2298 1891 2337 tum
1907 2291 1957 2339 h.
1970 2291 2004 2340 l.
2025 2293 2150 2344 nihil
2162 2299 2377 2349 offendat
2389 2336 2404 2359 ,
2423 2304 2680 2353 tenendum
2699 2316 2799 2364 est,

1788 2364 1913 2415 hanc
1940 2385 2106 2418 vocem
2125 2406 2141 2430 ,
2187 2385 2242 2422 ut
2263 2374 2466 2426 infinitis
2489 2380 2641 2440 loeis,
2685 2383 2798 2431 sim·

1788 2445 1981 2508 pliciter
1999 2464 2100 2496 non
2123 2449 2295 2497 valete.
2317 2454 2369 2500 Si
2399 2465 2556 2503 sutem
2580 2458 2798 2508 Matthia

1787 2537 1901 2586 pag.
1927 2538 2022 2572 too
2040 2559 2058 2583 ‚
2083 2526 2295 2586 dubitat,
2332 2546 2394 2577 sn
2415 2544 2544 2582 recte
2567 2536 2730 2585 stis.
2750 2548 2799 2585 et

1789 2603 1911 2649 Em.
1932 2614 2149 2666 oportere
2160 2621 2269 2653 cum
2278 2607 2408 2667 aliis,
2423 2627 2515 2675 pro
2536 2626 2795 2677 oporteret,

1789 2677 1925 2740 qnod
1942 2680 2086 2728 codd.
2112 2686 2327 2733 omnium
2350 2699 2448 2748 est,
2466 2695 2762 2744 correxerint
2783 2712 2797 2746 τ

1791 2772 1945 2806 οτι-πο
1970 2760 2178 2823 primum
2214 2764 2268 2813 in
2305 2781 2365 2815 eo
2410 2769 2627 2832 videtur,
2662 2775 2795 2839 quod

1790 2850 1890 2882 esse
1929 2840 2205 2900 proximum
2246 2845 2307 2892 sb
2346 2846 2517 2896 iisdem
2562 2867 2654 2915 pro
2680 2864 2802 2902 esset

1793 2915 2055 2978 repositum
2097 2918 2218 2969 dicit
2235 2957 2250 2982 ,
2279 2939 2429 2987 quum
2465 2944 2567 2976 esse
2599 2932 2801 2995 scripto·

1793 3006 1900 3038 rum
1944 2993 2008 3041 sit
2057 2998 2285 3048 omnium.
2349 3003 2536 3053 Deinde
2581 3005 2799 3057 firmatur

1792 3080 2011 3134 oportere
2046 3075 2164 3124 edd.
2200 3089 2316 3127 vett.
2349 3080 2589 3144 plurium,
2642 3095 2700 3132 ut
2737 3087 2795 3135 P.

1792 3149 1941 3199 Mars.
1964 3152 2093 3201 Crat.
2120 3166 2214 3203 etc.
2250 3160 2534 3208 auctoritate
2553 3195 2568 3219 ‚
2607 3161 2798 3226 locique

1791 3231 1996 3278 maxime
2020 3247 2151 3280 nexu
2183 3246 2197 3280 ε
2225 3251 2426 3297 quorum
2452 3239 2579 3286 enim
2617 3250 2714 3304 est,
2751 3252 2801 3290 ee

1790 3306 1959 3356 horum
1977 3342 1993 3369 ,
2028 3320 2171 3375 stqne
2195 3325 2412 3375 oportere
2428 3316 2586 3380 ipsum
2609 3334 2636 3365 s
2649 3330 2801 3384 purae

1791 3386 2005 3449 pendet3
2029 3404 2188 3452 neque
2212 3390 2317 3439 haec
2342 3395 2677 3459 exTorqnsti‚
2711 3397 2798 3447 sed

1789 3479 1848 3513 et
1873 3466 2069 3530 Epicuri
2085 3467 2274 3526 jndicio
2301 3468 2541 3521 dicuntur.

1861 3559 1914 3606 9.
1969 3546 2171 3593 Tantum
2210 3546 2329 3595 satit
2376 3565 2477 3598 esse
2524 3551 2798 3601 αᾰπιοηονο.

1790 3622 1905 3670 Ern.
1934 3633 2122 3670 tanmm
2147 3624 2293 3673 deleri
2312 3660 2328 3687 ,
2354 3638 2410 3676 ut
2437 3644 2672 3692 nusquam
2706 3631 2799 3679 hac

1789 3699 1843 3746 in
1889 3701 2039 3748 forms
2081 3701 2276 3750 obvium
2299 3720 2314 3762 ς
2349 3705 2502 3754 Rath.
2550 3711 2800 3773 transponi

1788 3788 1902 3841 post
1952 3779 2212 3829 admonere
2255 3817 2271 3844 ‚
2320 3784 2475 3845 jubet.
2520 3786 2698 3836 Contra
2744 3805 2799 3837 ea

1792 3855 1924 3905 idem
1949 3872 2040 3904 suo
2063 3872 2174 3905 cnm
2204 3862 2367 3923 positu
2395 3862 2608 3912 defendit
2642 3867 2799 3915 Brenni

1790 3934 1935 3982 simili
1964 3933 2075 3983 loco
2101 3949 2376 4002 opportune
2397 3941 2598 3992 lsudsto
2616 3980 2632 4006 ,
2660 3947 2796 3997 om.

1789 4012 1870 4071 11,
1898 4017 2000 4075 32,
2032 4015 2148 4080 ¹39·
2174 4016 2242 4063 At
2274 4021 2433 4083 etqui
2456 4020 2509 4068 id
2537 4021 2798 4083 dunum,

1787 4100 1837 4137 et
1862 4093 1947 4154 qui
1973 4093 2208 4151 retinent,
2246 4096 2295 4143 in
2334 4113 2395 4145 eo
2420 4112 2579 4149 errent
2604 4137 2619 4159 ,
2659 4103 2798 4166 qnod

3141 1954 3148 1955 1
3141 1830 3146 1839 -

3177 1954 3194 2223 ηοω-σννψ-
3185 1914 3192 1931 -
3186 1828 3194 1858 -..
