<?xml version="1.0" encoding="UTF-8"?>
<!DOCTYPE html PUBLIC "-//W3C//DTD XHTML 1.0 Transitional//EN"
    "http://www.w3.org/TR/xhtml1/DTD/xhtml1-transitional.dtd">
<html xmlns="http://www.w3.org/1999/xhtml" xml:lang="en" lang="en">
 <head>
  <title>
</title>
<meta http-equiv="Content-Type" content="text/html;charset=utf-8" />
  <meta name='ocr-system' content='tesseract 3.04.00' />
  <meta name='ocr-capabilities' content='ocr_page ocr_carea ocr_par ocr_line ocrx_word'/>
</head>
<body>
  <div class='ocr_page' id='page_1' title='image "./mtciceronisquae00clergoog/mtciceronisquae00clergoog_0099.png"; bbox 0 0 3217 4784; ppageno 0'>
   <div class='ocr_carea' id='block_1_1' title="bbox 813 390 2532 498">
    <p class='ocr_par' dir='ltr' id='par_1_1' title="bbox 813 390 2532 498">
     <span class='ocr_line' id='line_1_1' title="bbox 813 390 2532 498; baseline 0.006 -40"><span class='ocrx_word' id='word_1_1' title='bbox 813 391 938 458; x_wconf 90' lang='lat' dir='ltr'><strong>DE</strong></span> <span class='ocrx_word' id='word_1_2' title='bbox 985 390 1161 460; x_wconf 84' lang='lat' dir='ltr'><strong>FIN.</strong></span> <span class='ocrx_word' id='word_1_3' title='bbox 1212 391 1425 461; x_wconf 87' lang='lat' dir='ltr'><strong>BON.</strong></span> <span class='ocrx_word' id='word_1_4' title='bbox 1467 391 1583 459; x_wconf 92' lang='lat' dir='ltr'><strong>ET</strong></span> <span class='ocrx_word' id='word_1_5' title='bbox 1632 392 1844 462; x_wconf 67' lang='lat' dir='ltr'><strong>MAI..</strong></span> <span class='ocrx_word' id='word_1_6' title='bbox 1893 397 1960 479; x_wconf 90' lang='grc' dir='ltr'><strong>Ι,</strong></span> <span class='ocrx_word' id='word_1_7' title='bbox 2021 419 2122 465; x_wconf 82' lang='lat'><strong>11.</strong></span> <span class='ocrx_word' id='word_1_8' title='bbox 2441 427 2532 498; x_wconf 83' lang='lat'><strong>79</strong></span> 
     </span>
    </p>
   </div>
   <div class='ocr_carea' id='block_1_2' title="bbox 422 511 2531 817">
    <p class='ocr_par' dir='ltr' id='par_1_2' title="bbox 422 511 2531 817">
     <span class='ocr_line' id='line_1_2' title="bbox 427 511 2521 616; baseline 0.006 -34"><span class='ocrx_word' id='word_1_9' title='bbox 427 526 672 583; x_wconf 85' lang='lat' dir='ltr'><strong>contra</strong></span> <span class='ocrx_word' id='word_1_10' title='bbox 724 513 1132 608; x_wconf 84' lang='lat' dir='ltr'><strong>cyrenaicos</strong></span> <span class='ocrx_word' id='word_1_11' title='bbox 1189 515 1354 581; x_wconf 86' lang='lat' dir='ltr'><strong>satis</strong></span> <span class='ocrx_word' id='word_1_12' title='bbox 1397 524 1605 583; x_wconf 80' lang='lat' dir='ltr'><strong>acute</strong></span> <span class='ocrx_word' id='word_1_13' title='bbox 1654 539 1670 582; x_wconf 75' lang='grc' dir='ltr'><strong><em>ε</em></strong></span> <span class='ocrx_word' id='word_1_14' title='bbox 1733 511 1912 583; x_wconf 89' lang='lat' dir='ltr'><strong>nihil</strong></span> <span class='ocrx_word' id='word_1_15' title='bbox 1962 514 2054 585; x_wconf 87' lang='lat' dir='ltr'><strong>ad</strong></span> <span class='ocrx_word' id='word_1_16' title='bbox 2109 520 2521 616; x_wconf 84' lang='lat' dir='ltr'>Epicurum.</span> 
     </span>
     <span class='ocr_line' id='line_1_3' title="bbox 423 620 2525 721; baseline 0.007 -29"><span class='ocrx_word' id='word_1_17' title='bbox 423 624 602 693; x_wconf 86' lang='lat' dir='ltr'><strong>Nam</strong></span> <span class='ocrx_word' id='word_1_18' title='bbox 644 622 703 691; x_wconf 87' lang='lat' dir='ltr'><strong>si</strong></span> <span class='ocrx_word' id='word_1_19' title='bbox 752 644 835 691; x_wconf 87' lang='lat' dir='ltr'><strong>ea</strong></span> <span class='ocrx_word' id='word_1_20' title='bbox 892 620 1044 691; x_wconf 84' lang='lat' dir='ltr'><strong>sola</strong></span> <span class='ocrx_word' id='word_1_21' title='bbox 1086 620 1427 717; x_wconf 72' lang='lat' dir='ltr'><strong>voluptas*</strong></span> <span class='ocrx_word' id='word_1_22' title='bbox 1457 635 1678 704; x_wconf 85' lang='lat' dir='ltr'><strong>esset,</strong></span> <span class='ocrx_word' id='word_1_23' title='bbox 1747 647 1908 719; x_wconf 84' lang='lat' dir='ltr'><strong>quae</strong></span> <span class='ocrx_word' id='word_1_24' title='bbox 1956 628 2161 721; x_wconf 80' lang='lat' dir='ltr'>quasi</span> <span class='ocrx_word' id='word_1_25' title='bbox 2207 631 2525 706; x_wconf 83' lang='lat' dir='ltr'><strong>titillaret</strong></span> 
     </span>
     <span class='ocr_line' id='line_1_4' title="bbox 422 727 2531 817; baseline 0.007 -18"><span class='ocrx_word' id='word_1_26' title='bbox 422 752 701 817; x_wconf 80' lang='lat' dir='ltr'><strong>sensus,</strong></span> <span class='ocrx_word' id='word_1_27' title='bbox 734 744 815 799; x_wconf 93' lang='lat' dir='ltr'><strong>ut</strong></span> <span class='ocrx_word' id='word_1_28' title='bbox 854 730 951 799; x_wconf 85' lang='lat' dir='ltr'><strong>ita</strong></span> <span class='ocrx_word' id='word_1_29' title='bbox 1006 727 1237 800; x_wconf 86' lang='lat' dir='ltr'><strong>dicam</strong></span> <span class='ocrx_word' id='word_1_30' title='bbox 1262 738 1355 816; x_wconf 83' lang='lat'><strong>²0,</strong></span> <span class='ocrx_word' id='word_1_31' title='bbox 1390 744 1464 800; x_wconf 85' lang='lat' dir='ltr'><strong>et</strong></span> <span class='ocrx_word' id='word_1_32' title='bbox 1516 729 1608 800; x_wconf 84' lang='lat' dir='ltr'><strong>ad</strong></span> <span class='ocrx_word' id='word_1_33' title='bbox 1656 754 1780 802; x_wconf 86' lang='lat' dir='ltr'><strong>eos</strong></span> <span class='ocrx_word' id='word_1_34' title='bbox 1822 756 1991 803; x_wconf 89' lang='lat' dir='ltr'><strong>cum</strong></span> <span class='ocrx_word' id='word_1_35' title='bbox 2032 741 2377 812; x_wconf 84' lang='lat' dir='ltr'><strong>suavitate</strong></span> <span class='ocrx_word' id='word_1_36' title='bbox 2425 742 2531 815; x_wconf 87' lang='lat' dir='ltr'><strong>af-</strong></span> 
     </span>
    </p>
   </div>
   <div class='ocr_carea' id='block_1_3' title="bbox 419 836 1415 909">
    <p class='ocr_par' dir='ltr' id='par_1_3' title="bbox 419 836 1415 909">
     <span class='ocr_line' id='line_1_5' title="bbox 419 836 1415 909; baseline 0.001 -2"><span class='ocrx_word' id='word_1_37' title='bbox 419 836 677 909; x_wconf 83' lang='lat' dir='ltr'><strong>flueret</strong></span> <span class='ocrx_word' id='word_1_38' title='bbox 725 852 797 908; x_wconf 86' lang='lat' dir='ltr'><strong>ct</strong></span> <span class='ocrx_word' id='word_1_39' title='bbox 852 836 1345 909; x_wconf 79' lang='lat' dir='ltr'><strong>illaberetur²¹</strong></span> <span class='ocrx_word' id='word_1_40' title='bbox 1398 866 1415 908; x_wconf 73' lang='grc' dir='ltr'><strong><em>ε</em></strong></span> 
     </span>
    </p>
   </div>
   <div class='ocr_carea' id='block_1_4' title="bbox 1470 863 2533 924">
    <p class='ocr_par' dir='ltr' id='par_1_4' title="bbox 1470 863 2533 924">
     <span class='ocr_line' id='line_1_6' title="bbox 1470 863 2533 924; baseline 0.015 -16"><span class='ocrx_word' id='word_1_41' title='bbox 1470 863 1605 910; x_wconf 77' lang='lat' dir='ltr'><strong>nec</strong></span> <span class='ocrx_word' id='word_1_42' title='bbox 1664 863 1921 912; x_wconf 71' lang='lat' dir='ltr'><strong>mallus</strong></span> <span class='ocrx_word' id='word_1_43' title='bbox 1984 868 2137 916; x_wconf 71' lang='lat' dir='ltr'><strong>GSSC</strong></span> <span class='ocrx_word' id='word_1_44' title='bbox 2194 864 2533 924; x_wconf 70' lang='lat' dir='ltr'><strong>Contenta</strong></span> 
     </span>
    </p>
   </div>
   <div class='ocr_carea' id='block_1_5' title="bbox 416 945 2534 1379">
    <p class='ocr_par' dir='ltr' id='par_1_5' title="bbox 416 945 2534 1379">
     <span class='ocr_line' id='line_1_7' title="bbox 417 945 2534 1044; baseline 0.007 -26"><span class='ocrx_word' id='word_1_45' title='bbox 417 963 658 1044; x_wconf 86' lang='lat' dir='ltr'><strong>posset</strong></span> <span class='ocrx_word' id='word_1_46' title='bbox 684 947 830 1019; x_wconf 84' lang='lat' dir='ltr'><strong>ulla</strong></span> <span class='ocrx_word' id='word_1_47' title='bbox 864 949 1214 1019; x_wconf 83' lang='lat' dir='ltr'><strong>vacuitate</strong></span> <span class='ocrx_word' id='word_1_48' title='bbox 1249 945 1515 1018; x_wconf 90' lang='lat' dir='ltr'><strong>doloris</strong></span> <span class='ocrx_word' id='word_1_49' title='bbox 1537 958 1600 991; x_wconf 81' lang='lat'><strong>²²</strong></span> <span class='ocrx_word' id='word_1_50' title='bbox 1636 950 1788 1019; x_wconf 85' lang='lat' dir='ltr'><strong>sinc</strong></span> <span class='ocrx_word' id='word_1_51' title='bbox 1822 951 2149 1043; x_wconf 88' lang='lat' dir='ltr'><strong>jucundo</strong></span> <span class='ocrx_word' id='word_1_52' title='bbox 2179 972 2384 1028; x_wconf 90' lang='lat' dir='ltr'><strong>motu</strong></span> <span class='ocrx_word' id='word_1_53' title='bbox 2413 986 2534 1031; x_wconf 87' lang='lat' dir='ltr'><strong>vo-</strong></span> 
     </span>
     <span class='ocr_line' id='line_1_8' title="bbox 416 1053 2531 1163; baseline 0.009 -39"><span class='ocrx_word' id='word_1_54' title='bbox 416 1053 729 1152; x_wconf 85' lang='lat' dir='ltr'><strong>luptatis.</strong></span> <span class='ocrx_word' id='word_1_55' title='bbox 775 1061 897 1126; x_wconf 90' lang='lat' dir='ltr'><strong>Sin</strong></span> <span class='ocrx_word' id='word_1_56' title='bbox 933 1070 1172 1126; x_wconf 82' lang='lat' dir='ltr'><strong>autem</strong></span> <span class='ocrx_word' id='word_1_57' title='bbox 1222 1080 1499 1126; x_wconf 87' lang='lat' dir='ltr'><strong>summa</strong></span> <span class='ocrx_word' id='word_1_58' title='bbox 1539 1057 1868 1154; x_wconf 85' lang='lat' dir='ltr'><strong>voluptas</strong></span> <span class='ocrx_word' id='word_1_59' title='bbox 1900 1075 2047 1146; x_wconf 86' lang='lat' dir='ltr'><strong>cst,</strong></span> <span class='ocrx_word' id='word_1_60' title='bbox 2090 1077 2172 1133; x_wconf 88' lang='lat' dir='ltr'><strong>ut</strong></span> <span class='ocrx_word' id='word_1_61' title='bbox 2219 1068 2531 1163; x_wconf 88' lang='lat' dir='ltr'><strong>Epicuro</strong></span> 
     </span>
     <span class='ocr_line' id='line_1_9' title="bbox 420 1158 2529 1277; baseline 0.008 -44"><span class='ocrx_word' id='word_1_62' title='bbox 420 1164 688 1261; x_wconf 85' lang='lat' dir='ltr'><strong>placet,</strong></span> <span class='ocrx_word' id='word_1_63' title='bbox 716 1165 895 1234; x_wconf 91' lang='lat' dir='ltr'><strong>nihil</strong></span> <span class='ocrx_word' id='word_1_64' title='bbox 923 1163 1167 1236; x_wconf 84' lang='lat' dir='ltr'><strong>dolere</strong></span> <span class='ocrx_word' id='word_1_65' title='bbox 1196 1192 1212 1235; x_wconf 90' lang='lat'>:</span> <span class='ocrx_word' id='word_1_66' title='bbox 1252 1166 1565 1263; x_wconf 86' lang='lat' dir='ltr'><strong>primum</strong></span> <span class='ocrx_word' id='word_1_67' title='bbox 1582 1158 1646 1211; x_wconf 81' lang='lat'><strong>²3</strong></span> <span class='ocrx_word' id='word_1_68' title='bbox 1674 1166 1803 1238; x_wconf 89' lang='lat' dir='ltr'><strong>tibi</strong></span> <span class='ocrx_word' id='word_1_69' title='bbox 1832 1183 2061 1259; x_wconf 85' lang='lat' dir='ltr'><strong>recte,</strong></span> <span class='ocrx_word' id='word_1_70' title='bbox 2098 1172 2529 1277; x_wconf 74' lang='lat' dir='ltr'><strong>Chrysippo,</strong></span> 
     </span>
     <span class='ocr_line' id='line_1_10' title="bbox 420 1275 2531 1379; baseline 0.008 -35"><span class='ocrx_word' id='word_1_71' title='bbox 420 1298 839 1345; x_wconf 85' lang='lat' dir='ltr'><strong>concessum</strong></span> <span class='ocrx_word' id='word_1_72' title='bbox 893 1291 1040 1363; x_wconf 83' lang='lat' dir='ltr'><strong>est,</strong></span> <span class='ocrx_word' id='word_1_73' title='bbox 1082 1276 1262 1346; x_wconf 90' lang='lat' dir='ltr'><strong>nihil</strong></span> <span class='ocrx_word' id='word_1_74' title='bbox 1312 1275 1713 1357; x_wconf 82' lang='lat' dir='ltr'><strong>desiderare</strong></span> <span class='ocrx_word' id='word_1_75' title='bbox 1750 1302 2103 1372; x_wconf 69' lang='lat' dir='ltr'><strong>manum,</strong></span> <span class='ocrx_word' id='word_1_76' title='bbox 2152 1306 2382 1379; x_wconf 87' lang='lat' dir='ltr'><strong>quum</strong></span> <span class='ocrx_word' id='word_1_77' title='bbox 2435 1290 2531 1360; x_wconf 85' lang='lat' dir='ltr'><strong>ita</strong></span> 
     </span>
    </p>
   </div>
   <div class='ocr_carea' id='block_1_6' title="bbox 368 1513 1425 4170">
    <p class='ocr_par' dir='ltr' id='par_1_6' title="bbox 412 1513 1425 2347">
     <span class='ocr_line' id='line_1_11' title="bbox 416 1513 1425 1580; baseline 0.002 -20"><span class='ocrx_word' id='word_1_78' title='bbox 416 1513 689 1561; x_wconf 77' lang='lat' dir='ltr'><strong>conclusum</strong></span> <span class='ocrx_word' id='word_1_79' title='bbox 732 1526 803 1563; x_wconf 83' lang='lat' dir='ltr'><strong>est</strong></span> <span class='ocrx_word' id='word_1_80' title='bbox 844 1515 1045 1564; x_wconf 66' lang='lat' dir='ltr'><strong>adhesit</strong></span> <span class='ocrx_word' id='word_1_81' title='bbox 1071 1532 1085 1573; x_wconf 91' lang='lat'>;</span> <span class='ocrx_word' id='word_1_82' title='bbox 1126 1516 1263 1580; x_wconf 83' lang='lat' dir='ltr'><strong>quod</strong></span> <span class='ocrx_word' id='word_1_83' title='bbox 1295 1525 1425 1563; x_wconf 83' lang='lat' dir='ltr'><strong>recte</strong></span> 
     </span>
     <span class='ocr_line' id='line_1_12' title="bbox 415 1592 1425 1659; baseline 0 -18"><span class='ocrx_word' id='word_1_84' title='bbox 415 1592 514 1641; x_wconf 83' lang='lat' dir='ltr'><strong>Eri.</strong></span> <span class='ocrx_word' id='word_1_85' title='bbox 546 1604 595 1641; x_wconf 87' lang='lat' dir='ltr'><strong>et</strong></span> <span class='ocrx_word' id='word_1_86' title='bbox 631 1593 763 1659; x_wconf 87' lang='lat' dir='ltr'><strong>Spir.</strong></span> <span class='ocrx_word' id='word_1_87' title='bbox 791 1596 1037 1658; x_wconf 79' lang='lat' dir='ltr'><strong>ignorant.</strong></span> <span class='ocrx_word' id='word_1_88' title='bbox 1071 1595 1235 1643; x_wconf 84' lang='lat' dir='ltr'><strong>Toties</strong></span> <span class='ocrx_word' id='word_1_89' title='bbox 1266 1604 1425 1641; x_wconf 87' lang='lat' dir='ltr'><strong>autem</strong></span> 
     </span>
     <span class='ocr_line' id='line_1_13' title="bbox 413 1670 1425 1731; baseline 0 -12"><span class='ocrx_word' id='word_1_90' title='bbox 413 1670 518 1719; x_wconf 71' lang='lat' dir='ltr'><strong>hoec</strong></span> <span class='ocrx_word' id='word_1_91' title='bbox 536 1686 633 1719; x_wconf 83' lang='lat' dir='ltr'><strong>vox</strong></span> <span class='ocrx_word' id='word_1_92' title='bbox 658 1672 947 1731; x_wconf 80' lang='lat' dir='ltr'><strong>intruditur,</strong></span> <span class='ocrx_word' id='word_1_93' title='bbox 986 1683 1040 1720; x_wconf 88' lang='lat' dir='ltr'><strong>ut</strong></span> <span class='ocrx_word' id='word_1_94' title='bbox 1075 1672 1188 1720; x_wconf 83' lang='lat' dir='ltr'><strong>inde</strong></span> <span class='ocrx_word' id='word_1_95' title='bbox 1225 1671 1425 1720; x_wconf 82' lang='lat' dir='ltr'><strong>Davisio</strong></span> 
     </span>
     <span class='ocr_line' id='line_1_14' title="bbox 413 1749 1425 1814; baseline -0.001 -18"><span class='ocrx_word' id='word_1_96' title='bbox 413 1749 599 1797; x_wconf 89' lang='lat' dir='ltr'><strong>nullum</strong></span> <span class='ocrx_word' id='word_1_97' title='bbox 620 1751 764 1814; x_wconf 91' lang='lat' dir='ltr'><strong>plane</strong></span> <span class='ocrx_word' id='word_1_98' title='bbox 786 1752 865 1811; x_wconf 81' lang='lat' dir='ltr'><strong>jus</strong></span> <span class='ocrx_word' id='word_1_99' title='bbox 887 1762 1011 1800; x_wconf 87' lang='lat' dir='ltr'><strong>esset</strong></span> <span class='ocrx_word' id='word_1_100' title='bbox 1025 1786 1040 1810; x_wconf 94' lang='lat'><strong>,</strong></span> <span class='ocrx_word' id='word_1_101' title='bbox 1065 1760 1115 1798; x_wconf 87' lang='lat' dir='ltr'><strong>et</strong></span> <span class='ocrx_word' id='word_1_102' title='bbox 1130 1767 1249 1798; x_wconf 80' lang='lat' dir='ltr'><strong>vere</strong></span> <span class='ocrx_word' id='word_1_103' title='bbox 1268 1750 1425 1809; x_wconf 78' lang='lat' dir='ltr'><strong>conji-</strong></span> 
     </span>
     <span class='ocr_line' id='line_1_15' title="bbox 414 1828 1425 1894; baseline -0.002 -17"><span class='ocrx_word' id='word_1_104' title='bbox 414 1830 591 1879; x_wconf 86' lang='lat' dir='ltr'><strong>ciendi.</strong></span> <span class='ocrx_word' id='word_1_105' title='bbox 622 1858 688 1868; x_wconf 89' lang='lat'><strong>--</strong></span> <span class='ocrx_word' id='word_1_106' title='bbox 717 1832 998 1880; x_wconf 69' lang='lat' dir='ltr'><strong>conclusum</strong></span> <span class='ocrx_word' id='word_1_107' title='bbox 1033 1842 1114 1880; x_wconf 78' lang='lat' dir='ltr'><strong>est.</strong></span> <span class='ocrx_word' id='word_1_108' title='bbox 1161 1828 1425 1894; x_wconf 74' lang='lat' dir='ltr'><strong>Chrysippi</strong></span> 
     </span>
     <span class='ocr_line' id='line_1_16' title="bbox 414 1910 1425 1974; baseline 0.003 -19"><span class='ocrx_word' id='word_1_109' title='bbox 414 1910 793 1972; x_wconf 72' lang='lat' dir='ltr'><strong>rogatiunculam</strong></span> <span class='ocrx_word' id='word_1_110' title='bbox 808 1945 822 1969; x_wconf 94' lang='lat'><strong>,</strong></span> <span class='ocrx_word' id='word_1_111' title='bbox 863 1926 973 1974; x_wconf 71' lang='lat' dir='ltr'><strong>quae</strong></span> <span class='ocrx_word' id='word_1_112' title='bbox 1016 1921 1186 1959; x_wconf 87' lang='lat' dir='ltr'><strong>contra</strong></span> <span class='ocrx_word' id='word_1_113' title='bbox 1227 1910 1425 1974; x_wconf 85' lang='lat' dir='ltr'><strong>Epicuri</strong></span> 
     </span>
     <span class='ocr_line' id='line_1_17' title="bbox 413 1988 1422 2047; baseline 0.005 -15"><span class='ocrx_word' id='word_1_114' title='bbox 413 1990 696 2036; x_wconf 86' lang='lat' dir='ltr'><strong>sententiam</strong></span> <span class='ocrx_word' id='word_1_115' title='bbox 712 1989 866 2037; x_wconf 84' lang='lat' dir='ltr'><strong>facere</strong></span> <span class='ocrx_word' id='word_1_116' title='bbox 884 1988 1152 2047; x_wconf 80' lang='lat' dir='ltr'><strong>videbatur,</strong></span> <span class='ocrx_word' id='word_1_117' title='bbox 1167 1989 1422 2037; x_wconf 83' lang='lat' dir='ltr'><strong>artificiose</strong></span> 
     </span>
     <span class='ocr_line' id='line_1_18' title="bbox 414 2064 1421 2131; baseline 0.008 -21"><span class='ocrx_word' id='word_1_118' title='bbox 414 2064 571 2124; x_wconf 82' lang='lat' dir='ltr'><strong>rejicit</strong></span> <span class='ocrx_word' id='word_1_119' title='bbox 594 2066 647 2112; x_wconf 90' lang='lat' dir='ltr'><strong>in</strong></span> <span class='ocrx_word' id='word_1_120' title='bbox 675 2068 967 2131; x_wconf 70' lang='lat' dir='ltr'><strong>Cyrenaicos</strong></span> <span class='ocrx_word' id='word_1_121' title='bbox 982 2104 997 2128; x_wconf 93' lang='lat'><strong>,</strong></span> <span class='ocrx_word' id='word_1_122' title='bbox 1022 2068 1107 2131; x_wconf 85' lang='lat' dir='ltr'><strong>qui</strong></span> <span class='ocrx_word' id='word_1_123' title='bbox 1144 2069 1301 2117; x_wconf 88' lang='lat' dir='ltr'><strong>solum</strong></span> <span class='ocrx_word' id='word_1_124' title='bbox 1322 2105 1337 2129; x_wconf 90' lang='lat'><strong>,</strong></span> <span class='ocrx_word' id='word_1_125' title='bbox 1364 2080 1421 2118; x_wconf 90' lang='lat' dir='ltr'><strong>ut</strong></span> 
     </span>
     <span class='ocr_line' id='line_1_19' title="bbox 414 2145 1419 2209; baseline 0.006 -18"><span class='ocrx_word' id='word_1_126' title='bbox 414 2145 540 2192; x_wconf 81' lang='lat' dir='ltr'><strong>dixit</strong></span> <span class='ocrx_word' id='word_1_127' title='bbox 559 2180 574 2204; x_wconf 93' lang='lat'><strong>,</strong></span> <span class='ocrx_word' id='word_1_128' title='bbox 608 2158 792 2194; x_wconf 91' lang='lat' dir='ltr'><strong>motum</strong></span> <span class='ocrx_word' id='word_1_129' title='bbox 811 2148 946 2195; x_wconf 80' lang='lat' dir='ltr'><strong>illum</strong></span> <span class='ocrx_word' id='word_1_130' title='bbox 962 2149 1231 2209; x_wconf 78' lang='lat' dir='ltr'><strong>jucundum</strong></span> <span class='ocrx_word' id='word_1_131' title='bbox 1250 2158 1298 2197; x_wconf 85' lang='lat' dir='ltr'><strong>et</strong></span> <span class='ocrx_word' id='word_1_132' title='bbox 1308 2166 1419 2197; x_wconf 82' lang='lat' dir='ltr'><strong>sua-</strong></span> 
     </span>
     <span class='ocr_line' id='line_1_20' title="bbox 412 2222 1418 2289; baseline 0.005 -20"><span class='ocrx_word' id='word_1_133' title='bbox 412 2239 521 2270; x_wconf 81' lang='lat' dir='ltr'><strong>vem</strong></span> <span class='ocrx_word' id='word_1_134' title='bbox 553 2222 750 2271; x_wconf 88' lang='lat' dir='ltr'><strong>nomine</strong></span> <span class='ocrx_word' id='word_1_135' title='bbox 775 2224 1037 2289; x_wconf 80' lang='lat' dir='ltr'><strong>voluptatis</strong></span> <span class='ocrx_word' id='word_1_136' title='bbox 1073 2225 1418 2288; x_wconf 82' lang='lat' dir='ltr'><strong>intelligebant.</strong></span> 
     </span>
     <span class='ocr_line' id='line_1_21' title="bbox 412 2300 707 2347; baseline 0.003 -1"><span class='ocrx_word' id='word_1_137' title='bbox 412 2300 623 2347; x_wconf 74' lang='lat' dir='ltr'><strong>Monam</strong></span> <span class='ocrx_word' id='word_1_138' title='bbox 633 2317 707 2347; x_wconf 84' lang='lat' dir='ltr'><strong>us.</strong></span> 
     </span>
    </p>

    <p class='ocr_par' dir='ltr' id='par_1_7' title="bbox 368 2378 1421 3226">
     <span class='ocr_line' id='line_1_22' title="bbox 484 2378 1419 2440; baseline 0.002 -15"><span class='ocrx_word' id='word_1_139' title='bbox 484 2394 570 2428; x_wconf 77' lang='lat' dir='ltr'><strong>ao.</strong></span> <span class='ocrx_word' id='word_1_140' title='bbox 603 2378 759 2440; x_wconf 80' lang='lat' dir='ltr'><strong>Quasi</strong></span> <span class='ocrx_word' id='word_1_141' title='bbox 792 2378 1012 2428; x_wconf 72' lang='lat' dir='ltr'><strong>titillaret</strong></span> <span class='ocrx_word' id='word_1_142' title='bbox 1040 2415 1052 2426; x_wconf 93' lang='lat'><strong>.</strong></span> <span class='ocrx_word' id='word_1_143' title='bbox 1074 2415 1089 2428; x_wconf 89' lang='lat'><strong>.</strong></span> <span class='ocrx_word' id='word_1_144' title='bbox 1109 2415 1123 2429; x_wconf 91' lang='lat'><strong>.</strong></span> <span class='ocrx_word' id='word_1_145' title='bbox 1173 2390 1225 2427; x_wconf 80' lang='lat' dir='ltr'><strong>ut</strong></span> <span class='ocrx_word' id='word_1_146' title='bbox 1248 2378 1317 2426; x_wconf 83' lang='lat' dir='ltr'><strong>ita</strong></span> <span class='ocrx_word' id='word_1_147' title='bbox 1347 2378 1419 2427; x_wconf 82' lang='lat' dir='ltr'><strong>di·</strong></span> 
     </span>
     <span class='ocr_line' id='line_1_23' title="bbox 410 2456 1421 2528; baseline 0.007 -24"><span class='ocrx_word' id='word_1_148' title='bbox 410 2473 536 2504; x_wconf 80' lang='lat' dir='ltr'><strong>cam.</strong></span> <span class='ocrx_word' id='word_1_149' title='bbox 561 2456 722 2505; x_wconf 78' lang='lat' dir='ltr'><strong>Verba</strong></span> <span class='ocrx_word' id='word_1_150' title='bbox 736 2459 1010 2527; x_wconf 76' lang='grc' dir='ltr'>γαργαρὶζω</span> <span class='ocrx_word' id='word_1_151' title='bbox 1023 2469 1075 2510; x_wconf 87' lang='lat' dir='ltr'><strong>et</strong></span> <span class='ocrx_word' id='word_1_152' title='bbox 1090 2458 1421 2528; x_wconf 70' lang='grc' dir='ltr'><strong>γαργαρισμὸς</strong></span> 
     </span>
     <span class='ocr_line' id='line_1_24' title="bbox 408 2536 1416 2601; baseline 0.003 -20"><span class='ocrx_word' id='word_1_153' title='bbox 408 2546 522 2584; x_wconf 89' lang='lat' dir='ltr'><strong>sunt</strong></span> <span class='ocrx_word' id='word_1_154' title='bbox 550 2536 701 2599; x_wconf 88' lang='lat' dir='ltr'><strong>ipsius</strong></span> <span class='ocrx_word' id='word_1_155' title='bbox 718 2538 941 2601; x_wconf 83' lang='lat' dir='ltr'><strong>Epicuri;</strong></span> <span class='ocrx_word' id='word_1_156' title='bbox 968 2539 1031 2586; x_wconf 84' lang='lat' dir='ltr'><strong>cf.</strong></span> <span class='ocrx_word' id='word_1_157' title='bbox 1061 2540 1175 2587; x_wconf 85' lang='lat' dir='ltr'><strong>Nat.</strong></span> <span class='ocrx_word' id='word_1_158' title='bbox 1204 2539 1349 2586; x_wconf 91' lang='lat' dir='ltr'><strong>Deor.</strong></span> <span class='ocrx_word' id='word_1_159' title='bbox 1370 2540 1416 2598; x_wconf 92' lang='lat'><strong>1,</strong></span> 
     </span>
     <span class='ocr_line' id='line_1_25' title="bbox 410 2611 1417 2682; baseline 0.003 -21"><span class='ocrx_word' id='word_1_160' title='bbox 410 2620 503 2673; x_wconf 71' lang='lat'><strong>40,</strong></span> <span class='ocrx_word' id='word_1_161' title='bbox 534 2611 661 2664; x_wconf 85' lang='lat'>113:</span> <span class='ocrx_word' id='word_1_162' title='bbox 684 2637 709 2657; x_wconf 71' lang='grc' dir='ltr'><strong>α</strong></span> <span class='ocrx_word' id='word_1_163' title='bbox 734 2616 1010 2682; x_wconf 77' lang='lat' dir='ltr'><strong>voluptates</strong></span> <span class='ocrx_word' id='word_1_164' title='bbox 1028 2653 1043 2675; x_wconf 88' lang='lat'><strong>,</strong></span> <span class='ocrx_word' id='word_1_165' title='bbox 1079 2616 1256 2680; x_wconf 83' lang='lat' dir='ltr'><strong>quibus</strong></span> <span class='ocrx_word' id='word_1_166' title='bbox 1281 2617 1417 2680; x_wconf 85' lang='lat' dir='ltr'><strong>quasi</strong></span> 
     </span>
     <span class='ocr_line' id='line_1_26' title="bbox 411 2692 1416 2759; baseline 0.005 -20"><span class='ocrx_word' id='word_1_167' title='bbox 411 2692 664 2758; x_wconf 76' lang='lat' dir='ltr'><strong>titillatio(</strong></span> <span class='ocrx_word' id='word_1_168' title='bbox 689 2695 884 2759; x_wconf 88' lang='lat' dir='ltr'><strong>Epicuri</strong></span> <span class='ocrx_word' id='word_1_169' title='bbox 923 2697 1054 2744; x_wconf 89' lang='lat' dir='ltr'><strong>enim</strong></span> <span class='ocrx_word' id='word_1_170' title='bbox 1083 2696 1181 2744; x_wconf 87' lang='lat' dir='ltr'><strong>hoc</strong></span> <span class='ocrx_word' id='word_1_171' title='bbox 1215 2696 1416 2744; x_wconf 77' lang='lat' dir='ltr'><strong>verbum</strong></span> 
     </span>
     <span class='ocr_line' id='line_1_27' title="bbox 406 2771 1418 2837; baseline 0.004 -18"><span class='ocrx_word' id='word_1_172' title='bbox 406 2771 510 2837; x_wconf 81' lang='lat' dir='ltr'><strong>est)</strong></span> <span class='ocrx_word' id='word_1_173' title='bbox 530 2808 544 2831; x_wconf 97' lang='lat'><strong>,</strong></span> <span class='ocrx_word' id='word_1_174' title='bbox 573 2773 791 2821; x_wconf 85' lang='lat' dir='ltr'><strong>sensibus</strong></span> <span class='ocrx_word' id='word_1_175' title='bbox 814 2774 1072 2823; x_wconf 79' lang='lat' dir='ltr'><strong>adhibetur</strong></span> <span class='ocrx_word' id='word_1_176' title='bbox 1093 2795 1139 2824; x_wconf 73' lang='grc' dir='ltr'><strong>ι.</strong></span> <span class='ocrx_word' id='word_1_177' title='bbox 1160 2776 1322 2836; x_wconf 89' lang='lat' dir='ltr'><strong>Quum</strong></span> <span class='ocrx_word' id='word_1_178' title='bbox 1340 2791 1418 2823; x_wconf 84' lang='lat' dir='ltr'><strong>au·</strong></span> 
     </span>
     <span class='ocr_line' id='line_1_28' title="bbox 368 2852 1415 2902; baseline 0.002 -3"><span class='ocrx_word' id='word_1_179' title='bbox 368 2888 373 2899; x_wconf 81' lang='grc'>.</span> <span class='ocrx_word' id='word_1_180' title='bbox 407 2861 503 2898; x_wconf 87' lang='lat' dir='ltr'><strong>tem</strong></span> <span class='ocrx_word' id='word_1_181' title='bbox 516 2852 696 2899; x_wconf 79' lang='lat' dir='ltr'><strong>Latinis</strong></span> <span class='ocrx_word' id='word_1_182' title='bbox 723 2853 819 2901; x_wconf 85' lang='lat' dir='ltr'><strong>hoc</strong></span> <span class='ocrx_word' id='word_1_183' title='bbox 847 2865 1015 2902; x_wconf 88' lang='lat' dir='ltr'><strong>tenore</strong></span> <span class='ocrx_word' id='word_1_184' title='bbox 1033 2853 1232 2902; x_wconf 77' lang='lat' dir='ltr'><strong>verbum</strong></span> <span class='ocrx_word' id='word_1_185' title='bbox 1258 2854 1307 2901; x_wconf 91' lang='lat' dir='ltr'><strong>in</strong></span> <span class='ocrx_word' id='word_1_186' title='bbox 1327 2869 1415 2902; x_wconf 89' lang='lat' dir='ltr'><strong>usu</strong></span> 
     </span>
     <span class='ocr_line' id='line_1_29' title="bbox 406 2929 1417 2993; baseline 0.004 -18"><span class='ocrx_word' id='word_1_187' title='bbox 406 2944 509 2976; x_wconf 88' lang='lat' dir='ltr'><strong>non</strong></span> <span class='ocrx_word' id='word_1_188' title='bbox 535 2942 682 2989; x_wconf 85' lang='lat' dir='ltr'><strong>esset,</strong></span> <span class='ocrx_word' id='word_1_189' title='bbox 710 2929 896 2993; x_wconf 85' lang='lat' dir='ltr'><strong>duplici</strong></span> <span class='ocrx_word' id='word_1_190' title='bbox 921 2931 1220 2993; x_wconf 83' lang='lat' dir='ltr'><strong>mitigatione</strong></span> <span class='ocrx_word' id='word_1_191' title='bbox 1246 2942 1417 2979; x_wconf 83' lang='lat' dir='ltr'><strong>auctor</strong></span> 
     </span>
     <span class='ocr_line' id='line_1_30' title="bbox 406 3007 1416 3070; baseline 0.001 -16"><span class='ocrx_word' id='word_1_192' title='bbox 406 3023 521 3055; x_wconf 81' lang='lat' dir='ltr'><strong>usus</strong></span> <span class='ocrx_word' id='word_1_193' title='bbox 537 3019 696 3067; x_wconf 84' lang='lat' dir='ltr'><strong>est,ut</strong></span> <span class='ocrx_word' id='word_1_194' title='bbox 709 3009 856 3055; x_wconf 78' lang='lat' dir='ltr'><strong>alias·</strong></span> <span class='ocrx_word' id='word_1_195' title='bbox 871 3007 1416 3070; x_wconf 78' lang='lat' dir='ltr'><strong>qnasi,quodammodo··</strong></span> 
     </span>
     <span class='ocr_line' id='line_1_31' title="bbox 406 3082 1416 3149; baseline 0.001 -19"><span class='ocrx_word' id='word_1_196' title='bbox 406 3082 555 3145; x_wconf 89' lang='lat' dir='ltr'><strong>dicit,</strong></span> <span class='ocrx_word' id='word_1_197' title='bbox 591 3096 637 3133; x_wconf 89' lang='lat' dir='ltr'><strong>et</strong></span> <span class='ocrx_word' id='word_1_198' title='bbox 662 3085 723 3133; x_wconf 85' lang='lat' dir='ltr'><strong>ad</strong></span> <span class='ocrx_word' id='word_1_199' title='bbox 752 3085 1007 3134; x_wconf 83' lang='lat' dir='ltr'><strong>substantt.</strong></span> <span class='ocrx_word' id='word_1_200' title='bbox 1031 3107 1055 3126; x_wconf 74' lang='grc' dir='ltr'><strong>ει</strong></span> <span class='ocrx_word' id='word_1_201' title='bbox 1074 3086 1210 3147; x_wconf 86' lang='lat' dir='ltr'><strong>quasi</strong></span> <span class='ocrx_word' id='word_1_202' title='bbox 1226 3086 1416 3149; x_wconf 74' lang='lat' dir='ltr'><strong>praesti-</strong></span> 
     </span>
     <span class='ocr_line' id='line_1_32' title="bbox 403 3162 1419 3226; baseline 0.001 -17"><span class='ocrx_word' id='word_1_203' title='bbox 403 3162 496 3225; x_wconf 79' lang='lat' dir='ltr'><strong>giis</strong></span> <span class='ocrx_word' id='word_1_204' title='bbox 520 3162 807 3226; x_wconf 84' lang='lat' dir='ltr'><strong>quibusdam</strong></span> <span class='ocrx_word' id='word_1_205' title='bbox 823 3199 837 3222; x_wconf 96' lang='lat'><strong>,</strong></span> <span class='ocrx_word' id='word_1_206' title='bbox 860 3172 952 3211; x_wconf 90' lang='lat' dir='ltr'><strong>etc.</strong></span> <span class='ocrx_word' id='word_1_207' title='bbox 971 3183 996 3204; x_wconf 79' lang='grc' dir='ltr'><strong>ι·</strong></span> <span class='ocrx_word' id='word_1_208' title='bbox 1014 3162 1200 3211; x_wconf 82' lang='lat' dir='ltr'><strong>Acadd.</strong></span> <span class='ocrx_word' id='word_1_209' title='bbox 1222 3165 1295 3220; x_wconf 91' lang='lat'><strong>11,</strong></span> <span class='ocrx_word' id='word_1_210' title='bbox 1325 3171 1385 3218; x_wconf 77' lang='lat'><strong>¹4</strong></span> <span class='ocrx_word' id='word_1_211' title='bbox 1404 3197 1419 3221; x_wconf 93' lang='lat'>‚</span> 
     </span>
    </p>

    <p class='ocr_par' dir='ltr' id='par_1_8' title="bbox 399 3314 1419 4170">
     <span class='ocr_line' id='line_1_33' title="bbox 477 3314 1419 3385; baseline 0 -18"><span class='ocrx_word' id='word_1_212' title='bbox 477 3332 562 3367; x_wconf 78' lang='lat'><strong>21.</strong></span> <span class='ocrx_word' id='word_1_213' title='bbox 591 3317 680 3367; x_wconf 78' lang='lat' dir='ltr'><strong>Ad</strong></span> <span class='ocrx_word' id='word_1_214' title='bbox 709 3333 790 3366; x_wconf 82' lang='lat' dir='ltr'><strong>eos</strong></span> <span class='ocrx_word' id='word_1_215' title='bbox 821 3354 834 3367; x_wconf 93' lang='lat'><strong>.</strong></span> <span class='ocrx_word' id='word_1_216' title='bbox 855 3350 869 3365; x_wconf 87' lang='lat'><strong>.</strong></span> <span class='ocrx_word' id='word_1_217' title='bbox 891 3351 903 3363; x_wconf 95' lang='lat'><strong>.</strong></span> <span class='ocrx_word' id='word_1_218' title='bbox 939 3314 1164 3385; x_wconf 73' lang='lat' dir='ltr'><strong>affluent</strong></span> <span class='ocrx_word' id='word_1_219' title='bbox 1184 3329 1234 3365; x_wconf 88' lang='lat' dir='ltr'><strong>et</strong></span> <span class='ocrx_word' id='word_1_220' title='bbox 1251 3318 1419 3367; x_wconf 81' lang='lat' dir='ltr'><strong>illabe-</strong></span> 
     </span>
     <span class='ocr_line' id='line_1_34' title="bbox 406 3396 1414 3457; baseline 0.003 -15"><span class='ocrx_word' id='word_1_221' title='bbox 406 3407 558 3447; x_wconf 80' lang='lat' dir='ltr'><strong>retur.</strong></span> <span class='ocrx_word' id='word_1_222' title='bbox 614 3398 778 3446; x_wconf 83' lang='lat' dir='ltr'><strong>Davis.</strong></span> <span class='ocrx_word' id='word_1_223' title='bbox 834 3396 1036 3457; x_wconf 80' lang='lat' dir='ltr'><strong>conjicit</strong></span> <span class='ocrx_word' id='word_1_224' title='bbox 1085 3396 1380 3444; x_wconf 77' lang='lat' dir='ltr'><strong>allaberetur</strong></span> <span class='ocrx_word' id='word_1_225' title='bbox 1395 3414 1414 3445; x_wconf 93' lang='grc'><strong>.·</strong></span> 
     </span>
     <span class='ocr_line' id='line_1_35' title="bbox 403 3475 1415 3541; baseline -0.001 -16"><span class='ocrx_word' id='word_1_226' title='bbox 403 3477 536 3540; x_wconf 89' lang='lat' dir='ltr'><strong>quod</strong></span> <span class='ocrx_word' id='word_1_227' title='bbox 563 3478 679 3525; x_wconf 79' lang='lat' dir='ltr'><strong>Ern-</strong></span> <span class='ocrx_word' id='word_1_228' title='bbox 705 3475 896 3534; x_wconf 79' lang='lat' dir='ltr'><strong>laudat3</strong></span> <span class='ocrx_word' id='word_1_229' title='bbox 921 3493 1012 3540; x_wconf 83' lang='lat' dir='ltr'><strong>ego</strong></span> <span class='ocrx_word' id='word_1_230' title='bbox 1039 3486 1207 3524; x_wconf 88' lang='lat' dir='ltr'><strong>contra</strong></span> <span class='ocrx_word' id='word_1_231' title='bbox 1224 3476 1415 3541; x_wconf 81' lang='lat' dir='ltr'><strong>vitupe-</strong></span> 
     </span>
     <span class='ocr_line' id='line_1_36' title="bbox 402 3553 1412 3617; baseline -0.002 -13"><span class='ocrx_word' id='word_1_232' title='bbox 402 3555 604 3604; x_wconf 84' lang='lat' dir='ltr'><strong>randum</strong></span> <span class='ocrx_word' id='word_1_233' title='bbox 619 3555 808 3617; x_wconf 73' lang='lat' dir='ltr'><strong>iudico.</strong></span> <span class='ocrx_word' id='word_1_234' title='bbox 839 3554 967 3602; x_wconf 83' lang='lat' dir='ltr'><strong>Nam</strong></span> <span class='ocrx_word' id='word_1_235' title='bbox 998 3553 1281 3602; x_wconf 78' lang='lat' dir='ltr'><strong>illaberetur</strong></span> <span class='ocrx_word' id='word_1_236' title='bbox 1306 3566 1377 3602; x_wconf 84' lang='lat' dir='ltr'><strong>eat</strong></span> <span class='ocrx_word' id='word_1_237' title='bbox 1395 3591 1412 3616; x_wconf 88' lang='lat'><strong>,</strong></span> 
     </span>
     <span class='ocr_line' id='line_1_37' title="bbox 399 3632 1411 3697; baseline -0.001 -15"><span class='ocrx_word' id='word_1_238' title='bbox 399 3651 452 3682; x_wconf 80' lang='lat' dir='ltr'><strong>se</strong></span> <span class='ocrx_word' id='word_1_239' title='bbox 475 3634 768 3694; x_wconf 72' lang='lat' dir='ltr'><strong>insinuaret,</strong></span> <span class='ocrx_word' id='word_1_240' title='bbox 807 3644 864 3681; x_wconf 90' lang='lat' dir='ltr'><strong>ut</strong></span> <span class='ocrx_word' id='word_1_241' title='bbox 899 3644 946 3683; x_wconf 77' lang='lat' dir='ltr'><strong>ee</strong></span> <span class='ocrx_word' id='word_1_242' title='bbox 978 3648 1070 3696; x_wconf 89' lang='lat' dir='ltr'><strong>pro</strong></span> <span class='ocrx_word' id='word_1_243' title='bbox 1095 3643 1144 3680; x_wconf 85' lang='lat' dir='ltr'><strong>et</strong></span> <span class='ocrx_word' id='word_1_244' title='bbox 1168 3632 1240 3680; x_wconf 85' lang='lat' dir='ltr'><strong>ita</strong></span> <span class='ocrx_word' id='word_1_245' title='bbox 1265 3635 1411 3697; x_wconf 87' lang='lat' dir='ltr'><strong>poni·</strong></span> 
     </span>
     <span class='ocr_line' id='line_1_38' title="bbox 403 3713 1411 3779; baseline -0.001 -18"><span class='ocrx_word' id='word_1_246' title='bbox 403 3722 493 3761; x_wconf 88' lang='lat' dir='ltr'><strong>tur.</strong></span> <span class='ocrx_word' id='word_1_247' title='bbox 522 3713 649 3762; x_wconf 83' lang='lat' dir='ltr'><strong>Vide</strong></span> <span class='ocrx_word' id='word_1_248' title='bbox 679 3729 821 3779; x_wconf 88' lang='lat' dir='ltr'><strong>supra</strong></span> <span class='ocrx_word' id='word_1_249' title='bbox 845 3713 876 3759; x_wconf 87' lang='lat'>6</span> <span class='ocrx_word' id='word_1_250' title='bbox 897 3748 912 3772; x_wconf 91' lang='lat'><strong>,</strong></span> <span class='ocrx_word' id='word_1_251' title='bbox 960 3718 1041 3768; x_wconf 68' lang='lat'><strong>24.</strong></span> <span class='ocrx_word' id='word_1_252' title='bbox 1064 3713 1227 3774; x_wconf 83' lang='lat' dir='ltr'><strong>Quem</strong></span> <span class='ocrx_word' id='word_1_253' title='bbox 1250 3723 1411 3760; x_wconf 88' lang='lat' dir='ltr'><strong>autem</strong></span> 
     </span>
     <span class='ocr_line' id='line_1_39' title="bbox 399 3790 1412 3855; baseline 0 -16"><span class='ocrx_word' id='word_1_254' title='bbox 399 3792 524 3855; x_wconf 78' lang='lat' dir='ltr'><strong>fugit</strong></span> <span class='ocrx_word' id='word_1_255' title='bbox 548 3790 701 3855; x_wconf 82' lang='lat' dir='ltr'><strong>figura</strong></span> <span class='ocrx_word' id='word_1_256' title='bbox 721 3792 800 3839; x_wconf 91' lang='lat' dir='ltr'><strong>illa</strong></span> <span class='ocrx_word' id='word_1_257' title='bbox 817 3827 831 3851; x_wconf 91' lang='lat'>‚</span> <span class='ocrx_word' id='word_1_258' title='bbox 855 3792 1061 3854; x_wconf 81' lang='lat' dir='ltr'><strong>Zeugma</strong></span> <span class='ocrx_word' id='word_1_259' title='bbox 1080 3790 1412 3839; x_wconf 70' lang='lat' dir='ltr'><strong>Grammaticis</strong></span> 
     </span>
     <span class='ocr_line' id='line_1_40' title="bbox 400 3865 1407 3933; baseline -0.001 -17"><span class='ocrx_word' id='word_1_260' title='bbox 400 3865 564 3917; x_wconf 76' lang='lat' dir='ltr'><strong>dIcta?</strong></span> <span class='ocrx_word' id='word_1_261' title='bbox 587 3870 842 3918; x_wconf 82' lang='lat' dir='ltr'><strong>Debuisaet</strong></span> <span class='ocrx_word' id='word_1_262' title='bbox 861 3870 1059 3933; x_wconf 82' lang='lat' dir='ltr'><strong>proprie</strong></span> <span class='ocrx_word' id='word_1_263' title='bbox 1081 3879 1131 3915; x_wconf 90' lang='lat' dir='ltr'><strong>et</strong></span> <span class='ocrx_word' id='word_1_264' title='bbox 1160 3868 1211 3916; x_wconf 80' lang='lat' dir='ltr'><strong>in</strong></span> <span class='ocrx_word' id='word_1_265' title='bbox 1237 3882 1317 3915; x_wconf 77' lang='lat' dir='ltr'><strong>eos</strong></span> <span class='ocrx_word' id='word_1_266' title='bbox 1337 3868 1407 3918; x_wconf 81' lang='lat' dir='ltr'><strong>ill.</strong></span> 
     </span>
     <span class='ocr_line' id='line_1_41' title="bbox 400 3946 1408 4012; baseline 0.001 -18"><span class='ocrx_word' id='word_1_267' title='bbox 400 3947 572 4007; x_wconf 87' lang='lat' dir='ltr'><strong>scribi,</strong></span> <span class='ocrx_word' id='word_1_268' title='bbox 590 3948 674 3996; x_wconf 88' lang='lat' dir='ltr'><strong>sed</strong></span> <span class='ocrx_word' id='word_1_269' title='bbox 693 3946 945 4012; x_wconf 71' lang='lat' dir='ltr'><strong>respuebat</strong></span> <span class='ocrx_word' id='word_1_270' title='bbox 952 3958 1124 3996; x_wconf 85' lang='lat' dir='ltr'><strong>auctor</strong></span> <span class='ocrx_word' id='word_1_271' title='bbox 1138 3963 1408 4012; x_wconf 85' lang='lat' dir='ltr'><strong>pronomen</strong></span> 
     </span>
     <span class='ocr_line' id='line_1_42' title="bbox 400 4027 1409 4088; baseline 0.001 -14"><span class='ocrx_word' id='word_1_272' title='bbox 400 4027 674 4088; x_wconf 75' lang='lat' dir='ltr'><strong>repetitum.</strong></span> <span class='ocrx_word' id='word_1_273' title='bbox 705 4027 852 4075; x_wconf 84' lang='lat' dir='ltr'><strong>Haud</strong></span> <span class='ocrx_word' id='word_1_274' title='bbox 885 4027 952 4074; x_wconf 86' lang='lat' dir='ltr'><strong>ita</strong></span> <span class='ocrx_word' id='word_1_275' title='bbox 986 4042 1096 4073; x_wconf 87' lang='lat' dir='ltr'><strong>raro</strong></span> <span class='ocrx_word' id='word_1_276' title='bbox 1118 4027 1189 4074; x_wconf 86' lang='lat' dir='ltr'><strong>sic</strong></span> <span class='ocrx_word' id='word_1_277' title='bbox 1213 4027 1293 4075; x_wconf 81' lang='lat' dir='ltr'><strong>vel</strong></span> <span class='ocrx_word' id='word_1_278' title='bbox 1323 4043 1409 4075; x_wconf 87' lang='lat' dir='ltr'><strong>co-</strong></span> 
     </span>
     <span class='ocr_line' id='line_1_43' title="bbox 401 4099 1407 4170; baseline 0.007 -22"><span class='ocrx_word' id='word_1_279' title='bbox 401 4103 552 4152; x_wconf 81' lang='lat' dir='ltr'><strong>actius</strong></span> <span class='ocrx_word' id='word_1_280' title='bbox 570 4122 711 4170; x_wconf 88' lang='lat' dir='ltr'><strong>pron.</strong></span> <span class='ocrx_word' id='word_1_281' title='bbox 733 4106 773 4154; x_wconf 78' lang='lat' dir='ltr'><strong>is</strong></span> <span class='ocrx_word' id='word_1_282' title='bbox 793 4099 938 4164; x_wconf 72' lang='lat' dir='ltr'><strong>aliiici</strong></span> <span class='ocrx_word' id='word_1_283' title='bbox 956 4105 1106 4154; x_wconf 79' lang='lat' dir='ltr'><strong>vides.</strong></span> <span class='ocrx_word' id='word_1_284' title='bbox 1136 4106 1266 4153; x_wconf 87' lang='lat' dir='ltr'><strong>Infra</strong></span> <span class='ocrx_word' id='word_1_285' title='bbox 1301 4106 1407 4155; x_wconf 83' lang='lat' dir='ltr'><strong>Fin.</strong></span> 
     </span>
    </p>
   </div>
   <div class='ocr_carea' id='block_1_7' title="bbox 1499 1515 2526 3389">
    <p class='ocr_par' dir='ltr' id='par_1_9' title="bbox 1505 1515 2526 2190">
     <span class='ocr_line' id='line_1_44' title="bbox 1510 1515 2525 1586; baseline 0.014 -25"><span class='ocrx_word' id='word_1_286' title='bbox 1510 1515 1697 1574; x_wconf 77' lang='lat'>111‚2‚</span> <span class='ocrx_word' id='word_1_287' title='bbox 1735 1516 1851 1564; x_wconf 65' lang='grc'><strong>63·-</strong></span> <span class='ocrx_word' id='word_1_288' title='bbox 1875 1529 2107 1581; x_wconf 84' lang='lat' dir='ltr'><strong>nequent</strong></span> <span class='ocrx_word' id='word_1_289' title='bbox 2131 1534 2185 1568; x_wconf 84' lang='lat' dir='ltr'><strong>ea</strong></span> <span class='ocrx_word' id='word_1_290' title='bbox 2218 1538 2525 1586; x_wconf 82' lang='lat' dir='ltr'><strong>cognoscas,</strong></span> 
     </span>
     <span class='ocr_line' id='line_1_45' title="bbox 1510 1592 2526 1657; baseline 0.016 -20"><span class='ocrx_word' id='word_1_291' title='bbox 1510 1608 1621 1654; x_wconf 75' lang='lat' dir='ltr'><strong>quae</strong></span> <span class='ocrx_word' id='word_1_292' title='bbox 1639 1592 1728 1640; x_wconf 85' lang='lat' dir='ltr'><strong>tibi</strong></span> <span class='ocrx_word' id='word_1_293' title='bbox 1751 1594 1996 1642; x_wconf 82' lang='lat' dir='ltr'><strong>notissima</strong></span> <span class='ocrx_word' id='word_1_294' title='bbox 2016 1609 2158 1657; x_wconf 87' lang='lat' dir='ltr'><strong>snut,</strong></span> <span class='ocrx_word' id='word_1_295' title='bbox 2184 1599 2247 1647; x_wconf 88' lang='lat' dir='ltr'><strong>ad</strong></span> <span class='ocrx_word' id='word_1_296' title='bbox 2268 1611 2315 1648; x_wconf 88' lang='lat' dir='ltr'><strong>te</strong></span> <span class='ocrx_word' id='word_1_297' title='bbox 2349 1604 2526 1654; x_wconf 75' lang='lat' dir='ltr'><strong>mitto-</strong></span> 
     </span>
     <span class='ocr_line' id='line_1_46' title="bbox 1510 1667 2524 1744; baseline 0.017 -30"><span class='ocrx_word' id='word_1_298' title='bbox 1510 1667 1617 1731; x_wconf 71' lang='grc' dir='ltr'><strong>(σε.</strong></span> <span class='ocrx_word' id='word_1_299' title='bbox 1646 1668 1761 1733; x_wconf 82' lang='lat' dir='ltr'><strong>ea.)</strong></span> <span class='ocrx_word' id='word_1_300' title='bbox 1788 1671 1931 1720; x_wconf 72' lang='lat' dir='ltr'><strong>Addo</strong></span> <span class='ocrx_word' id='word_1_301' title='bbox 1962 1674 2097 1736; x_wconf 86' lang='lat' dir='ltr'><strong>qnod</strong></span> <span class='ocrx_word' id='word_1_302' title='bbox 2134 1674 2333 1726; x_wconf 73' lang='lat' dir='ltr'><strong>taediose</strong></span> <span class='ocrx_word' id='word_1_303' title='bbox 2358 1697 2524 1744; x_wconf 85' lang='lat' dir='ltr'><strong>super·</strong></span> 
     </span>
     <span class='ocr_line' id='line_1_47' title="bbox 1510 1744 2524 1823; baseline 0.017 -31"><span class='ocrx_word' id='word_1_304' title='bbox 1510 1744 1660 1794; x_wconf 87' lang='lat' dir='ltr'><strong>fluum</strong></span> <span class='ocrx_word' id='word_1_305' title='bbox 1683 1747 1805 1796; x_wconf 84' lang='lat' dir='ltr'><strong>foret</strong></span> <span class='ocrx_word' id='word_1_306' title='bbox 1836 1749 2152 1811; x_wconf 78' lang='lat' dir='ltr'><strong>allaberetur,</strong></span> <span class='ocrx_word' id='word_1_307' title='bbox 2194 1771 2343 1817; x_wconf 88' lang='lat' dir='ltr'><strong>quum</strong></span> <span class='ocrx_word' id='word_1_308' title='bbox 2380 1760 2524 1823; x_wconf 86' lang='lat' dir='ltr'><strong>plane</strong></span> 
     </span>
     <span class='ocr_line' id='line_1_48' title="bbox 1509 1826 2521 1901; baseline 0.015 -29"><span class='ocrx_word' id='word_1_309' title='bbox 1509 1840 1611 1874; x_wconf 90' lang='lat' dir='ltr'><strong>non</strong></span> <span class='ocrx_word' id='word_1_310' title='bbox 1631 1826 1879 1890; x_wconf 72' lang='lat' dir='ltr'><strong>dispicias,</strong></span> <span class='ocrx_word' id='word_1_311' title='bbox 1905 1830 2028 1892; x_wconf 83' lang='lat' dir='ltr'><strong>quid</strong></span> <span class='ocrx_word' id='word_1_312' title='bbox 2062 1831 2159 1879; x_wconf 87' lang='lat' dir='ltr'><strong>hoc</strong></span> <span class='ocrx_word' id='word_1_313' title='bbox 2186 1833 2298 1883; x_wconf 89' lang='lat' dir='ltr'><strong>loco</strong></span> <span class='ocrx_word' id='word_1_314' title='bbox 2337 1835 2521 1901; x_wconf 80' lang='lat' dir='ltr'><strong>duplex</strong></span> 
     </span>
     <span class='ocr_line' id='line_1_49' title="bbox 1507 1902 2522 1966; baseline 0.017 -17"><span class='ocrx_word' id='word_1_315' title='bbox 1507 1902 1638 1951; x_wconf 87' lang='lat' dir='ltr'><strong>idem</strong></span> <span class='ocrx_word' id='word_1_316' title='bbox 1682 1916 1859 1954; x_wconf 86' lang='lat' dir='ltr'><strong>notans</strong></span> <span class='ocrx_word' id='word_1_317' title='bbox 1898 1908 2098 1956; x_wconf 83' lang='lat' dir='ltr'><strong>verbum</strong></span> <span class='ocrx_word' id='word_1_318' title='bbox 2141 1912 2274 1961; x_wconf 85' lang='lat' dir='ltr'><strong>velit.</strong></span> <span class='ocrx_word' id='word_1_319' title='bbox 2319 1915 2444 1964; x_wconf 88' lang='lat' dir='ltr'><strong>Nam</strong></span> <span class='ocrx_word' id='word_1_320' title='bbox 2479 1918 2522 1966; x_wconf 88' lang='lat' dir='ltr'><strong>si</strong></span> 
     </span>
     <span class='ocr_line' id='line_1_50' title="bbox 1506 1981 2522 2058; baseline 0.015 -30"><span class='ocrx_word' id='word_1_321' title='bbox 1506 1981 1744 2041; x_wconf 83' lang='lat' dir='ltr'><strong>ejusmodi</strong></span> <span class='ocrx_word' id='word_1_322' title='bbox 1762 2000 2035 2050; x_wconf 77' lang='lat' dir='ltr'><strong>synonyma</strong></span> <span class='ocrx_word' id='word_1_323' title='bbox 2049 2002 2315 2051; x_wconf 87' lang='lat' dir='ltr'><strong>ponuntur,</strong></span> <span class='ocrx_word' id='word_1_324' title='bbox 2327 1992 2522 2058; x_wconf 87' lang='lat' dir='ltr'><strong>ubique,</strong></span> 
     </span>
     <span class='ocr_line' id='line_1_51' title="bbox 1506 2063 2519 2133; baseline 0.016 -28"><span class='ocrx_word' id='word_1_325' title='bbox 1506 2074 1594 2106; x_wconf 86' lang='lat' dir='ltr'><strong>cur</strong></span> <span class='ocrx_word' id='word_1_326' title='bbox 1615 2072 1883 2123; x_wconf 89' lang='lat' dir='ltr'><strong>ponantur,</strong></span> <span class='ocrx_word' id='word_1_327' title='bbox 1904 2063 2191 2129; x_wconf 79' lang='lat' dir='ltr'><strong>intelligitur</strong></span> <span class='ocrx_word' id='word_1_328' title='bbox 2216 2084 2230 2116; x_wconf 72' lang='grc' dir='ltr'><strong><em>ε</em></strong></span> <span class='ocrx_word' id='word_1_329' title='bbox 2259 2071 2394 2133; x_wconf 87' lang='lat' dir='ltr'><strong>quod</strong></span> <span class='ocrx_word' id='word_1_330' title='bbox 2422 2073 2519 2121; x_wconf 87' lang='lat' dir='ltr'><strong>hoc</strong></span> 
     </span>
     <span class='ocr_line' id='line_1_52' title="bbox 1505 2136 2029 2190; baseline 0.013 -7"><span class='ocrx_word' id='word_1_331' title='bbox 1505 2136 1621 2185; x_wconf 89' lang='lat' dir='ltr'><strong>loco</strong></span> <span class='ocrx_word' id='word_1_332' title='bbox 1644 2154 1783 2186; x_wconf 82' lang='lat' dir='ltr'><strong>secus</strong></span> <span class='ocrx_word' id='word_1_333' title='bbox 1803 2141 1946 2190; x_wconf 78' lang='lat' dir='ltr'><strong>foret.</strong></span> <span class='ocrx_word' id='word_1_334' title='bbox 1969 2142 2029 2189; x_wconf 87' lang='lat' dir='ltr'><strong>G.</strong></span> 
     </span>
    </p>

    <p class='ocr_par' dir='ltr' id='par_1_10' title="bbox 1499 2217 2519 3389">
     <span class='ocr_line' id='line_1_53' title="bbox 1578 2217 2519 2292; baseline 0.018 -32"><span class='ocrx_word' id='word_1_335' title='bbox 1578 2230 1665 2264; x_wconf 68' lang='grc' dir='ltr'><strong>αα.</strong></span> <span class='ocrx_word' id='word_1_336' title='bbox 1690 2217 1795 2264; x_wconf 87' lang='lat' dir='ltr'><strong>Nee</strong></span> <span class='ocrx_word' id='word_1_337' title='bbox 1817 2234 1988 2266; x_wconf 81' lang='lat' dir='ltr'><strong>manus</strong></span> <span class='ocrx_word' id='word_1_338' title='bbox 2012 2236 2115 2270; x_wconf 80' lang='lat' dir='ltr'><strong>esse</strong></span> <span class='ocrx_word' id='word_1_339' title='bbox 2147 2236 2372 2274; x_wconf 74' lang='lat' dir='ltr'><strong>contenta</strong></span> <span class='ocrx_word' id='word_1_340' title='bbox 2401 2246 2519 2292; x_wconf 81' lang='lat' dir='ltr'><strong>pos·</strong></span> 
     </span>
     <span class='ocr_line' id='line_1_54' title="bbox 1503 2293 2517 2356; baseline 0.02 -19"><span class='ocrx_word' id='word_1_341' title='bbox 1503 2303 1576 2339; x_wconf 81' lang='lat' dir='ltr'><strong>set</strong></span> <span class='ocrx_word' id='word_1_342' title='bbox 1630 2293 1733 2341; x_wconf 78' lang='lat' dir='ltr'><strong>ulla</strong></span> <span class='ocrx_word' id='word_1_343' title='bbox 1785 2296 2034 2345; x_wconf 74' lang='lat' dir='ltr'><strong>vacuitate</strong></span> <span class='ocrx_word' id='word_1_344' title='bbox 2068 2300 2269 2351; x_wconf 76' lang='lat' dir='ltr'><strong>doloris.</strong></span> <span class='ocrx_word' id='word_1_345' title='bbox 2314 2306 2413 2354; x_wconf 87' lang='lat' dir='ltr'><strong>Pal.</strong></span> <span class='ocrx_word' id='word_1_346' title='bbox 2447 2325 2468 2356; x_wconf 87' lang='lat'>1</span> <span class='ocrx_word' id='word_1_347' title='bbox 2503 2323 2517 2355; x_wconf 88' lang='lat'>:</span> 
     </span>
     <span class='ocr_line' id='line_1_55' title="bbox 1508 2375 2511 2441; baseline 0.016 -26"><span class='ocrx_word' id='word_1_348' title='bbox 1508 2389 1530 2410; x_wconf 80' lang='grc' dir='ltr'>ι</span> <span class='ocrx_word' id='word_1_349' title='bbox 1551 2381 1714 2433; x_wconf 88' lang='lat' dir='ltr'><strong>posset</strong></span> <span class='ocrx_word' id='word_1_350' title='bbox 1761 2388 1849 2420; x_wconf 90' lang='lat' dir='ltr'><strong>nec</strong></span> <span class='ocrx_word' id='word_1_351' title='bbox 1887 2375 1983 2423; x_wconf 90' lang='lat' dir='ltr'><strong>nlla</strong></span> <span class='ocrx_word' id='word_1_352' title='bbox 2015 2394 2106 2441; x_wconf 90' lang='lat' dir='ltr'><strong>par</strong></span> <span class='ocrx_word' id='word_1_353' title='bbox 2141 2383 2317 2431; x_wconf 80' lang='lat' dir='ltr'><strong>vacuit.</strong></span> <span class='ocrx_word' id='word_1_354' title='bbox 2354 2384 2454 2434; x_wconf 83' lang='lat' dir='ltr'><strong>dol.</strong></span> <span class='ocrx_word' id='word_1_355' title='bbox 2489 2409 2511 2431; x_wconf 69' lang='lat' dir='ltr'><strong>a</strong></span> 
     </span>
     <span class='ocr_line' id='line_1_56' title="bbox 1503 2449 2509 2531; baseline 0.02 -36"><span class='ocrx_word' id='word_1_356' title='bbox 1503 2449 1602 2497; x_wconf 85' lang='lat' dir='ltr'><strong>Erl.</strong></span> <span class='ocrx_word' id='word_1_357' title='bbox 1642 2470 1670 2490; x_wconf 68' lang='lat' dir='ltr'>a</span> <span class='ocrx_word' id='word_1_358' title='bbox 1705 2463 1869 2514; x_wconf 86' lang='lat' dir='ltr'><strong>posset</strong></span> <span class='ocrx_word' id='word_1_359' title='bbox 1895 2465 1951 2503; x_wconf 90' lang='lat' dir='ltr'><strong>ut</strong></span> <span class='ocrx_word' id='word_1_360' title='bbox 1974 2454 2070 2503; x_wconf 90' lang='lat' dir='ltr'><strong>ulla</strong></span> <span class='ocrx_word' id='word_1_361' title='bbox 2090 2479 2130 2503; x_wconf 70' lang='grc' dir='ltr'><strong>ι.</strong></span> <span class='ocrx_word' id='word_1_362' title='bbox 2153 2460 2291 2511; x_wconf 84' lang='lat' dir='ltr'><strong>Gud.</strong></span> <span class='ocrx_word' id='word_1_363' title='bbox 2316 2478 2344 2510; x_wconf 79' lang='lat' dir='ltr'><strong>a</strong></span> <span class='ocrx_word' id='word_1_364' title='bbox 2370 2478 2385 2512; x_wconf 87' lang='lat'>:</span> <span class='ocrx_word' id='word_1_365' title='bbox 2413 2486 2437 2507; x_wconf 75' lang='grc' dir='ltr'><strong>ιι</strong></span> <span class='ocrx_word' id='word_1_366' title='bbox 2459 2483 2509 2531; x_wconf 88' lang='lat' dir='ltr'><strong>p.</strong></span> 
     </span>
     <span class='ocr_line' id='line_1_57' title="bbox 1503 2526 2515 2601; baseline 0.015 -27"><span class='ocrx_word' id='word_1_367' title='bbox 1503 2526 1584 2575; x_wconf 89' lang='lat' dir='ltr'><strong>illa</strong></span> <span class='ocrx_word' id='word_1_368' title='bbox 1607 2550 1649 2576; x_wconf 74' lang='lat' dir='ltr'><strong>a».</strong></span> <span class='ocrx_word' id='word_1_369' title='bbox 1677 2530 1784 2578; x_wconf 84' lang='lat' dir='ltr'><strong>Bas.</strong></span> <span class='ocrx_word' id='word_1_370' title='bbox 1809 2552 1834 2572; x_wconf 71' lang='grc' dir='ltr'><strong>α</strong></span> <span class='ocrx_word' id='word_1_371' title='bbox 1858 2547 1909 2595; x_wconf 91' lang='lat' dir='ltr'><strong>p.</strong></span> <span class='ocrx_word' id='word_1_372' title='bbox 1944 2549 2006 2580; x_wconf 89' lang='lat' dir='ltr'><strong>ne</strong></span> <span class='ocrx_word' id='word_1_373' title='bbox 2034 2534 2128 2582; x_wconf 89' lang='lat' dir='ltr'><strong>ulla</strong></span> <span class='ocrx_word' id='word_1_374' title='bbox 2159 2542 2397 2601; x_wconf 81' lang='lat' dir='ltr'><strong>parvitate</strong></span> <span class='ocrx_word' id='word_1_375' title='bbox 2416 2544 2465 2593; x_wconf 84' lang='lat' dir='ltr'><strong>d.</strong></span> <span class='ocrx_word' id='word_1_376' title='bbox 2494 2566 2515 2589; x_wconf 75' lang='grc' dir='ltr'>ι</span> 
     </span>
     <span class='ocr_line' id='line_1_58' title="bbox 1502 2606 2517 2683; baseline 0.02 -31"><span class='ocrx_word' id='word_1_377' title='bbox 1502 2606 1747 2655; x_wconf 79' lang='lat' dir='ltr'><strong>Videntur</strong></span> <span class='ocrx_word' id='word_1_378' title='bbox 1780 2608 1870 2656; x_wconf 86' lang='lat' dir='ltr'><strong>ista</strong></span> <span class='ocrx_word' id='word_1_379' title='bbox 1900 2612 2062 2660; x_wconf 85' lang='lat' dir='ltr'><strong>omnia</strong></span> <span class='ocrx_word' id='word_1_380' title='bbox 2089 2631 2148 2663; x_wconf 85' lang='lat' dir='ltr'><strong>ex</strong></span> <span class='ocrx_word' id='word_1_381' title='bbox 2177 2633 2237 2665; x_wconf 87' lang='lat' dir='ltr'><strong>eo</strong></span> <span class='ocrx_word' id='word_1_382' title='bbox 2264 2622 2480 2682; x_wconf 85' lang='lat' dir='ltr'><strong>profecta</strong></span> <span class='ocrx_word' id='word_1_383' title='bbox 2500 2658 2517 2683; x_wconf 92' lang='lat'><strong><em>‚</em></strong></span> 
     </span>
     <span class='ocr_line' id='line_1_59' title="bbox 1502 2686 2518 2763; baseline 0.02 -33"><span class='ocrx_word' id='word_1_384' title='bbox 1502 2686 1639 2748; x_wconf 85' lang='lat' dir='ltr'><strong>quod</strong></span> <span class='ocrx_word' id='word_1_385' title='bbox 1665 2686 1836 2735; x_wconf 72' lang='lat' dir='ltr'><strong>scribae</strong></span> <span class='ocrx_word' id='word_1_386' title='bbox 1861 2689 1913 2735; x_wconf 91' lang='lat' dir='ltr'><strong>in</strong></span> <span class='ocrx_word' id='word_1_387' title='bbox 1940 2691 2042 2739; x_wconf 79' lang='lat' dir='ltr'><strong>ulla</strong></span> <span class='ocrx_word' id='word_1_388' title='bbox 2069 2691 2330 2757; x_wconf 68' lang='lat' dir='ltr'><strong>haererent,</strong></span> <span class='ocrx_word' id='word_1_389' title='bbox 2367 2716 2518 2763; x_wconf 88' lang='lat' dir='ltr'><strong>quum</strong></span> 
     </span>
     <span class='ocr_line' id='line_1_60' title="bbox 1501 2762 2517 2827; baseline 0.018 -18"><span class='ocrx_word' id='word_1_390' title='bbox 1501 2762 1595 2810; x_wconf 85' lang='lat' dir='ltr'><strong>sibi</strong></span> <span class='ocrx_word' id='word_1_391' title='bbox 1640 2786 1665 2807; x_wconf 77' lang='grc' dir='ltr'><strong><em>κ</em></strong></span> <span class='ocrx_word' id='word_1_392' title='bbox 1689 2768 1977 2816; x_wconf 80' lang='lat' dir='ltr'><strong>vacuitatem</strong></span> <span class='ocrx_word' id='word_1_393' title='bbox 2013 2770 2196 2821; x_wconf 85' lang='lat' dir='ltr'><strong>doloris</strong></span> <span class='ocrx_word' id='word_1_394' title='bbox 2222 2796 2248 2816; x_wconf 73' lang='lat' dir='ltr'><strong>a·</strong></span> <span class='ocrx_word' id='word_1_395' title='bbox 2283 2792 2386 2825; x_wconf 89' lang='lat' dir='ltr'><strong>non</strong></span> <span class='ocrx_word' id='word_1_396' title='bbox 2421 2780 2517 2827; x_wconf 85' lang='lat' dir='ltr'><strong>nisi</strong></span> 
     </span>
     <span class='ocr_line' id='line_1_61' title="bbox 1499 2845 2516 2914; baseline 0.018 -26"><span class='ocrx_word' id='word_1_397' title='bbox 1499 2857 1646 2890; x_wconf 88' lang='lat' dir='ltr'><strong>unam</strong></span> <span class='ocrx_word' id='word_1_398' title='bbox 1689 2855 1736 2891; x_wconf 91' lang='lat' dir='ltr'><strong>et</strong></span> <span class='ocrx_word' id='word_1_399' title='bbox 1772 2845 2039 2911; x_wconf 85' lang='lat' dir='ltr'><strong>simplicem</strong></span> <span class='ocrx_word' id='word_1_400' title='bbox 2076 2852 2365 2914; x_wconf 83' lang='lat' dir='ltr'><strong>cogitarent.</strong></span> <span class='ocrx_word' id='word_1_401' title='bbox 2406 2861 2516 2906; x_wconf 84' lang='lat' dir='ltr'><strong>Huc</strong></span> 
     </span>
     <span class='ocr_line' id='line_1_62' title="bbox 1499 2921 2516 2998; baseline 0.015 -30"><span class='ocrx_word' id='word_1_402' title='bbox 1499 2921 1642 2969; x_wconf 86' lang='lat' dir='ltr'><strong>etiam</strong></span> <span class='ocrx_word' id='word_1_403' title='bbox 1688 2924 1820 2975; x_wconf 86' lang='lat' dir='ltr'><strong>Crat.</strong></span> <span class='ocrx_word' id='word_1_404' title='bbox 1867 2927 2105 2989; x_wconf 87' lang='lat' dir='ltr'><strong>pertinet,</strong></span> <span class='ocrx_word' id='word_1_405' title='bbox 2142 2944 2250 2992; x_wconf 73' lang='lat' dir='ltr'><strong>qnae</strong></span> <span class='ocrx_word' id='word_1_406' title='bbox 2284 2934 2335 2980; x_wconf 88' lang='lat' dir='ltr'><strong>in</strong></span> <span class='ocrx_word' id='word_1_407' title='bbox 2365 2951 2516 2998; x_wconf 82' lang='lat' dir='ltr'><strong>marg.</strong></span> 
     </span>
     <span class='ocr_line' id='line_1_63' title="bbox 1500 2999 2514 3076; baseline 0.014 -30"><span class='ocrx_word' id='word_1_408' title='bbox 1500 2999 1609 3059; x_wconf 88' lang='lat' dir='ltr'><strong>alii,</strong></span> <span class='ocrx_word' id='word_1_409' title='bbox 1633 3023 1659 3043; x_wconf 73' lang='grc' dir='ltr'>κ</span> <span class='ocrx_word' id='word_1_410' title='bbox 1678 3012 1734 3049; x_wconf 90' lang='lat' dir='ltr'><strong>nt</strong></span> <span class='ocrx_word' id='word_1_411' title='bbox 1751 3003 1847 3050; x_wconf 78' lang='lat' dir='ltr'><strong>ulla</strong></span> <span class='ocrx_word' id='word_1_412' title='bbox 1873 3020 1985 3068; x_wconf 82' lang='lat' dir='ltr'><strong>pars</strong></span> <span class='ocrx_word' id='word_1_413' title='bbox 2011 3005 2165 3053; x_wconf 76' lang='lat' dir='ltr'><strong>valuit</strong></span> <span class='ocrx_word' id='word_1_414' title='bbox 2182 3030 2224 3055; x_wconf 77' lang='lat' dir='ltr'><strong>n.</strong></span> <span class='ocrx_word' id='word_1_415' title='bbox 2259 3011 2393 3058; x_wconf 86' lang='lat' dir='ltr'><strong>Nihil</strong></span> <span class='ocrx_word' id='word_1_416' title='bbox 2420 3013 2514 3076; x_wconf 78' lang='lat' dir='ltr'><strong>igi-</strong></span> 
     </span>
     <span class='ocr_line' id='line_1_64' title="bbox 1500 3080 2513 3151; baseline 0.008 -26"><span class='ocrx_word' id='word_1_417' title='bbox 1500 3088 1580 3125; x_wconf 89' lang='lat' dir='ltr'><strong>tur</strong></span> <span class='ocrx_word' id='word_1_418' title='bbox 1604 3080 1770 3127; x_wconf 72' lang='lat' dir='ltr'><strong>Daris.</strong></span> <span class='ocrx_word' id='word_1_419' title='bbox 1790 3080 1983 3139; x_wconf 83' lang='lat' dir='ltr'><strong>suadet,</strong></span> <span class='ocrx_word' id='word_1_420' title='bbox 2020 3102 2043 3124; x_wconf 76' lang='grc' dir='ltr'>ι</span> <span class='ocrx_word' id='word_1_421' title='bbox 2076 3098 2165 3130; x_wconf 90' lang='lat' dir='ltr'><strong>nec</strong></span> <span class='ocrx_word' id='word_1_422' title='bbox 2201 3085 2299 3133; x_wconf 86' lang='lat' dir='ltr'><strong>nlla</strong></span> <span class='ocrx_word' id='word_1_423' title='bbox 2322 3104 2434 3151; x_wconf 90' lang='lat' dir='ltr'><strong>pars</strong></span> <span class='ocrx_word' id='word_1_424' title='bbox 2462 3113 2513 3151; x_wconf 66' lang='lat' dir='ltr'><strong>a,</strong></span> 
     </span>
     <span class='ocr_line' id='line_1_65' title="bbox 1501 3156 2516 3222; baseline 0.016 -20"><span class='ocrx_word' id='word_1_425' title='bbox 1501 3156 1623 3203; x_wconf 88' lang='lat' dir='ltr'><strong>nihil</strong></span> <span class='ocrx_word' id='word_1_426' title='bbox 1667 3157 1893 3206; x_wconf 88' lang='lat' dir='ltr'><strong>Gulielm.</strong></span> <span class='ocrx_word' id='word_1_427' title='bbox 1928 3157 2016 3207; x_wconf 80' lang='lat' dir='ltr'><strong>illa</strong></span> <span class='ocrx_word' id='word_1_428' title='bbox 2057 3164 2345 3222; x_wconf 83' lang='lat' dir='ltr'><strong>conjectans.</strong></span> <span class='ocrx_word' id='word_1_429' title='bbox 2388 3168 2516 3218; x_wconf 88' lang='lat' dir='ltr'><strong>Illud</strong></span> 
     </span>
     <span class='ocr_line' id='line_1_66' title="bbox 1502 3234 2514 3302; baseline 0.019 -22"><span class='ocrx_word' id='word_1_430' title='bbox 1502 3234 1579 3281; x_wconf 80' lang='lat' dir='ltr'><strong>vel</strong></span> <span class='ocrx_word' id='word_1_431' title='bbox 1604 3234 1719 3282; x_wconf 91' lang='lat' dir='ltr'><strong>inde</strong></span> <span class='ocrx_word' id='word_1_432' title='bbox 1733 3246 1912 3282; x_wconf 87' lang='lat' dir='ltr'><strong>marcet</strong></span> <span class='ocrx_word' id='word_1_433' title='bbox 1928 3271 1942 3295; x_wconf 93' lang='lat'><strong>,</strong></span> <span class='ocrx_word' id='word_1_434' title='bbox 1958 3239 2092 3301; x_wconf 86' lang='lat' dir='ltr'><strong>quod</strong></span> <span class='ocrx_word' id='word_1_435' title='bbox 2106 3272 2120 3297; x_wconf 84' lang='lat'><strong>,</strong></span> <span class='ocrx_word' id='word_1_436' title='bbox 2145 3253 2201 3291; x_wconf 85' lang='lat' dir='ltr'><strong>ut</strong></span> <span class='ocrx_word' id='word_1_437' title='bbox 2221 3245 2338 3295; x_wconf 86' lang='lat' dir='ltr'><strong>Em.</strong></span> <span class='ocrx_word' id='word_1_438' title='bbox 2362 3247 2514 3302; x_wconf 77' lang='lat' dir='ltr'><strong>vidit.</strong></span> 
     </span>
     <span class='ocr_line' id='line_1_67' title="bbox 1502 3313 2514 3389; baseline 0.022 -34"><span class='ocrx_word' id='word_1_439' title='bbox 1502 3319 1604 3357; x_wconf 88' lang='lat' dir='ltr'><strong>tum</strong></span> <span class='ocrx_word' id='word_1_440' title='bbox 1640 3313 1781 3358; x_wconf 86' lang='lat' dir='ltr'><strong>etiam</strong></span> <span class='ocrx_word' id='word_1_441' title='bbox 1816 3314 2031 3377; x_wconf 71' lang='lat' dir='ltr'><strong>eorporis</strong></span> <span class='ocrx_word' id='word_1_442' title='bbox 2075 3316 2190 3365; x_wconf 84' lang='lat' dir='ltr'><strong>addi</strong></span> <span class='ocrx_word' id='word_1_443' title='bbox 2233 3321 2514 3389; x_wconf 80' lang='lat' dir='ltr'><strong>debuisset3</strong></span> 
     </span>
    </p>
   </div>
   <div class='ocr_carea' id='block_1_8' title="bbox 1476 3388 2511 3463">
    <p class='ocr_par' dir='ltr' id='par_1_11' title="bbox 1476 3388 2511 3463">
     <span class='ocr_line' id='line_1_68' title="bbox 1476 3388 2511 3463; baseline 0.021 -30"><span class='ocrx_word' id='word_1_444' title='bbox 1476 3388 1616 3435; x_wconf 80' lang='lat' dir='ltr'><strong>&#39;huic</strong></span> <span class='ocrx_word' id='word_1_445' title='bbox 1660 3389 1850 3453; x_wconf 77' lang='lat' dir='ltr'><strong>vulgata</strong></span> <span class='ocrx_word' id='word_1_446' title='bbox 1897 3391 2041 3457; x_wconf 79' lang='lat' dir='ltr'><strong>longe</strong></span> <span class='ocrx_word' id='word_1_447' title='bbox 2085 3408 2160 3445; x_wconf 89' lang='lat' dir='ltr'><strong>eat</strong></span> <span class='ocrx_word' id='word_1_448' title='bbox 2201 3404 2511 3463; x_wconf 83' lang='lat' dir='ltr'><strong>praeserenda.</strong></span> 
     </span>
    </p>
   </div>
   <div class='ocr_carea' id='block_1_9' title="bbox 1496 3466 2514 4165">
    <p class='ocr_par' dir='ltr' id='par_1_12' title="bbox 1501 3466 2511 3611">
     <span class='ocr_line' id='line_1_69' title="bbox 1502 3466 2511 3546; baseline 0.021 -34"><span class='ocrx_word' id='word_1_449' title='bbox 1502 3466 1627 3514; x_wconf 86' lang='lat' dir='ltr'><strong>Nam</strong></span> <span class='ocrx_word' id='word_1_450' title='bbox 1651 3467 1753 3515; x_wconf 80' lang='lat' dir='ltr'><strong>ulla</strong></span> <span class='ocrx_word' id='word_1_451' title='bbox 1770 3479 1907 3517; x_wconf 85' lang='lat' dir='ltr'><strong>notat</strong></span> <span class='ocrx_word' id='word_1_452' title='bbox 1921 3507 1935 3530; x_wconf 97' lang='lat'><strong>,</strong></span> <span class='ocrx_word' id='word_1_453' title='bbox 1957 3494 1982 3514; x_wconf 78' lang='grc' dir='ltr'><strong>ιι</strong></span> <span class='ocrx_word' id='word_1_454' title='bbox 2003 3474 2403 3546; x_wconf 83' lang='lat' dir='ltr'><strong>qualemcumque</strong></span> <span class='ocrx_word' id='word_1_455' title='bbox 2422 3485 2511 3532; x_wconf 82' lang='lat' dir='ltr'><strong>tibi</strong></span> 
     </span>
     <span class='ocr_line' id='line_1_70' title="bbox 1501 3548 1840 3611; baseline 0.015 -18"><span class='ocrx_word' id='word_1_456' title='bbox 1501 3548 1683 3611; x_wconf 74' lang='lat' dir='ltr'><strong>cogites</strong></span> <span class='ocrx_word' id='word_1_457' title='bbox 1701 3570 1746 3596; x_wconf 72' lang='lat' dir='ltr'><strong>u.</strong></span> <span class='ocrx_word' id='word_1_458' title='bbox 1773 3551 1840 3598; x_wconf 87' lang='lat' dir='ltr'><strong>G.</strong></span> 
     </span>
    </p>

    <p class='ocr_par' dir='ltr' id='par_1_13' title="bbox 1496 3627 2514 4165">
     <span class='ocr_line' id='line_1_71' title="bbox 1570 3627 2512 3707; baseline 0.014 -33"><span class='ocrx_word' id='word_1_459' title='bbox 1570 3628 1655 3675; x_wconf 80' lang='lat'><strong>23.</strong></span> <span class='ocrx_word' id='word_1_460' title='bbox 1681 3627 1895 3675; x_wconf 71' lang='lat' dir='ltr'><strong>Primum</strong></span> <span class='ocrx_word' id='word_1_461' title='bbox 1932 3628 2018 3678; x_wconf 84' lang='lat' dir='ltr'><strong>tibi</strong></span> <span class='ocrx_word' id='word_1_462' title='bbox 2044 3645 2172 3681; x_wconf 82' lang='lat' dir='ltr'><strong>reete</strong></span> <span class='ocrx_word' id='word_1_463' title='bbox 2189 3670 2206 3693; x_wconf 91' lang='lat'><strong>,</strong></span> <span class='ocrx_word' id='word_1_464' title='bbox 2228 3636 2512 3707; x_wconf 66' lang='lat' dir='ltr'><strong>Chorsippe,</strong></span> 
     </span>
     <span class='ocr_line' id='line_1_72' title="bbox 1497 3708 2511 3772; baseline 0.02 -20"><span class='ocrx_word' id='word_1_465' title='bbox 1497 3721 1778 3754; x_wconf 78' lang='lat' dir='ltr'><strong>concessum</strong></span> <span class='ocrx_word' id='word_1_466' title='bbox 1804 3720 1891 3767; x_wconf 83' lang='lat' dir='ltr'><strong>est,</strong></span> <span class='ocrx_word' id='word_1_467' title='bbox 1921 3708 2066 3757; x_wconf 74' lang='lat' dir='ltr'><strong>nihil.</strong></span> <span class='ocrx_word' id='word_1_468' title='bbox 2081 3718 2411 3770; x_wconf 60' lang='lat' dir='ltr'><strong>..s-scandum.</strong></span> <span class='ocrx_word' id='word_1_469' title='bbox 2431 3724 2511 3772; x_wconf 88' lang='lat' dir='ltr'><strong>Sc.</strong></span> 
     </span>
     <span class='ocr_line' id='line_1_73' title="bbox 1497 3787 2512 3864; baseline 0.017 -33"><span class='ocrx_word' id='word_1_470' title='bbox 1497 3788 1715 3834; x_wconf 77' lang='lat' dir='ltr'><strong>connexi</strong></span> <span class='ocrx_word' id='word_1_471' title='bbox 1738 3802 1823 3834; x_wconf 90' lang='lat' dir='ltr'><strong>seu</strong></span> <span class='ocrx_word' id='word_1_472' title='bbox 1848 3787 2001 3836; x_wconf 75' lang='lat' dir='ltr'><strong>effati.</strong></span> <span class='ocrx_word' id='word_1_473' title='bbox 2041 3791 2112 3838; x_wconf 86' lang='lat' dir='ltr'><strong>Ita</strong></span> <span class='ocrx_word' id='word_1_474' title='bbox 2138 3794 2294 3843; x_wconf 78' lang='lat' dir='ltr'><strong>Graeci</strong></span> <span class='ocrx_word' id='word_1_475' title='bbox 2315 3814 2512 3864; x_wconf 84' lang='lat' dir='ltr'><strong>quoque</strong></span> 
     </span>
     <span class='ocr_line' id='line_1_74' title="bbox 1497 3860 2512 3947; baseline 0.008 -32"><span class='ocrx_word' id='word_1_476' title='bbox 1497 3868 1689 3931; x_wconf 75' lang='grc' dir='ltr'>πρῶτον</span> <span class='ocrx_word' id='word_1_477' title='bbox 1801 3860 2057 3937; x_wconf 51' lang='lat' dir='ltr'><strong>&amp;sin-rpem</strong></span> <span class='ocrx_word' id='word_1_478' title='bbox 2106 3870 2318 3935; x_wconf 84' lang='lat' dir='ltr'><strong>itemque</strong></span> <span class='ocrx_word' id='word_1_479' title='bbox 2367 3879 2512 3947; x_wconf 67' lang='grc' dir='ltr'><strong>ἡγοῦ.</strong></span> 
     </span>
     <span class='ocr_line' id='line_1_75' title="bbox 1499 3945 2513 4013; baseline 0.013 -20"><span class='ocrx_word' id='word_1_480' title='bbox 1499 3961 1640 4010; x_wconf 73' lang='grc' dir='ltr'><strong>μενον</strong></span> <span class='ocrx_word' id='word_1_481' title='bbox 1681 3983 1694 3997; x_wconf 91' lang='grc'><strong>.</strong></span> <span class='ocrx_word' id='word_1_482' title='bbox 1716 3982 1732 3998; x_wconf 91' lang='grc'><strong>.</strong></span> <span class='ocrx_word' id='word_1_483' title='bbox 1749 3983 1764 3996; x_wconf 92' lang='grc'><strong>.</strong></span> <span class='ocrx_word' id='word_1_484' title='bbox 1796 3945 2027 4013; x_wconf 69' lang='grc' dir='ltr'><strong>ίπόμινον</strong></span> <span class='ocrx_word' id='word_1_485' title='bbox 2074 3961 2253 3999; x_wconf 77' lang='lat' dir='ltr'><strong>vocant</strong></span> <span class='ocrx_word' id='word_1_486' title='bbox 2284 3965 2299 3999; x_wconf 73' lang='grc' dir='ltr'><strong><em>ε</em></strong></span> <span class='ocrx_word' id='word_1_487' title='bbox 2345 3968 2513 4006; x_wconf 84' lang='lat' dir='ltr'><strong>auctor</strong></span> 
     </span>
     <span class='ocr_line' id='line_1_76' title="bbox 1497 4020 2514 4090; baseline 0.015 -21"><span class='ocrx_word' id='word_1_488' title='bbox 1497 4020 1615 4070; x_wconf 84' lang='lat' dir='ltr'><strong>alibi</strong></span> <span class='ocrx_word' id='word_1_489' title='bbox 1667 4046 1693 4066; x_wconf 72' lang='grc' dir='ltr'><strong>ιι</strong></span> <span class='ocrx_word' id='word_1_490' title='bbox 1715 4023 1936 4089; x_wconf 86' lang='lat' dir='ltr'><strong>superius</strong></span> <span class='ocrx_word' id='word_1_491' title='bbox 1977 4058 1990 4072; x_wconf 89' lang='lat'><strong>.</strong></span> <span class='ocrx_word' id='word_1_492' title='bbox 2012 4059 2025 4072; x_wconf 89' lang='lat'><strong>.</strong></span> <span class='ocrx_word' id='word_1_493' title='bbox 2046 4061 2061 4075; x_wconf 89' lang='lat'><strong>.</strong></span> <span class='ocrx_word' id='word_1_494' title='bbox 2106 4027 2307 4080; x_wconf 79' lang='lat' dir='ltr'><strong>inferius</strong></span> <span class='ocrx_word' id='word_1_495' title='bbox 2329 4051 2391 4090; x_wconf 73' lang='grc' dir='ltr'><strong>ως</strong></span> <span class='ocrx_word' id='word_1_496' title='bbox 2450 4036 2514 4083; x_wconf 77' lang='lat' dir='ltr'><strong>cf.</strong></span> 
     </span>
     <span class='ocr_line' id='line_1_77' title="bbox 1496 4100 2143 4165; baseline 0.006 -17"><span class='ocrx_word' id='word_1_497' title='bbox 1496 4100 1685 4150; x_wconf 78' lang='lat' dir='ltr'><strong>Acadd.</strong></span> <span class='ocrx_word' id='word_1_498' title='bbox 1720 4103 1769 4149; x_wconf 90' lang='lat'><strong>11</strong></span> <span class='ocrx_word' id='word_1_499' title='bbox 1789 4137 1803 4161; x_wconf 91' lang='lat'><strong>,</strong></span> <span class='ocrx_word' id='word_1_500' title='bbox 1841 4102 1941 4162; x_wconf 78' lang='lat'><strong>30,</strong></span> <span class='ocrx_word' id='word_1_501' title='bbox 1971 4104 2057 4165; x_wconf 85' lang='lat'><strong>96.</strong></span> <span class='ocrx_word' id='word_1_502' title='bbox 2083 4106 2143 4152; x_wconf 88' lang='lat' dir='ltr'><strong>G.</strong></span> 
     </span>
    </p>
   </div>
   <div class='ocr_carea' id='block_1_10' title="bbox 3207 2060 3217 2569">
    <p class='ocr_par' dir='ltr' id='par_1_14' title="bbox 3207 2060 3217 2569">
     <span class='ocr_line' id='line_1_78' title="bbox 3207 2060 3217 2569; textangle 90"><span class='ocrx_word' id='word_1_503' title='bbox 3207 2466 3217 2569; x_wconf 44' lang='grc' dir='ltr'>..Α-ι</span> <span class='ocrx_word' id='word_1_504' title='bbox 3215 2410 3217 2429; x_wconf 86' lang='grc'><strong>-</strong></span> <span class='ocrx_word' id='word_1_505' title='bbox 3215 2380 3217 2385; x_wconf 93' lang='grc'>.</span> <span class='ocrx_word' id='word_1_506' title='bbox 3215 2322 3217 2339; x_wconf 97' lang='grc'><strong>..</strong></span> <span class='ocrx_word' id='word_1_507' title='bbox 3215 2293 3217 2297; x_wconf 82' lang='grc'>.</span> <span class='ocrx_word' id='word_1_508' title='bbox 3213 2214 3217 2243; x_wconf 91' lang='grc'><strong>..</strong></span> <span class='ocrx_word' id='word_1_509' title='bbox 3211 2156 3217 2161; x_wconf 68' lang='lat'><strong>.</strong></span> <span class='ocrx_word' id='word_1_510' title='bbox 3215 2060 3217 2067; x_wconf 91' lang='lat'>.</span> 
     </span>
    </p>
   </div>
  </div>
 </body>
</html>
