3217 4784
646 438 787 521 428
1312 441 2099 509 ARGUMENTUM.

723 560 895 631 dore,
918 561 1096 617 aciem
1126 560 1450 618 animorum
1473 563 1828 640 praestringi,
1866 574 1929 618 ut
1964 560 2026 618 id
2043 604 2058 631 ,
2082 557 2241 637 quod
2269 558 2328 617 in
2368 557 2603 616 homine
2626 578 2799 617 sum-

727 677 881 715 mum
905 669 964 714 et
984 657 1269 733 optimum
1301 657 1407 724 sit,
1447 659 1619 716 unice
1648 670 1884 728 curent,
1920 664 1951 730 S
1983 658 2091 727 36,
2126 648 2220 728 35.
2247 659 2452 731 Neque
2478 656 2793 713 attendere

729 774 829 811 cos
862 752 934 810 ad
965 753 1245 812 rationem
1265 797 1283 824 ,
1312 772 1429 832 qua
1461 767 1672 813 natura
1704 754 2127 834 progrediatur.
2182 758 2423 831 Semper
2458 753 2611 810 enim
2648 773 2789 812 eam

724 852 781 907 in
810 848 1046 907 homine
1071 849 1152 907 ita
1187 869 1479 909 assumere
1511 851 1761 929 aliquid,
1784 864 1849 908 ut
1876 870 1944 909 ea
1978 869 2097 907 non
2130 848 2392 918 deserat,
2430 867 2563 925 quae
2590 849 2786 927 prima

721 945 965 1003 dederit.
1000 945 1092 1025 (In
1121 945 1384 1024 frugibus
1408 967 1575 1006 secus
1604 967 1761 1020 esse,
1799 965 2047 1024 quarum
2077 944 2321 1003 herbam
2361 956 2569 1002 natura
2606 944 2785 1003 dese-

722 1054 845 1112 rat,
875 1042 924 1099 si
950 1060 1047 1100 eas
1073 1041 1145 1099 ad
1176 1042 1393 1121 spicam
1421 1043 1803 1121 perduxerit.)
1838 1044 1990 1102 Hinc
2028 1042 2154 1100 fieri
2171 1084 2189 1113 ,
2219 1054 2330 1114 ’ut,
2358 1060 2491 1099 cum
2513 1039 2782 1099 sensibus

724 1138 1003 1201 rationem
1022 1137 1384 1216 adjunxerit,
1406 1160 1476 1198 ea
1503 1139 1577 1199 ad
1596 1139 1992 1198 maturitatem
2018 1137 2298 1218 perducta
2315 1180 2332 1208 ,
2355 1156 2556 1196 sensus
2584 1150 2780 1196 tamen

724 1253 840 1292 non
880 1234 1200 1312 relinquat3
1248 1255 1357 1294 nec
1386 1256 1454 1294 ea
1483 1252 1692 1295 curare
1720 1234 1977 1307 desinat,
2011 1233 2226 1313 quibus
2266 1234 2384 1292 vita
2427 1234 2551 1312 regi
2590 1237 2781 1294 omnis

723 1330 948 1391 debeat.
990 1331 1323 1392 Admodum
1361 1333 1574 1393 mirum
1608 1333 1787 1412 igitur
1812 1332 1926 1390 hoc
1953 1351 2078 1390 esse
2113 1333 2175 1388 in
2208 1330 2454 1401 Stoicis,
2488 1330 2646 1408 quod
2679 1351 2778 1403 ea,

723 1451 854 1508 quae
889 1431 1208 1490 seeundum
1250 1445 1517 1491 naturam
1555 1446 1719 1504 sunt,
1753 1431 1828 1490 ad
1859 1430 2180 1489 naturalem
2220 1430 2456 1487 illorum
2485 1440 2671 1509 ὁρμὴν,
2701 1429 2776 1487 ad

676 1602 679 1605 .
720 1529 1011 1600 officium,
1053 1529 1127 1588 ad
1169 1532 1444 1590 virtutem
1491 1530 1672 1603 ade0,
1723 1530 2014 1608 pertinere
2050 1528 2271 1586 velint:
2319 1528 2380 1586 in
2427 1528 2778 1605 exponendo

723 1639 915 1685 autem
951 1647 1179 1686 summo
1211 1622 1371 1687 bono
1408 1629 1531 1689 haec
1572 1627 1767 1686 omnia
1814 1626 2162 1697 transiliant,
2211 1638 2272 1683 et
2312 1625 2427 1683 alia
2467 1625 2776 1698 sumenda,

722 1725 835 1783 alia
873 1727 1198 1804 appetenda
1238 1747 1361 1785 esse
1406 1739 1692 1800 statuant,
1735 1746 1949 1805 quum,
1989 1727 2038 1783 si
2073 1726 2266 1784 omnia
2299 1724 2422 1783 haec
2451 1725 2778 1803 appetenda

721 1821 1013 1897 dicerent,
1044 1845 1164 1883 uno
1210 1825 1324 1883 fine
1368 1839 1526 1883 recte
1567 1825 1764 1884 omnia
1807 1822 2396 1901 comprehenderent,
2449 1843 2581 1902 quae
2623 1844 2777 1882 nunc

721 1919 1007 1998 disjuncta
1034 1933 1346 2000 ponantur,
1370 1929 1402 1995 S
1425 1924 1521 1997 37,
1558 1923 1632 1981 38
1654 1965 1670 1993 ,
1707 1925 1805 1999 39.

805 2018 978 2091 Quod
1008 2032 1200 2077 autem
1226 2017 1454 2091 dicant,
1482 2017 1757 2077 virtutem
1799 2038 1918 2077 non
1963 2037 2133 2096 posse
2173 2018 2483 2086 constitui,
2527 2019 2614 2086 si,
2646 2038 2776 2096 quae

721 2129 883 2173 extra
909 2113 1183 2174 virtutem
1210 2113 1355 2189 sint,
1393 2115 1467 2175 ad
1507 2115 1678 2176 beate
1722 2116 2033 2191 vivendum
2075 2116 2441 2175 reserantur:
2484 2115 2549 2174 id
2591 2128 2778 2174 totum

719 2222 922 2268 contra
957 2231 1097 2270 esse.
1141 2213 1427 2272 Constitui
1474 2214 1630 2273 enim
1668 2215 1936 2273 virtutem
1986 2234 2104 2272 non
2145 2232 2348 2292 posse,
2390 2212 2504 2272 nisi
2548 2215 2774 2284 omnia,

719 2326 849 2384 quae
875 2308 1141 2401 eligenda
1166 2311 1313 2382 sint,
1344 2324 1445 2369 aut
1469 2310 1813 2390 rejicienda,
1840 2331 2013 2369 unam
2055 2310 2116 2369 in
2146 2328 2427 2369 summam
2453 2330 2777 2389 congeran-

721 2417 833 2461 tur.
857 2411 992 2478 Quo
1019 2409 1311 2486 neglecte,
1336 2422 1435 2467 aut
1459 2408 1530 2466 ad
1565 2427 1852 2467 summum
1883 2407 2105 2466 bonum
2136 2427 2254 2465 non
2279 2407 2466 2465 relato
2483 2451 2500 2479 ,
2525 2427 2776 2485 pronum

720 2522 841 2560 esse
887 2503 1109 2581 lapsum
1151 2507 1211 2563 in
1254 2507 1576 2578 Aristonis,
1620 2519 1721 2565 aut
1761 2507 1964 2565 Herilli
2009 2506 2170 2564 vitia.
2211 2510 2407 2579 Quare
2446 2518 2569 2563 tum
2599 2503 2775 2562 modo

720 2600 991 2659 virtutem
1026 2616 1181 2661 recte
1221 2622 1391 2680 posse
1431 2604 1735 2675 constitui,
1780 2603 1828 2662 si
1868 2603 1941 2662 ad
1986 2622 2114 2661 eam
2153 2602 2341 2681 prima
2381 2614 2599 2660 naturae
2633 2601 2775 2658 rese-

720 2709 955 2769 rantur;
981 2699 1201 2777 quippe
1231 2698 1305 2757 ad
1342 2720 1514 2778 quam
1557 2700 1905 2779 pertineant.
1939 2701 2232 2758 Virtutem
2272 2700 2598 2758 Stoicorum
2634 2698 2775 2756 alte·

672 2856 673 2859 Ἴ
718 2811 841 2849 ram
868 2792 1045 2851 modo
1073 2806 1296 2871 partem
1325 2808 1549 2853 naturae
1574 2795 1828 2854 hominis
1856 2795 2162 2874 amplecti,
2203 2796 2444 2854 alteram
2469 2795 2775 2873 negligere.

718 2894 805 2947 Ita
836 2901 1031 2947 autem
1068 2890 1400 2949 institutum
1444 2910 1567 2949 esse
1606 2911 1641 2949 a
1681 2904 1890 2951 natura
1932 2891 2258 2965 hominem,
2300 2904 2369 2950 ut
2404 2892 2657 2971 primum
2708 2913 2776 2951 ea

718 3001 996 3066 appetere
1039 2988 1356 3073 inciperet,
1392 2986 1606 3067 quibus
1650 3010 1712 3047 se
1748 3002 2119 3048 conservaret
2148 2991 2207 3047 in
2237 3009 2309 3047 eo
2341 3002 2528 3057 statu,
2560 2991 2620 3048 in
2655 3010 2774 3067 quo

718 3098 882 3144 ortus
914 3085 1006 3144 sit.
1037 3085 1223 3164 quue
1250 3088 1495 3145 maxime
1520 3087 1670 3146 velle
1698 3100 2002 3160 naturam,
2051 3107 2126 3145 ne
2164 3107 2284 3165 qua
2323 3106 2458 3164 pars
2484 3089 2574 3144 sui
2599 3087 2777 3165 negli-

718 3196 905 3261 gatur.
930 3184 994 3243 si
1024 3183 1199 3262 igitur
1228 3185 1291 3243 in
1313 3205 1381 3244 ea
1404 3184 1548 3242 nihil
1573 3198 1724 3243 esset
1745 3235 1759 3260 ,
1788 3185 1901 3242 nisi
1930 3185 2079 3243 ratio
2100 3207 2116 3256 ;
2150 3197 2307 3243 recte
2333 3184 2393 3242 in
2419 3184 2544 3242 sola
2562 3184 2778 3242 virtute

720 3282 887 3339 linem
914 3279 1205 3340 bonorum
1234 3282 1403 3361 p'oni:
1433 3281 1522 3340 sin
1546 3280 1622 3339 ad
1649 3301 1775 3339 eam
1806 3301 2022 3359 corpus
2058 3300 2291 3359 quoque
2323 3279 2636 3358 pertineat,
2664 3280 2774 3337 hoc

721 3377 967 3453 relinqui
986 3396 1109 3435 non
1128 3376 1374 3450 debere,
1398 3385 1428 3451 S
1455 3387 1558 3450 40,
1593 3386 1690 3445 41.
1717 3381 1872 3455 Erggo
1898 3377 2198 3436 discedere
2227 3377 2454 3438 Stoicos
2481 3396 2515 3435 a
2538 3389 2771 3445 natura,

717 3493 899 3549 quum
923 3474 1333 3533 convenienter
1354 3489 1574 3534 naturae
1599 3474 1789 3533 vivere
1801 3474 2073 3552 jubeant,
2092 3488 2150 3533 et
2173 3474 2376 3532 virtuti
2402 3471 2772 3532 fundamenta

720 3568 1065 3627 subducere.
1106 3575 1299 3648 Atque
1325 3573 1564 3630 omniuo
1592 3591 1791 3631 omnes
1823 3591 2046 3631 errasse
2077 3571 2294 3644 videri,
2325 3570 2427 3647 qui
2461 3569 2632 3626 finem
2663 3567 2774 3626 bo-

721 3687 930 3725 norum
958 3669 1018 3726 in
1043 3668 1175 3728 vitae
1203 3670 1510 3729 honestate
1534 3671 1874 3749 posuerint:
1919 3671 2314 3747 Pyrrhonem,
2343 3686 2522 3746 quum
2561 3680 2773 3744 praeter

720 3766 991 3823 virtutem
1016 3760 1159 3824 nihil
1185 3768 1355 3845 plane
1378 3768 1765 3845 relinqueret3
1797 3770 2157 3840 Aristonem,
2179 3786 2355 3846 quum
2384 3764 2580 3824 omnia
2603 3763 2773 3822 relin-
2833 3772 2839 3777 '

717 3874 953 3940 queret,
984 3862 1085 3921 sed
1124 3863 1231 3923 ista
1269 3877 1480 3942 praeter
1509 3864 1781 3924 virtutem
1823 3865 2180 3945 temporibus
2219 3863 2471 3923 obnoxia
2513 3862 2722 3920 faceret
2755 3884 2768 3918 :

718 3960 944 4019 Stoicos
967 3959 1246 4038 denique,
1279 3982 1459 4039 quum
1485 3964 1601 4021 fine
1630 3962 1920 4022 bonorum
1949 3965 2005 4022 in
2036 3966 2159 4022 sola
2191 3966 2404 4021 virtute
2435 3960 2654 4038 posit0,
2682 3972 2771 4018 ta-

719 4078 847 4118 men
874 4058 1059 4135 prima
1091 4070 1313 4117 naturae
1337 4060 1672 4132 admittant,
1703 4060 1776 4118 ab
1805 4060 1914 4120 isto
1938 4063 2049 4119 fine
2075 4059 2331 4135 sejuncta
2350 4102 2365 4127 ,
2394 4066 2423 4132 S
2451 4067 2522 4127 [ρ
2546 4102 2562 4125 ,
2593 4059 2689 4125 43.

796 4155 1077 4234 Expedita
1107 4156 1213 4215 hac
1241 4156 1589 4234 quaestione,
1631 4178 1810 4235 quare
1852 4157 2067 4214 Zenoni
2101 4177 2271 4214 causa
2309 4158 2416 4215 ista
2440 4156 2598 4216 nulla
2628 4154 2773 4213 suis-
