<?xml version="1.0" encoding="UTF-8"?>
<!DOCTYPE html PUBLIC "-//W3C//DTD XHTML 1.0 Transitional//EN"
    "http://www.w3.org/TR/xhtml1/DTD/xhtml1-transitional.dtd">
<html xmlns="http://www.w3.org/1999/xhtml" xml:lang="en" lang="en">
 <head>
  <title>
</title>
<meta http-equiv="Content-Type" content="text/html;charset=utf-8" />
  <meta name='ocr-system' content='tesseract 3.04.00' />
  <meta name='ocr-capabilities' content='ocr_page ocr_carea ocr_par ocr_line ocrx_word'/>
</head>
<body>
  <div class='ocr_page' id='page_1' title='image "./mtciceronisquae00clergoog/mtciceronisquae00clergoog_0456.png"; bbox 0 0 3217 4784; ppageno 0'>
   <div class='ocr_carea' id='block_1_1' title="bbox 697 400 2160 489">
    <p class='ocr_par' dir='ltr' id='par_1_1' title="bbox 697 400 2160 489">
     <span class='ocr_line' id='line_1_1' title="bbox 697 400 2160 489; baseline 0 -16"><span class='ocrx_word' id='word_1_1' title='bbox 697 400 843 489; x_wconf 68' lang='lat'><strong>436</strong></span> <span class='ocrx_word' id='word_1_2' title='bbox 1390 406 1486 472; x_wconf 92' lang='lat' dir='ltr'><strong>M.</strong></span> <span class='ocrx_word' id='word_1_3' title='bbox 1536 406 1613 471; x_wconf 90' lang='lat' dir='ltr'><strong>T.</strong></span> <span class='ocrx_word' id='word_1_4' title='bbox 1669 404 2160 473; x_wconf 86' lang='lat' dir='ltr'>CICERONIS</span> 
     </span>
    </p>
   </div>
   <div class='ocr_carea' id='block_1_2' title="bbox 635 514 2861 1611">
    <p class='ocr_par' dir='ltr' id='par_1_2' title="bbox 698 514 2861 843">
     <span class='ocr_line' id='line_1_2' title="bbox 698 514 2859 624; baseline -0 -27"><span class='ocrx_word' id='word_1_5' title='bbox 698 550 917 624; x_wconf 89' lang='lat' dir='ltr'><strong>quam</strong></span> <span class='ocrx_word' id='word_1_6' title='bbox 939 580 958 613; x_wconf 88' lang='lat'><strong>,</strong></span> <span class='ocrx_word' id='word_1_7' title='bbox 992 524 1186 611; x_wconf 85' lang='grc' dir='ltr'><strong>Ιοσο,</strong></span> <span class='ocrx_word' id='word_1_8' title='bbox 1216 525 1350 594; x_wconf 88' lang='lat' dir='ltr'><strong>nisi</strong></span> <span class='ocrx_word' id='word_1_9' title='bbox 1384 526 1716 620; x_wconf 88' lang='lat' dir='ltr'><strong>iniquum</strong></span> <span class='ocrx_word' id='word_1_10' title='bbox 1750 524 2072 621; x_wconf 90' lang='lat' dir='ltr'><strong>postulo,</strong></span> <span class='ocrx_word' id='word_1_11' title='bbox 2101 514 2619 623; x_wconf 79' lang='lat' dir='ltr'><strong>respondere¹⁵</strong></span> <span class='ocrx_word' id='word_1_12' title='bbox 2658 524 2859 596; x_wconf 87' lang='lat' dir='ltr'><strong>arbi-</strong></span> 
     </span>
     <span class='ocr_line' id='line_1_3' title="bbox 704 632 2861 731; baseline -0 -24"><span class='ocrx_word' id='word_1_13' title='bbox 704 651 893 707; x_wconf 86' lang='lat' dir='ltr'><strong>tratu</strong></span> <span class='ocrx_word' id='word_1_14' title='bbox 946 658 1130 706; x_wconf 88' lang='lat' dir='ltr'><strong>meo.</strong></span> <span class='ocrx_word' id='word_1_15' title='bbox 1204 638 1303 705; x_wconf 89' lang='lat' dir='ltr'><strong>Ut</strong></span> <span class='ocrx_word' id='word_1_16' title='bbox 1358 632 1634 731; x_wconf 89' lang='lat' dir='ltr'><strong>placet,</strong></span> <span class='ocrx_word' id='word_1_17' title='bbox 1700 635 1981 730; x_wconf 81' lang='lat' dir='ltr'><strong>inquit3</strong></span> <span class='ocrx_word' id='word_1_18' title='bbox 2044 634 2179 705; x_wconf 91' lang='lat' dir='ltr'><strong>etsi</strong></span> <span class='ocrx_word' id='word_1_19' title='bbox 2225 635 2417 705; x_wconf 90' lang='lat' dir='ltr'><strong>enim</strong></span> <span class='ocrx_word' id='word_1_20' title='bbox 2468 632 2648 706; x_wconf 92' lang='lat' dir='ltr'><strong>illud</strong></span> <span class='ocrx_word' id='word_1_21' title='bbox 2695 651 2861 707; x_wconf 85' lang='lat' dir='ltr'><strong>erat</strong></span> 
     </span>
     <span class='ocr_line' id='line_1_4' title="bbox 700 740 2140 843; baseline -0.003 -25"><span class='ocrx_word' id='word_1_22' title='bbox 700 749 969 843; x_wconf 78' lang='lat' dir='ltr'><strong>aptiuS,</strong></span> <span class='ocrx_word' id='word_1_23' title='bbox 1004 768 1292 841; x_wconf 82' lang='lat' dir='ltr'><strong>aequum</strong></span> <span class='ocrx_word' id='word_1_24' title='bbox 1333 745 1596 840; x_wconf 89' lang='lat' dir='ltr'><strong>cuique</strong></span> <span class='ocrx_word' id='word_1_25' title='bbox 1639 740 2140 815; x_wconf 55' lang='lat' dir='ltr'><strong>concederem,</strong></span> 
     </span>
    </p>

    <p class='ocr_par' dir='ltr' id='par_1_3' title="bbox 635 852 2859 1611">
     <span class='ocr_line' id='line_1_5' title="bbox 635 852 2857 950; baseline -0.001 -22"><span class='ocrx_word' id='word_1_26' title='bbox 635 876 665 928; x_wconf 87' lang='grc'>3</span> <span class='ocrx_word' id='word_1_27' title='bbox 801 858 891 923; x_wconf 92' lang='grc' dir='ltr'><strong>ΙΙ.</strong></span> <span class='ocrx_word' id='word_1_28' title='bbox 928 854 1273 923; x_wconf 81' lang='lat' dir='ltr'><strong>Existimo</strong></span> <span class='ocrx_word' id='word_1_29' title='bbox 1306 854 1556 950; x_wconf 87' lang='lat' dir='ltr'><strong>igitur,</strong></span> <span class='ocrx_word' id='word_1_30' title='bbox 1586 852 1917 948; x_wconf 89' lang='lat' dir='ltr'><strong>inquam,</strong></span> <span class='ocrx_word' id='word_1_31' title='bbox 1944 856 2122 925; x_wconf 92' lang='lat' dir='ltr'><strong>Cato</strong></span> <span class='ocrx_word' id='word_1_32' title='bbox 2145 906 2165 940; x_wconf 93' lang='lat'><strong>,</strong></span> <span class='ocrx_word' id='word_1_33' title='bbox 2200 868 2478 925; x_wconf 88' lang='lat' dir='ltr'><strong>veteres</strong></span> <span class='ocrx_word' id='word_1_34' title='bbox 2513 852 2674 925; x_wconf 88' lang='lat' dir='ltr'><strong>illos</strong></span> <span class='ocrx_word' id='word_1_35' title='bbox 2701 852 2857 925; x_wconf 88' lang='lat' dir='ltr'><strong>Pla-</strong></span> 
     </span>
     <span class='ocr_line' id='line_1_6' title="bbox 710 959 2859 1059; baseline 0.001 -27"><span class='ocrx_word' id='word_1_36' title='bbox 710 962 900 1032; x_wconf 82' lang='lat' dir='ltr'>tonis</span> <span class='ocrx_word' id='word_1_37' title='bbox 947 959 1347 1048; x_wconf 81' lang='lat' dir='ltr'><strong>auditoreS,</strong></span> <span class='ocrx_word' id='word_1_38' title='bbox 1393 963 1883 1059; x_wconf 88' lang='lat' dir='ltr'>Speusippum</span> <span class='ocrx_word' id='word_1_39' title='bbox 1908 1015 1928 1045; x_wconf 89' lang='lat'><strong>,</strong></span> <span class='ocrx_word' id='word_1_40' title='bbox 1957 962 2446 1051; x_wconf 81' lang='lat' dir='ltr'><strong>Aristotelem,</strong></span> <span class='ocrx_word' id='word_1_41' title='bbox 2481 969 2859 1035; x_wconf 88' lang='lat' dir='ltr'><strong>Xenocra-</strong></span> 
     </span>
     <span class='ocr_line' id='line_1_7' title="bbox 709 1069 2854 1172; baseline 0 -29"><span class='ocrx_word' id='word_1_42' title='bbox 709 1088 855 1143; x_wconf 89' lang='lat' dir='ltr'><strong>tem</strong></span> <span class='ocrx_word' id='word_1_43' title='bbox 876 1098 896 1157; x_wconf 88' lang='lat'><strong>;</strong></span> <span class='ocrx_word' id='word_1_44' title='bbox 917 1069 1178 1141; x_wconf 89' lang='lat' dir='ltr'><strong>deinde</strong></span> <span class='ocrx_word' id='word_1_45' title='bbox 1194 1095 1450 1142; x_wconf 89' lang='lat' dir='ltr'><strong>eorum</strong></span> <span class='ocrx_word' id='word_1_46' title='bbox 1471 1082 1521 1158; x_wconf 87' lang='lat'><strong>¹,</strong></span> <span class='ocrx_word' id='word_1_47' title='bbox 1549 1070 2039 1161; x_wconf 88' lang='lat' dir='ltr'><strong>Polemonem,</strong></span> <span class='ocrx_word' id='word_1_48' title='bbox 2057 1071 2662 1172; x_wconf 83' lang='lat' dir='ltr'><strong>Theophrastum,</strong></span> <span class='ocrx_word' id='word_1_49' title='bbox 2681 1077 2854 1143; x_wconf 86' lang='lat' dir='ltr'><strong>satis</strong></span> 
     </span>
     <span class='ocr_line' id='line_1_8' title="bbox 718 1174 2859 1280; baseline -0 -27"><span class='ocrx_word' id='word_1_50' title='bbox 718 1196 788 1253; x_wconf 87' lang='lat' dir='ltr'><strong>et</strong></span> <span class='ocrx_word' id='word_1_51' title='bbox 819 1182 1113 1279; x_wconf 83' lang='lat' dir='ltr'><strong>copiose</strong></span> <span class='ocrx_word' id='word_1_52' title='bbox 1131 1235 1151 1265; x_wconf 89' lang='lat'><strong>,</strong></span> <span class='ocrx_word' id='word_1_53' title='bbox 1192 1195 1264 1252; x_wconf 90' lang='lat' dir='ltr'><strong>et</strong></span> <span class='ocrx_word' id='word_1_54' title='bbox 1292 1181 1657 1278; x_wconf 80' lang='lat' dir='ltr'><strong>eleganter</strong></span> <span class='ocrx_word' id='word_1_55' title='bbox 1686 1177 2024 1252; x_wconf 87' lang='lat' dir='ltr'><strong>habuisse</strong></span> <span class='ocrx_word' id='word_1_56' title='bbox 2051 1174 2512 1255; x_wconf 71' lang='lat' dir='ltr'><strong>constitutam</strong></span> <span class='ocrx_word' id='word_1_57' title='bbox 2553 1181 2859 1280; x_wconf 90' lang='lat' dir='ltr'><strong>discipli-</strong></span> 
     </span>
     <span class='ocr_line' id='line_1_9' title="bbox 721 1292 2850 1389; baseline -0 -27"><span class='ocrx_word' id='word_1_58' title='bbox 721 1316 921 1379; x_wconf 85' lang='lat' dir='ltr'><strong>nam,</strong></span> <span class='ocrx_word' id='word_1_59' title='bbox 955 1305 1038 1361; x_wconf 91' lang='lat' dir='ltr'><strong>ut</strong></span> <span class='ocrx_word' id='word_1_60' title='bbox 1078 1315 1227 1362; x_wconf 87' lang='lat' dir='ltr'><strong>non</strong></span> <span class='ocrx_word' id='word_1_61' title='bbox 1268 1304 1455 1361; x_wconf 85' lang='lat' dir='ltr'><strong>esset</strong></span> <span class='ocrx_word' id='word_1_62' title='bbox 1497 1313 1710 1360; x_wconf 89' lang='lat' dir='ltr'><strong>causa</strong></span> <span class='ocrx_word' id='word_1_63' title='bbox 1750 1292 2062 1376; x_wconf 88' lang='lat' dir='ltr'><strong>Zenoni,</strong></span> <span class='ocrx_word' id='word_1_64' title='bbox 2106 1315 2337 1389; x_wconf 89' lang='lat' dir='ltr'><strong>quum</strong></span> <span class='ocrx_word' id='word_1_65' title='bbox 2379 1292 2850 1363; x_wconf 89' lang='lat' dir='ltr'><strong>Polemonem</strong></span> 
     </span>
     <span class='ocr_line' id='line_1_10' title="bbox 704 1398 2848 1499; baseline -0 -26"><span class='ocrx_word' id='word_1_66' title='bbox 704 1400 1043 1488; x_wconf 86' lang='lat' dir='ltr'><strong>audisset,</strong></span> <span class='ocrx_word' id='word_1_67' title='bbox 1058 1415 1277 1472; x_wconf 87' lang='lat' dir='ltr'><strong>curet</strong></span> <span class='ocrx_word' id='word_1_68' title='bbox 1304 1398 1394 1470; x_wconf 89' lang='lat' dir='ltr'><strong>ab</strong></span> <span class='ocrx_word' id='word_1_69' title='bbox 1411 1424 1501 1471; x_wconf 88' lang='lat' dir='ltr'><strong>eo</strong></span> <span class='ocrx_word' id='word_1_70' title='bbox 1524 1400 1708 1497; x_wconf 85' lang='lat' dir='ltr'><strong>ipsc,</strong></span> <span class='ocrx_word' id='word_1_71' title='bbox 1727 1414 1803 1470; x_wconf 88' lang='lat' dir='ltr'><strong>et</strong></span> <span class='ocrx_word' id='word_1_72' title='bbox 1835 1425 1877 1471; x_wconf 91' lang='lat' dir='ltr'><strong>a</strong></span> <span class='ocrx_word' id='word_1_73' title='bbox 1909 1401 2404 1499; x_wconf 89' lang='lat' dir='ltr'><strong>superioribus</strong></span> <span class='ocrx_word' id='word_1_74' title='bbox 2432 1400 2848 1474; x_wconf 84' lang='lat' dir='ltr'><strong>dissideret:</strong></span> 
     </span>
     <span class='ocr_line' id='line_1_11' title="bbox 705 1510 2848 1611; baseline -0 -26"><span class='ocrx_word' id='word_1_75' title='bbox 705 1537 1021 1611; x_wconf 88' lang='lat' dir='ltr'><strong>quorum</strong></span> <span class='ocrx_word' id='word_1_76' title='bbox 1063 1510 1198 1582; x_wconf 84' lang='lat' dir='ltr'><strong>fuit</strong></span> <span class='ocrx_word' id='word_1_77' title='bbox 1222 1510 1374 1582; x_wconf 85' lang='lat' dir='ltr'><strong>haec</strong></span> <span class='ocrx_word' id='word_1_78' title='bbox 1410 1510 1767 1582; x_wconf 88' lang='lat' dir='ltr'><strong>institutio</strong></span> <span class='ocrx_word' id='word_1_79' title='bbox 1783 1521 1835 1580; x_wconf 79' lang='lat'><strong>².</strong></span> <span class='ocrx_word' id='word_1_80' title='bbox 1875 1515 1961 1582; x_wconf 92' lang='lat' dir='ltr'><strong>In</strong></span> <span class='ocrx_word' id='word_1_81' title='bbox 1996 1536 2142 1610; x_wconf 83' lang='lat' dir='ltr'><strong>qua</strong></span> <span class='ocrx_word' id='word_1_82' title='bbox 2170 1511 2693 1590; x_wconf 82' lang='lat' dir='ltr'><strong>animadvertas</strong></span> <span class='ocrx_word' id='word_1_83' title='bbox 2730 1537 2848 1584; x_wconf 91' lang='lat' dir='ltr'><strong>ve·</strong></span> 
     </span>
    </p>
   </div>
   <div class='ocr_carea' id='block_1_3' title="bbox 707 1690 1753 2784">
    <p class='ocr_par' dir='ltr' id='par_1_4' title="bbox 707 1690 1753 2784">
     <span class='ocr_line' id='line_1_12' title="bbox 715 1690 1744 1753; baseline -0.004 -11"><span class='ocrx_word' id='word_1_84' title='bbox 715 1694 847 1753; x_wconf 76' lang='lat'><strong>1533</strong></span> <span class='ocrx_word' id='word_1_85' title='bbox 882 1694 1029 1741; x_wconf 87' lang='lat' dir='ltr'><strong>Tusc.</strong></span> <span class='ocrx_word' id='word_1_86' title='bbox 1058 1693 1134 1749; x_wconf 86' lang='lat'><strong>11,</strong></span> <span class='ocrx_word' id='word_1_87' title='bbox 1170 1707 1252 1750; x_wconf 85' lang='lat'><strong>11,</strong></span> <span class='ocrx_word' id='word_1_88' title='bbox 1291 1691 1377 1740; x_wconf 79' lang='lat'><strong>26.</strong></span> <span class='ocrx_word' id='word_1_89' title='bbox 1416 1690 1527 1739; x_wconf 79' lang='lat' dir='ltr'><strong>Pari</strong></span> <span class='ocrx_word' id='word_1_90' title='bbox 1551 1690 1744 1738; x_wconf 80' lang='lat' dir='ltr'><strong>ratione</strong></span> 
     </span>
     <span class='ocr_line' id='line_1_13' title="bbox 707 1774 1746 1835; baseline -0.003 -9"><span class='ocrx_word' id='word_1_91' title='bbox 707 1781 852 1827; x_wconf 86' lang='lat' dir='ltr'><strong>etism</strong></span> <span class='ocrx_word' id='word_1_92' title='bbox 873 1779 962 1825; x_wconf 75' lang='lat' dir='ltr'><strong>«in</strong></span> <span class='ocrx_word' id='word_1_93' title='bbox 986 1778 1151 1826; x_wconf 85' lang='lat' dir='ltr'><strong>locum</strong></span> <span class='ocrx_word' id='word_1_94' title='bbox 1168 1799 1217 1835; x_wconf 73' lang='lat' dir='ltr'><strong>”r</strong></span> <span class='ocrx_word' id='word_1_95' title='bbox 1247 1798 1271 1819; x_wconf 73' lang='grc' dir='ltr'>ι</span> <span class='ocrx_word' id='word_1_96' title='bbox 1288 1777 1339 1824; x_wconf 90' lang='lat' dir='ltr'><strong>in</strong></span> <span class='ocrx_word' id='word_1_97' title='bbox 1362 1776 1484 1824; x_wconf 86' lang='lat' dir='ltr'><strong>locis</strong></span> <span class='ocrx_word' id='word_1_98' title='bbox 1502 1798 1524 1819; x_wconf 74' lang='grc' dir='ltr'>ι</span> <span class='ocrx_word' id='word_1_99' title='bbox 1552 1774 1746 1833; x_wconf 87' lang='lat' dir='ltr'><strong>dicitnr,</strong></span> 
     </span>
     <span class='ocr_line' id='line_1_14' title="bbox 715 1855 1747 1920; baseline -0.006 -12"><span class='ocrx_word' id='word_1_100' title='bbox 715 1860 819 1908; x_wconf 77' lang='lat' dir='ltr'><strong>Off.</strong></span> <span class='ocrx_word' id='word_1_101' title='bbox 850 1860 952 1916; x_wconf 85' lang='lat'><strong>111,</strong></span> <span class='ocrx_word' id='word_1_102' title='bbox 979 1873 1030 1920; x_wconf 82' lang='lat'><strong>9,</strong></span> <span class='ocrx_word' id='word_1_103' title='bbox 1073 1871 1129 1912; x_wconf 66' lang='grc' dir='ltr'><strong>τις</strong></span> <span class='ocrx_word' id='word_1_104' title='bbox 1169 1856 1237 1904; x_wconf 88' lang='grc' dir='ltr'><strong>Ν.</strong></span> <span class='ocrx_word' id='word_1_105' title='bbox 1281 1859 1343 1904; x_wconf 92' lang='lat' dir='ltr'><strong>D.</strong></span> <span class='ocrx_word' id='word_1_106' title='bbox 1381 1858 1461 1911; x_wconf 89' lang='lat'><strong>11,</strong></span> <span class='ocrx_word' id='word_1_107' title='bbox 1498 1855 1584 1914; x_wconf 78' lang='grc'><strong>51,</strong></span> <span class='ocrx_word' id='word_1_108' title='bbox 1631 1855 1747 1903; x_wconf 78' lang='lat'><strong>128.</strong></span> 
     </span>
     <span class='ocr_line' id='line_1_15' title="bbox 717 1932 1747 2000; baseline -0.005 -14"><span class='ocrx_word' id='word_1_109' title='bbox 717 1967 790 1975; x_wconf 91' lang='lat'><strong>—-</strong></span> <span class='ocrx_word' id='word_1_110' title='bbox 808 1938 1073 2000; x_wconf 82' lang='lat' dir='ltr'><strong>angstnm</strong></span> <span class='ocrx_word' id='word_1_111' title='bbox 1109 1934 1199 1983; x_wconf 81' lang='lat' dir='ltr'><strong>e&#39;sto</strong></span> <span class='ocrx_word' id='word_1_112' title='bbox 1236 1934 1357 1982; x_wconf 87' lang='lat' dir='ltr'><strong>mire</strong></span> <span class='ocrx_word' id='word_1_113' title='bbox 1386 1932 1603 1980; x_wconf 80' lang='lat' dir='ltr'><strong>defendit</strong></span> <span class='ocrx_word' id='word_1_114' title='bbox 1630 1936 1747 1981; x_wconf 84' lang='lat' dir='ltr'><strong>Em.</strong></span> 
     </span>
     <span class='ocr_line' id='line_1_16' title="bbox 712 2011 1742 2075; baseline -0.006 -11"><span class='ocrx_word' id='word_1_115' title='bbox 712 2040 737 2058; x_wconf 72' lang='grc' dir='ltr'><strong><em>κ</em></strong></span> <span class='ocrx_word' id='word_1_116' title='bbox 762 2016 846 2064; x_wconf 87' lang='lat' dir='ltr'><strong>ubi</strong></span> <span class='ocrx_word' id='word_1_117' title='bbox 871 2026 927 2062; x_wconf 88' lang='lat' dir='ltr'><strong>tu</strong></span> <span class='ocrx_word' id='word_1_118' title='bbox 950 2015 1012 2062; x_wconf 85' lang='lat' dir='ltr'><strong>de</strong></span> <span class='ocrx_word' id='word_1_119' title='bbox 1037 2029 1091 2062; x_wconf 79' lang='lat' dir='ltr'><strong>ea</strong></span> <span class='ocrx_word' id='word_1_120' title='bbox 1116 2030 1168 2060; x_wconf 88' lang='lat' dir='ltr'><strong>re</strong></span> <span class='ocrx_word' id='word_1_121' title='bbox 1192 2011 1388 2075; x_wconf 68' lang='grc' dir='ltr'><strong>Ιἀίιίιῑίς</strong></span> <span class='ocrx_word' id='word_1_122' title='bbox 1418 2027 1529 2059; x_wconf 85' lang='lat' dir='ltr'><strong>mm</strong></span> <span class='ocrx_word' id='word_1_123' title='bbox 1561 2027 1624 2059; x_wconf 91' lang='lat' dir='ltr'><strong>eo</strong></span> <span class='ocrx_word' id='word_1_124' title='bbox 1658 2027 1742 2059; x_wconf 88' lang='lat' dir='ltr'><strong>or-</strong></span> 
     </span>
     <span class='ocr_line' id='line_1_17' title="bbox 714 2091 1748 2154; baseline -0.005 -13"><span class='ocrx_word' id='word_1_125' title='bbox 714 2095 828 2141; x_wconf 89' lang='lat' dir='ltr'><strong>dine</strong></span> <span class='ocrx_word' id='word_1_126' title='bbox 846 2092 962 2140; x_wconf 80' lang='lat' dir='ltr'><strong>volo</strong></span> <span class='ocrx_word' id='word_1_127' title='bbox 981 2092 1141 2139; x_wconf 89' lang='lat' dir='ltr'><strong>dicere</strong></span> <span class='ocrx_word' id='word_1_128' title='bbox 1161 2126 1175 2148; x_wconf 90' lang='lat'>‚</span> <span class='ocrx_word' id='word_1_129' title='bbox 1197 2106 1299 2153; x_wconf 86' lang='lat' dir='ltr'><strong>qno</strong></span> <span class='ocrx_word' id='word_1_130' title='bbox 1320 2101 1376 2138; x_wconf 84' lang='lat' dir='ltr'><strong>tn</strong></span> <span class='ocrx_word' id='word_1_131' title='bbox 1393 2111 1438 2138; x_wconf 70' lang='grc' dir='ltr'><strong>υ.</strong></span> <span class='ocrx_word' id='word_1_132' title='bbox 1471 2091 1629 2137; x_wconf 86' lang='lat' dir='ltr'><strong>Immo</strong></span> <span class='ocrx_word' id='word_1_133' title='bbox 1659 2105 1748 2154; x_wconf 86' lang='lat' dir='ltr'><strong>po·</strong></span> 
     </span>
     <span class='ocr_line' id='line_1_18' title="bbox 718 2169 1745 2238; baseline -0.004 -19"><span class='ocrx_word' id='word_1_134' title='bbox 718 2174 815 2220; x_wconf 87' lang='lat' dir='ltr'><strong>tius</strong></span> <span class='ocrx_word' id='word_1_135' title='bbox 831 2180 1029 2233; x_wconf 74' lang='lat' dir='ltr'><strong>negent</strong></span> <span class='ocrx_word' id='word_1_136' title='bbox 1043 2170 1245 2227; x_wconf 86' lang='lat' dir='ltr'><strong>Cicero,</strong></span> <span class='ocrx_word' id='word_1_137' title='bbox 1269 2169 1464 2216; x_wconf 85' lang='lat' dir='ltr'><strong>Stoicos</strong></span> <span class='ocrx_word' id='word_1_138' title='bbox 1487 2185 1515 2216; x_wconf 76' lang='lat' dir='ltr'><strong>a</strong></span> <span class='ocrx_word' id='word_1_139' title='bbox 1541 2169 1745 2238; x_wconf 55' lang='lat' dir='ltr'><strong>lferips-</strong></span> 
     </span>
     <span class='ocr_line' id='line_1_19' title="bbox 715 2248 1746 2312; baseline 0 -14"><span class='ocrx_word' id='word_1_140' title='bbox 715 2250 874 2298; x_wconf 82' lang='lat' dir='ltr'><strong>teticis</strong></span> <span class='ocrx_word' id='word_1_141' title='bbox 907 2249 1048 2312; x_wconf 83' lang='lat' dir='ltr'><strong>plns,</strong></span> <span class='ocrx_word' id='word_1_142' title='bbox 1085 2264 1231 2312; x_wconf 82' lang='lat' dir='ltr'><strong>qnsm</strong></span> <span class='ocrx_word' id='word_1_143' title='bbox 1262 2248 1455 2308; x_wconf 66' lang='lat' dir='ltr'><strong>verbis,</strong></span> <span class='ocrx_word' id='word_1_144' title='bbox 1494 2248 1746 2298; x_wconf 74' lang='lat' dir='ltr'><strong>dissidere.</strong></span> 
     </span>
     <span class='ocr_line' id='line_1_20' title="bbox 710 2326 1743 2387; baseline -0.002 -10"><span class='ocrx_word' id='word_1_145' title='bbox 710 2328 797 2377; x_wconf 75' lang='lat' dir='ltr'><strong>·Ad</strong></span> <span class='ocrx_word' id='word_1_146' title='bbox 841 2326 940 2374; x_wconf 90' lang='lat' dir='ltr'><strong>boc</strong></span> <span class='ocrx_word' id='word_1_147' title='bbox 979 2326 1088 2376; x_wconf 85' lang='lat' dir='ltr'><strong>vult</strong></span> <span class='ocrx_word' id='word_1_148' title='bbox 1130 2326 1290 2387; x_wconf 75' lang='lat' dir='ltr'><strong>Cato,</strong></span> <span class='ocrx_word' id='word_1_149' title='bbox 1329 2339 1384 2376; x_wconf 89' lang='lat' dir='ltr'><strong>ut</strong></span> <span class='ocrx_word' id='word_1_150' title='bbox 1428 2338 1540 2376; x_wconf 74' lang='lat' dir='ltr'><strong>unte</strong></span> <span class='ocrx_word' id='word_1_151' title='bbox 1580 2326 1743 2376; x_wconf 85' lang='lat' dir='ltr'><strong>omnis</strong></span> 
     </span>
     <span class='ocr_line' id='line_1_21' title="bbox 720 2406 1748 2472; baseline -0.002 -16"><span class='ocrx_word' id='word_1_152' title='bbox 720 2408 1014 2472; x_wconf 83' lang='lat' dir='ltr'><strong>disputetur.</strong></span> <span class='ocrx_word' id='word_1_153' title='bbox 1041 2408 1111 2455; x_wconf 77' lang='lat' dir='ltr'><strong>At</strong></span> <span class='ocrx_word' id='word_1_154' title='bbox 1138 2407 1313 2457; x_wconf 88' lang='lat' dir='ltr'><strong>Cicero</strong></span> <span class='ocrx_word' id='word_1_155' title='bbox 1343 2406 1533 2456; x_wconf 74' lang='lat' dir='ltr'><strong>mavult</strong></span> <span class='ocrx_word' id='word_1_156' title='bbox 1557 2408 1612 2455; x_wconf 86' lang='lat' dir='ltr'><strong>in</strong></span> <span class='ocrx_word' id='word_1_157' title='bbox 1641 2408 1748 2455; x_wconf 88' lang='lat' dir='ltr'><strong>uni·</strong></span> 
     </span>
     <span class='ocr_line' id='line_1_22' title="bbox 720 2483 1753 2535; baseline 0 -1"><span class='ocrx_word' id='word_1_158' title='bbox 720 2503 912 2534; x_wconf 81' lang='lat' dir='ltr'><strong>versum</strong></span> <span class='ocrx_word' id='word_1_159' title='bbox 967 2498 1143 2535; x_wconf 75' lang='lat' dir='ltr'><strong>contra</strong></span> <span class='ocrx_word' id='word_1_160' title='bbox 1194 2487 1406 2535; x_wconf 74' lang='lat' dir='ltr'><strong>Stoicam</strong></span> <span class='ocrx_word' id='word_1_161' title='bbox 1459 2486 1521 2534; x_wconf 90' lang='lat' dir='ltr'><strong>de</strong></span> <span class='ocrx_word' id='word_1_162' title='bbox 1571 2483 1753 2534; x_wconf 79' lang='lat' dir='ltr'><strong>finibus</strong></span> 
     </span>
     <span class='ocr_line' id='line_1_23' title="bbox 724 2565 1751 2628; baseline -0.001 -15"><span class='ocrx_word' id='word_1_163' title='bbox 724 2567 961 2613; x_wconf 73' lang='lat' dir='ltr'><strong>rationem</strong></span> <span class='ocrx_word' id='word_1_164' title='bbox 989 2565 1244 2622; x_wconf 82' lang='lat' dir='ltr'><strong>disserere,</strong></span> <span class='ocrx_word' id='word_1_165' title='bbox 1266 2566 1337 2612; x_wconf 87' lang='lat' dir='ltr'><strong>sic</strong></span> <span class='ocrx_word' id='word_1_166' title='bbox 1364 2576 1421 2613; x_wconf 88' lang='lat' dir='ltr'><strong>ut</strong></span> <span class='ocrx_word' id='word_1_167' title='bbox 1450 2575 1751 2628; x_wconf 81' lang='lat' dir='ltr'><strong>tum,qumn</strong></span> 
     </span>
     <span class='ocr_line' id='line_1_24' title="bbox 721 2636 1751 2701; baseline 0 -10"><span class='ocrx_word' id='word_1_168' title='bbox 721 2643 785 2691; x_wconf 87' lang='lat' dir='ltr'><strong>sd</strong></span> <span class='ocrx_word' id='word_1_169' title='bbox 811 2644 948 2690; x_wconf 78' lang='lat' dir='ltr'><strong>istam</strong></span> <span class='ocrx_word' id='word_1_170' title='bbox 990 2658 1091 2689; x_wconf 87' lang='lat' dir='ltr'><strong>rem</strong></span> <span class='ocrx_word' id='word_1_171' title='bbox 1117 2658 1207 2690; x_wconf 84' lang='lat' dir='ltr'><strong>suo</strong></span> <span class='ocrx_word' id='word_1_172' title='bbox 1231 2642 1345 2691; x_wconf 86' lang='lat' dir='ltr'><strong>loco</strong></span> <span class='ocrx_word' id='word_1_173' title='bbox 1378 2642 1656 2701; x_wconf 80' lang='lat' dir='ltr'><strong>devenerit,</strong></span> <span class='ocrx_word' id='word_1_174' title='bbox 1690 2636 1751 2691; x_wconf 85' lang='lat' dir='ltr'><strong>de</strong></span> 
     </span>
     <span class='ocr_line' id='line_1_25' title="bbox 721 2720 1115 2784; baseline -0.008 -15"><span class='ocrx_word' id='word_1_175' title='bbox 721 2737 776 2769; x_wconf 82' lang='lat' dir='ltr'><strong>es</strong></span> <span class='ocrx_word' id='word_1_176' title='bbox 801 2720 1115 2784; x_wconf 78' lang='lat' dir='ltr'><strong>disceptetur.</strong></span> 
     </span>
    </p>
   </div>
   <div class='ocr_carea' id='block_1_4' title="bbox 723 2797 1761 4203">
    <p class='ocr_par' dir='ltr' id='par_1_5' title="bbox 723 2797 1761 3572">
     <span class='ocr_line' id='line_1_26' title="bbox 801 2797 1750 2861; baseline -0.001 -14"><span class='ocrx_word' id='word_1_177' title='bbox 801 2816 818 2847; x_wconf 85' lang='lat' dir='ltr'><strong>t</strong></span> <span class='ocrx_word' id='word_1_178' title='bbox 829 2798 878 2847; x_wconf 79' lang='lat'><strong>5.</strong></span> <span class='ocrx_word' id='word_1_179' title='bbox 894 2797 1216 2861; x_wconf 75' lang='lat' dir='ltr'><strong>Respondete.</strong></span> <span class='ocrx_word' id='word_1_180' title='bbox 1233 2797 1474 2861; x_wconf 81' lang='lat' dir='ltr'><strong>angstnr</strong></span> <span class='ocrx_word' id='word_1_181' title='bbox 1495 2798 1750 2861; x_wconf 73' lang='lat' dir='ltr'><strong>responde,</strong></span> 
     </span>
     <span class='ocr_line' id='line_1_27' title="bbox 723 2875 1757 2944; baseline -0.001 -18"><span class='ocrx_word' id='word_1_182' title='bbox 723 2877 863 2944; x_wconf 89' lang='lat' dir='ltr'><strong>qnod</strong></span> <span class='ocrx_word' id='word_1_183' title='bbox 904 2875 1051 2926; x_wconf 84' lang='lat' dir='ltr'><strong>nobis</strong></span> <span class='ocrx_word' id='word_1_184' title='bbox 1086 2876 1233 2941; x_wconf 77' lang='lat' dir='ltr'><strong>longe</strong></span> <span class='ocrx_word' id='word_1_185' title='bbox 1275 2877 1468 2925; x_wconf 78' lang='lat' dir='ltr'><strong>videtur</strong></span> <span class='ocrx_word' id='word_1_186' title='bbox 1507 2876 1757 2926; x_wconf 84' lang='lat' dir='ltr'><strong>difficilius</strong></span> 
     </span>
     <span class='ocr_line' id='line_1_28' title="bbox 724 2954 1758 3025; baseline -0.005 -16"><span class='ocrx_word' id='word_1_187' title='bbox 724 2957 959 3025; x_wconf 73' lang='lat' dir='ltr'><strong>explicari</strong></span> <span class='ocrx_word' id='word_1_188' title='bbox 979 2969 994 3004; x_wconf 88' lang='lat'><strong>:</strong></span> <span class='ocrx_word' id='word_1_189' title='bbox 1016 2971 1131 3004; x_wconf 69' lang='grc' dir='ltr'><strong>Μαι</strong></span> <span class='ocrx_word' id='word_1_190' title='bbox 1153 2956 1207 3004; x_wconf 88' lang='lat' dir='ltr'><strong>in</strong></span> <span class='ocrx_word' id='word_1_191' title='bbox 1226 2955 1324 3004; x_wconf 87' lang='lat' dir='ltr'><strong>hoc</strong></span> <span class='ocrx_word' id='word_1_192' title='bbox 1348 2954 1478 3004; x_wconf 83' lang='lat' dir='ltr'><strong>libro</strong></span> <span class='ocrx_word' id='word_1_193' title='bbox 1505 2956 1758 3004; x_wconf 82' lang='lat' dir='ltr'><strong>Ciceronis</strong></span> 
     </span>
     <span class='ocr_line' id='line_1_29' title="bbox 725 3033 1759 3098; baseline -0.004 -11"><span class='ocrx_word' id='word_1_194' title='bbox 725 3038 884 3088; x_wconf 78' lang='lat' dir='ltr'><strong>ontio</strong></span> <span class='ocrx_word' id='word_1_195' title='bbox 910 3051 1017 3085; x_wconf 90' lang='lat' dir='ltr'><strong>non</strong></span> <span class='ocrx_word' id='word_1_196' title='bbox 1052 3033 1297 3083; x_wconf 74' lang='lat' dir='ltr'><strong>constabit</strong></span> <span class='ocrx_word' id='word_1_197' title='bbox 1323 3051 1386 3082; x_wconf 82' lang='lat' dir='ltr'><strong>ex</strong></span> <span class='ocrx_word' id='word_1_198' title='bbox 1412 3034 1759 3098; x_wconf 74' lang='lat' dir='ltr'><strong>interrogatio·</strong></span> 
     </span>
     <span class='ocr_line' id='line_1_30' title="bbox 724 3113 1758 3181; baseline -0.003 -15"><span class='ocrx_word' id='word_1_199' title='bbox 724 3118 871 3166; x_wconf 83' lang='lat' dir='ltr'><strong>nibus</strong></span> <span class='ocrx_word' id='word_1_200' title='bbox 917 3114 1003 3181; x_wconf 81' lang='lat' dir='ltr'><strong>(nt</strong></span> <span class='ocrx_word' id='word_1_201' title='bbox 1042 3131 1119 3163; x_wconf 85' lang='lat' dir='ltr'><strong>res</strong></span> <span class='ocrx_word' id='word_1_202' title='bbox 1153 3131 1206 3163; x_wconf 89' lang='lat' dir='ltr'><strong>se</strong></span> <span class='ocrx_word' id='word_1_203' title='bbox 1240 3114 1418 3163; x_wconf 82' lang='lat' dir='ltr'><strong>bsbere</strong></span> <span class='ocrx_word' id='word_1_204' title='bbox 1461 3113 1685 3178; x_wconf 79' lang='lat' dir='ltr'><strong>deberet,</strong></span> <span class='ocrx_word' id='word_1_205' title='bbox 1716 3115 1758 3163; x_wconf 91' lang='lat' dir='ltr'><strong>si</strong></span> 
     </span>
     <span class='ocr_line' id='line_1_31' title="bbox 726 3193 1759 3261; baseline -0.004 -16"><span class='ocrx_word' id='word_1_206' title='bbox 726 3195 963 3261; x_wconf 74' lang='lat' dir='ltr'><strong>responde</strong></span> <span class='ocrx_word' id='word_1_207' title='bbox 1002 3210 1110 3242; x_wconf 80' lang='lat' dir='ltr'><strong>vers</strong></span> <span class='ocrx_word' id='word_1_208' title='bbox 1146 3195 1297 3243; x_wconf 86' lang='lat' dir='ltr'><strong>lectio</strong></span> <span class='ocrx_word' id='word_1_209' title='bbox 1332 3195 1503 3258; x_wconf 88' lang='lat' dir='ltr'><strong>esset),</strong></span> <span class='ocrx_word' id='word_1_210' title='bbox 1540 3193 1627 3241; x_wconf 85' lang='lat' dir='ltr'><strong>sed</strong></span> <span class='ocrx_word' id='word_1_211' title='bbox 1665 3196 1759 3242; x_wconf 88' lang='lat' dir='ltr'><strong>erit</strong></span> 
     </span>
     <span class='ocr_line' id='line_1_32' title="bbox 727 3272 1759 3338; baseline -0.002 -14"><span class='ocrx_word' id='word_1_212' title='bbox 727 3275 956 3326; x_wconf 69' lang='lat' dir='ltr'><strong>continua</strong></span> <span class='ocrx_word' id='word_1_213' title='bbox 987 3287 1001 3321; x_wconf 76' lang='grc' dir='ltr'><strong><em>ε</em></strong></span> <span class='ocrx_word' id='word_1_214' title='bbox 1031 3273 1317 3338; x_wconf 73' lang='lat' dir='ltr'><strong>respondero</strong></span> <span class='ocrx_word' id='word_1_215' title='bbox 1340 3273 1422 3322; x_wconf 87' lang='lat' dir='ltr'><strong>hie</strong></span> <span class='ocrx_word' id='word_1_216' title='bbox 1458 3272 1585 3322; x_wconf 87' lang='lat' dir='ltr'><strong>nihil</strong></span> <span class='ocrx_word' id='word_1_217' title='bbox 1625 3273 1759 3322; x_wconf 84' lang='lat' dir='ltr'><strong>slind</strong></span> 
     </span>
     <span class='ocr_line' id='line_1_33' title="bbox 728 3352 1761 3412; baseline 0 -10"><span class='ocrx_word' id='word_1_218' title='bbox 728 3365 889 3412; x_wconf 72' lang='lat' dir='ltr'><strong>notat,</strong></span> <span class='ocrx_word' id='word_1_219' title='bbox 907 3352 1005 3401; x_wconf 89' lang='lat' dir='ltr'><strong>nisi</strong></span> <span class='ocrx_word' id='word_1_220' title='bbox 1019 3352 1405 3401; x_wconf 77' lang='lat' dir='ltr'><strong>confutationem</strong></span> <span class='ocrx_word' id='word_1_221' title='bbox 1424 3355 1604 3402; x_wconf 66' lang='grc' dir='ltr'><strong>διοίσω</strong></span> <span class='ocrx_word' id='word_1_222' title='bbox 1620 3353 1761 3402; x_wconf 83' lang='lat' dir='ltr'><strong>disci·</strong></span> 
     </span>
     <span class='ocr_line' id='line_1_34' title="bbox 728 3430 1760 3496; baseline 0.001 -17"><span class='ocrx_word' id='word_1_223' title='bbox 728 3432 877 3496; x_wconf 73' lang='lat' dir='ltr'><strong>plinae</strong></span> <span class='ocrx_word' id='word_1_224' title='bbox 888 3465 905 3490; x_wconf 90' lang='lat'>‚</span> <span class='ocrx_word' id='word_1_225' title='bbox 918 3445 1015 3493; x_wconf 76' lang='lat' dir='ltr'><strong>qus</strong></span> <span class='ocrx_word' id='word_1_226' title='bbox 1037 3430 1210 3478; x_wconf 82' lang='lat' dir='ltr'><strong>Cicero</strong></span> <span class='ocrx_word' id='word_1_227' title='bbox 1227 3430 1405 3479; x_wconf 80' lang='lat' dir='ltr'><strong>Cstoni</strong></span> <span class='ocrx_word' id='word_1_228' title='bbox 1426 3431 1760 3496; x_wconf 80' lang='lat' dir='ltr'><strong>respondebit.</strong></span> 
     </span>
     <span class='ocr_line' id='line_1_35' title="bbox 730 3508 1589 3572; baseline 0.003 -15"><span class='ocrx_word' id='word_1_229' title='bbox 730 3537 800 3547; x_wconf 90' lang='lat'>—</span> <span class='ocrx_word' id='word_1_230' title='bbox 827 3511 1055 3557; x_wconf 85' lang='lat' dir='ltr'><strong>Ceterum</strong></span> <span class='ocrx_word' id='word_1_231' title='bbox 1083 3508 1250 3555; x_wconf 84' lang='lat' dir='ltr'><strong>Lsmb.</strong></span> <span class='ocrx_word' id='word_1_232' title='bbox 1272 3509 1589 3572; x_wconf 75' lang='lat' dir='ltr'><strong>respondebo.</strong></span> 
     </span>
    </p>

    <p class='ocr_par' dir='ltr' id='par_1_6' title="bbox 730 3584 1760 4203">
     <span class='ocr_line' id='line_1_36' title="bbox 808 3584 1760 3639; baseline 0.005 -5"><span class='ocrx_word' id='word_1_233' title='bbox 808 3589 892 3636; x_wconf 81' lang='lat'><strong>16.</strong></span> <span class='ocrx_word' id='word_1_234' title='bbox 931 3584 1038 3633; x_wconf 68' lang='lat' dir='ltr'><strong>Etsi</strong></span> <span class='ocrx_word' id='word_1_235' title='bbox 1062 3586 1216 3636; x_wconf 82' lang='lat' dir='ltr'><strong>em&#39;m.</strong></span> <span class='ocrx_word' id='word_1_236' title='bbox 1236 3622 1251 3636; x_wconf 88' lang='lat'><strong>.</strong></span> <span class='ocrx_word' id='word_1_237' title='bbox 1272 3588 1576 3638; x_wconf 50' lang='lat' dir='ltr'><strong>antecedere,</strong></span> <span class='ocrx_word' id='word_1_238' title='bbox 1614 3593 1760 3639; x_wconf 77' lang='lat' dir='ltr'><strong>nuno</strong></span> 
     </span>
     <span class='ocr_line' id='line_1_37' title="bbox 731 3667 1759 3728; baseline 0.002 -13"><span class='ocrx_word' id='word_1_239' title='bbox 731 3668 923 3725; x_wconf 80' lang='lat' dir='ltr'><strong>locum,</strong></span> <span class='ocrx_word' id='word_1_240' title='bbox 951 3681 1094 3728; x_wconf 81' lang='lat' dir='ltr'><strong>quem</strong></span> <span class='ocrx_word' id='word_1_241' title='bbox 1116 3668 1169 3716; x_wconf 79' lang='lat' dir='ltr'><strong>P.</strong></span> <span class='ocrx_word' id='word_1_242' title='bbox 1197 3669 1393 3717; x_wconf 72' lang='lat' dir='ltr'><strong>Manat.</strong></span> <span class='ocrx_word' id='word_1_243' title='bbox 1419 3667 1587 3716; x_wconf 84' lang='lat' dir='ltr'><strong>Lsmb.</strong></span> <span class='ocrx_word' id='word_1_244' title='bbox 1615 3670 1759 3717; x_wconf 85' lang='lat' dir='ltr'><strong>Grnt.</strong></span> 
     </span>
     <span class='ocr_line' id='line_1_38' title="bbox 731 3744 1760 3809; baseline 0 -15"><span class='ocrx_word' id='word_1_245' title='bbox 731 3746 900 3795; x_wconf 83' lang='lat' dir='ltr'><strong>stis.</strong></span> <span class='ocrx_word' id='word_1_246' title='bbox 918 3744 1004 3792; x_wconf 73' lang='lat' dir='ltr'><strong>alii</strong></span> <span class='ocrx_word' id='word_1_247' title='bbox 1024 3755 1213 3794; x_wconf 76' lang='lat' dir='ltr'><strong>tentant</strong></span> <span class='ocrx_word' id='word_1_248' title='bbox 1230 3782 1245 3808; x_wconf 89' lang='lat'><strong>,</strong></span> <span class='ocrx_word' id='word_1_249' title='bbox 1271 3748 1392 3794; x_wconf 87' lang='lat' dir='ltr'><strong>Ern.</strong></span> <span class='ocrx_word' id='word_1_250' title='bbox 1412 3748 1483 3794; x_wconf 87' lang='lat' dir='ltr'><strong>sic</strong></span> <span class='ocrx_word' id='word_1_251' title='bbox 1511 3746 1760 3809; x_wconf 78' lang='lat' dir='ltr'><strong>defendit,</strong></span> 
     </span>
     <span class='ocr_line' id='line_1_39' title="bbox 733 3824 1756 3891; baseline 0.002 -18"><span class='ocrx_word' id='word_1_252' title='bbox 733 3837 788 3874; x_wconf 88' lang='lat' dir='ltr'><strong>nt</strong></span> <span class='ocrx_word' id='word_1_253' title='bbox 811 3824 875 3874; x_wconf 80' lang='lat' dir='ltr'><strong>sd</strong></span> <span class='ocrx_word' id='word_1_254' title='bbox 895 3840 1090 3888; x_wconf 75' lang='lat' dir='ltr'><strong>oeqmam</strong></span> <span class='ocrx_word' id='word_1_255' title='bbox 1108 3858 1123 3884; x_wconf 93' lang='lat'><strong>,</strong></span> <span class='ocrx_word' id='word_1_256' title='bbox 1147 3836 1310 3873; x_wconf 75' lang='lat' dir='ltr'><strong>tamen</strong></span> <span class='ocrx_word' id='word_1_257' title='bbox 1341 3828 1546 3891; x_wconf 73' lang='lat' dir='ltr'><strong>cogitari</strong></span> <span class='ocrx_word' id='word_1_258' title='bbox 1569 3825 1756 3888; x_wconf 67' lang='lat' dir='ltr'><strong>jubent.</strong></span> 
     </span>
     <span class='ocr_line' id='line_1_40' title="bbox 732 3903 1757 3968; baseline 0.001 -15"><span class='ocrx_word' id='word_1_259' title='bbox 732 3904 885 3968; x_wconf 82' lang='lat' dir='ltr'><strong>Quod</strong></span> <span class='ocrx_word' id='word_1_260' title='bbox 919 3905 1010 3951; x_wconf 78' lang='lat' dir='ltr'><strong>etsi</strong></span> <span class='ocrx_word' id='word_1_261' title='bbox 1041 3903 1241 3968; x_wconf 80' lang='lat' dir='ltr'><strong>quidem</strong></span> <span class='ocrx_word' id='word_1_262' title='bbox 1270 3915 1399 3953; x_wconf 82' lang='lat' dir='ltr'><strong>recte</strong></span> <span class='ocrx_word' id='word_1_263' title='bbox 1423 3905 1567 3964; x_wconf 82' lang='lat' dir='ltr'><strong>lieet,</strong></span> <span class='ocrx_word' id='word_1_264' title='bbox 1595 3917 1757 3954; x_wconf 72' lang='lat' dir='ltr'><strong>umen</strong></span> 
     </span>
     <span class='ocr_line' id='line_1_41' title="bbox 730 3982 1757 4047; baseline -0.002 -13"><span class='ocrx_word' id='word_1_265' title='bbox 730 4001 835 4035; x_wconf 84' lang='lat' dir='ltr'><strong>non</strong></span> <span class='ocrx_word' id='word_1_266' title='bbox 880 3982 1122 4041; x_wconf 82' lang='lat' dir='ltr'><strong>videmus,</strong></span> <span class='ocrx_word' id='word_1_267' title='bbox 1169 3983 1422 4047; x_wconf 83' lang='lat' dir='ltr'><strong>quomodo</strong></span> <span class='ocrx_word' id='word_1_268' title='bbox 1471 3985 1542 4031; x_wconf 86' lang='lat' dir='ltr'><strong>sic</strong></span> <span class='ocrx_word' id='word_1_269' title='bbox 1597 3985 1757 4032; x_wconf 81' lang='lat' dir='ltr'><strong>omnis</strong></span> 
     </span>
     <span class='ocr_line' id='line_1_42' title="bbox 732 4061 1756 4121; baseline -0.002 -8"><span class='ocrx_word' id='word_1_270' title='bbox 732 4061 1023 4121; x_wconf 73' lang='lat' dir='ltr'><strong>difficultas,</strong></span> <span class='ocrx_word' id='word_1_271' title='bbox 1044 4073 1100 4110; x_wconf 84' lang='lat' dir='ltr'><strong>ut</strong></span> <span class='ocrx_word' id='word_1_272' title='bbox 1134 4062 1219 4111; x_wconf 87' lang='lat' dir='ltr'><strong>ille</strong></span> <span class='ocrx_word' id='word_1_273' title='bbox 1252 4062 1320 4109; x_wconf 80' lang='lat' dir='ltr'><strong>sit</strong></span> <span class='ocrx_word' id='word_1_274' title='bbox 1334 4097 1352 4121; x_wconf 90' lang='lat'><strong>,</strong></span> <span class='ocrx_word' id='word_1_275' title='bbox 1387 4061 1606 4111; x_wconf 74' lang='lat' dir='ltr'><strong>tollatur.</strong></span> <span class='ocrx_word' id='word_1_276' title='bbox 1633 4062 1756 4111; x_wconf 81' lang='lat' dir='ltr'><strong>Nsm</strong></span> 
     </span>
     <span class='ocr_line' id='line_1_43' title="bbox 734 4139 1756 4203; baseline -0.002 -11"><span class='ocrx_word' id='word_1_277' title='bbox 734 4155 835 4193; x_wconf 79' lang='lat' dir='ltr'><strong>tum</strong></span> <span class='ocrx_word' id='word_1_278' title='bbox 868 4141 945 4190; x_wconf 78' lang='lat' dir='ltr'><strong>vel</strong></span> <span class='ocrx_word' id='word_1_279' title='bbox 979 4140 1342 4190; x_wconf 75' lang='lat' dir='ltr'><strong>concedendum</strong></span> <span class='ocrx_word' id='word_1_280' title='bbox 1370 4139 1543 4198; x_wconf 83' lang='lat' dir='ltr'><strong>scribi,</strong></span> <span class='ocrx_word' id='word_1_281' title='bbox 1572 4141 1686 4203; x_wconf 84' lang='lat' dir='ltr'><strong>vel,</strong></span> <span class='ocrx_word' id='word_1_282' title='bbox 1714 4143 1756 4190; x_wconf 91' lang='lat' dir='ltr'><strong>si</strong></span> 
     </span>
    </p>
   </div>
   <div class='ocr_carea' id='block_1_5' title="bbox 1831 1693 2874 4207">
    <p class='ocr_par' dir='ltr' id='par_1_7' title="bbox 1833 1693 2872 3415">
     <span class='ocr_line' id='line_1_44' title="bbox 1834 1693 2860 1759; baseline 0.003 -21"><span class='ocrx_word' id='word_1_283' title='bbox 1834 1693 2099 1742; x_wconf 78' lang='lat' dir='ltr'><strong>concedere</strong></span> <span class='ocrx_word' id='word_1_284' title='bbox 2125 1710 2219 1759; x_wconf 77' lang='lat' dir='ltr'><strong>pro</strong></span> <span class='ocrx_word' id='word_1_285' title='bbox 2244 1694 2413 1743; x_wconf 80' lang='lat' dir='ltr'><strong>cedere</strong></span> <span class='ocrx_word' id='word_1_286' title='bbox 2447 1694 2691 1758; x_wconf 76' lang='lat' dir='ltr'><strong>acceperis</strong></span> <span class='ocrx_word' id='word_1_287' title='bbox 2704 1729 2719 1752; x_wconf 86' lang='lat'><strong>,</strong></span> <span class='ocrx_word' id='word_1_288' title='bbox 2743 1704 2860 1758; x_wconf 82' lang='lat' dir='ltr'><strong>post</strong></span> 
     </span>
     <span class='ocr_line' id='line_1_45' title="bbox 1834 1772 2858 1837; baseline 0.003 -19"><span class='ocrx_word' id='word_1_289' title='bbox 1834 1787 2026 1835; x_wconf 80' lang='lat' dir='ltr'><em>oequum</em></span> <span class='ocrx_word' id='word_1_290' title='bbox 2046 1806 2063 1831; x_wconf 87' lang='lat'><strong>,</strong></span> <span class='ocrx_word' id='word_1_291' title='bbox 2100 1784 2174 1821; x_wconf 78' lang='lat' dir='ltr'><strong>est</strong></span> <span class='ocrx_word' id='word_1_292' title='bbox 2204 1774 2322 1822; x_wconf 81' lang='lat' dir='ltr'><strong>addi</strong></span> <span class='ocrx_word' id='word_1_293' title='bbox 2355 1772 2584 1831; x_wconf 83' lang='lat' dir='ltr'><strong>debebit,</strong></span> <span class='ocrx_word' id='word_1_294' title='bbox 2612 1789 2759 1837; x_wconf 87' lang='lat' dir='ltr'><strong>quum</strong></span> <span class='ocrx_word' id='word_1_295' title='bbox 2786 1773 2858 1821; x_wconf 85' lang='lat' dir='ltr'><strong>sic</strong></span> 
     </span>
     <span class='ocr_line' id='line_1_46' title="bbox 1833 1850 2859 1916; baseline 0.003 -19"><span class='ocrx_word' id='word_1_296' title='bbox 1833 1850 1888 1897; x_wconf 86' lang='lat' dir='ltr'><strong>in</strong></span> <span class='ocrx_word' id='word_1_297' title='bbox 1914 1851 2219 1901; x_wconf 72' lang='lat' dir='ltr'><strong>substantivo</strong></span> <span class='ocrx_word' id='word_1_298' title='bbox 2253 1854 2327 1900; x_wconf 82' lang='lat' dir='ltr'><strong>vis</strong></span> <span class='ocrx_word' id='word_1_299' title='bbox 2371 1853 2452 1902; x_wconf 86' lang='lat' dir='ltr'><strong>sit.</strong></span> <span class='ocrx_word' id='word_1_300' title='bbox 2499 1852 2598 1901; x_wconf 88' lang='lat' dir='ltr'><strong>Sed</strong></span> <span class='ocrx_word' id='word_1_301' title='bbox 2631 1863 2689 1900; x_wconf 88' lang='lat' dir='ltr'><strong>nt</strong></span> <span class='ocrx_word' id='word_1_302' title='bbox 2722 1853 2859 1916; x_wconf 80' lang='lat' dir='ltr'><strong>prins</strong></span> 
     </span>
     <span class='ocr_line' id='line_1_47' title="bbox 1835 1929 2858 1996; baseline 0.002 -20"><span class='ocrx_word' id='word_1_303' title='bbox 1835 1940 1906 1976; x_wconf 85' lang='lat' dir='ltr'><strong>est</strong></span> <span class='ocrx_word' id='word_1_304' title='bbox 1926 1929 2187 1992; x_wconf 76' lang='lat' dir='ltr'><strong>audacius,</strong></span> <span class='ocrx_word' id='word_1_305' title='bbox 2215 1931 2282 1979; x_wconf 87' lang='lat' dir='ltr'><strong>its</strong></span> <span class='ocrx_word' id='word_1_306' title='bbox 2313 1931 2599 1996; x_wconf 86' lang='lat' dir='ltr'><strong>posterioris</strong></span> <span class='ocrx_word' id='word_1_307' title='bbox 2624 1932 2858 1979; x_wconf 85' lang='lat' dir='ltr'><strong>sententis</strong></span> 
     </span>
     <span class='ocr_line' id='line_1_48' title="bbox 1833 2008 2861 2068; baseline 0.004 -14"><span class='ocrx_word' id='word_1_308' title='bbox 1833 2009 1995 2055; x_wconf 81' lang='lat' dir='ltr'><strong>minus</strong></span> <span class='ocrx_word' id='word_1_309' title='bbox 2014 2008 2074 2056; x_wconf 80' lang='lat' dir='ltr'><strong>sd</strong></span> <span class='ocrx_word' id='word_1_310' title='bbox 2094 2020 2322 2058; x_wconf 73' lang='lat' dir='ltr'><strong>contexta</strong></span> <span class='ocrx_word' id='word_1_311' title='bbox 2341 2011 2599 2068; x_wconf 85' lang='lat' dir='ltr'><strong>convenit,</strong></span> <span class='ocrx_word' id='word_1_312' title='bbox 2616 2026 2709 2058; x_wconf 90' lang='lat' dir='ltr'><strong>nec</strong></span> <span class='ocrx_word' id='word_1_313' title='bbox 2730 2021 2861 2059; x_wconf 88' lang='lat' dir='ltr'><strong>recte</strong></span> 
     </span>
     <span class='ocr_line' id='line_1_49' title="bbox 1834 2089 2860 2154; baseline 0.003 -20"><span class='ocrx_word' id='word_1_314' title='bbox 1834 2098 1998 2135; x_wconf 80' lang='lat' dir='ltr'><strong>tamen</strong></span> <span class='ocrx_word' id='word_1_315' title='bbox 2043 2089 2115 2136; x_wconf 87' lang='lat' dir='ltr'><strong>sic</strong></span> <span class='ocrx_word' id='word_1_316' title='bbox 2158 2091 2425 2138; x_wconf 87' lang='lat' dir='ltr'><strong>omittetur.</strong></span> <span class='ocrx_word' id='word_1_317' title='bbox 2468 2090 2631 2140; x_wconf 84' lang='lat' dir='ltr'><strong>Nobis</strong></span> <span class='ocrx_word' id='word_1_318' title='bbox 2666 2089 2860 2154; x_wconf 84' lang='lat' dir='ltr'><strong>quidem</strong></span> 
     </span>
     <span class='ocr_line' id='line_1_50' title="bbox 1835 2167 2864 2234; baseline 0.003 -20"><span class='ocrx_word' id='word_1_319' title='bbox 1835 2182 1947 2215; x_wconf 85' lang='lat' dir='ltr'><strong>cum</strong></span> <span class='ocrx_word' id='word_1_320' title='bbox 1985 2169 2153 2215; x_wconf 81' lang='lat' dir='ltr'><strong>Marso</strong></span> <span class='ocrx_word' id='word_1_321' title='bbox 2198 2167 2328 2216; x_wconf 81' lang='lat' dir='ltr'><strong>enim</strong></span> <span class='ocrx_word' id='word_1_322' title='bbox 2380 2170 2538 2217; x_wconf 86' lang='lat' dir='ltr'><strong>omitti</strong></span> <span class='ocrx_word' id='word_1_323' title='bbox 2583 2169 2768 2234; x_wconf 76' lang='lat' dir='ltr'><strong>placet,</strong></span> <span class='ocrx_word' id='word_1_324' title='bbox 2813 2178 2864 2216; x_wconf 84' lang='lat' dir='ltr'><strong>et</strong></span> 
     </span>
     <span class='ocr_line' id='line_1_51' title="bbox 1836 2246 2862 2315; baseline 0.002 -22"><span class='ocrx_word' id='word_1_325' title='bbox 1836 2246 1982 2294; x_wconf 84' lang='lat' dir='ltr'><strong>scribi</strong></span> <span class='ocrx_word' id='word_1_326' title='bbox 2003 2263 2016 2296; x_wconf 73' lang='grc' dir='ltr'><strong><em>ε</em></strong></span> <span class='ocrx_word' id='word_1_327' title='bbox 2042 2269 2066 2288; x_wconf 69' lang='grc' dir='ltr'><strong>υ</strong></span> <span class='ocrx_word' id='word_1_328' title='bbox 2089 2247 2180 2296; x_wconf 86' lang='lat' dir='ltr'><strong>etsi</strong></span> <span class='ocrx_word' id='word_1_329' title='bbox 2196 2247 2319 2295; x_wconf 87' lang='lat' dir='ltr'><strong>illud</strong></span> <span class='ocrx_word' id='word_1_330' title='bbox 2338 2259 2443 2297; x_wconf 78' lang='lat' dir='ltr'><strong>erat</strong></span> <span class='ocrx_word' id='word_1_331' title='bbox 2461 2248 2647 2315; x_wconf 75' lang='lat' dir='ltr'><strong>aptius,</strong></span> <span class='ocrx_word' id='word_1_332' title='bbox 2669 2262 2862 2312; x_wconf 64' lang='lat' dir='ltr'><strong>equum</strong></span> 
     </span>
     <span class='ocr_line' id='line_1_52' title="bbox 1836 2326 2866 2390; baseline -0.001 -15"><span class='ocrx_word' id='word_1_333' title='bbox 1836 2327 2099 2390; x_wconf 87' lang='lat' dir='ltr'><strong>unicnique</strong></span> <span class='ocrx_word' id='word_1_334' title='bbox 2136 2326 2407 2376; x_wconf 84' lang='lat' dir='ltr'><strong>concedere</strong></span> <span class='ocrx_word' id='word_1_335' title='bbox 2439 2348 2487 2375; x_wconf 68' lang='lat' dir='ltr'><strong>a.</strong></span> <span class='ocrx_word' id='word_1_336' title='bbox 2534 2329 2650 2375; x_wconf 81' lang='lat' dir='ltr'><strong>Hoc</strong></span> <span class='ocrx_word' id='word_1_337' title='bbox 2685 2342 2827 2374; x_wconf 80' lang='lat' dir='ltr'><strong>sensu</strong></span> <span class='ocrx_word' id='word_1_338' title='bbox 2848 2361 2866 2387; x_wconf 82' lang='lat'><strong>,</strong></span> 
     </span>
     <span class='ocr_line' id='line_1_53' title="bbox 1836 2405 2866 2471; baseline -0.001 -18"><span class='ocrx_word' id='word_1_339' title='bbox 1836 2428 1863 2447; x_wconf 71' lang='lat' dir='ltr'><strong>«e</strong></span> <span class='ocrx_word' id='word_1_340' title='bbox 1882 2407 1985 2453; x_wconf 84' lang='lat' dir='ltr'><strong>Etsi</strong></span> <span class='ocrx_word' id='word_1_341' title='bbox 2003 2406 2130 2454; x_wconf 84' lang='lat' dir='ltr'><strong>rstio</strong></span> <span class='ocrx_word' id='word_1_342' title='bbox 2142 2421 2169 2453; x_wconf 84' lang='lat' dir='ltr'><strong>s</strong></span> <span class='ocrx_word' id='word_1_343' title='bbox 2189 2421 2266 2454; x_wconf 86' lang='lat' dir='ltr'><strong>me</strong></span> <span class='ocrx_word' id='word_1_344' title='bbox 2282 2407 2541 2471; x_wconf 82' lang='lat' dir='ltr'><strong>proposits</strong></span> <span class='ocrx_word' id='word_1_345' title='bbox 2559 2417 2661 2454; x_wconf 84' lang='lat' dir='ltr'><strong>erst</strong></span> <span class='ocrx_word' id='word_1_346' title='bbox 2687 2405 2866 2469; x_wconf 73' lang='lat' dir='ltr'><strong>aptior,</strong></span> 
     </span>
     <span class='ocr_line' id='line_1_54' title="bbox 1836 2483 2865 2549; baseline -0.002 -17"><span class='ocrx_word' id='word_1_347' title='bbox 1836 2484 1900 2532; x_wconf 82' lang='lat' dir='ltr'><strong>sd</strong></span> <span class='ocrx_word' id='word_1_348' title='bbox 1921 2483 2295 2533; x_wconf 83' lang='lat' dir='ltr'><strong>concedendum</strong></span> <span class='ocrx_word' id='word_1_349' title='bbox 2320 2486 2586 2549; x_wconf 84' lang='lat' dir='ltr'><strong>unicnique</strong></span> <span class='ocrx_word' id='word_1_350' title='bbox 2614 2494 2832 2532; x_wconf 77' lang='lat' dir='ltr'><strong>nostrum</strong></span> <span class='ocrx_word' id='word_1_351' title='bbox 2849 2518 2865 2540; x_wconf 90' lang='lat'><strong>,</strong></span> 
     </span>
     <span class='ocr_line' id='line_1_55' title="bbox 1837 2562 2867 2629; baseline -0.003 -16"><span class='ocrx_word' id='word_1_352' title='bbox 1837 2564 1975 2629; x_wconf 85' lang='lat' dir='ltr'><strong>qnod</strong></span> <span class='ocrx_word' id='word_1_353' title='bbox 2028 2580 2221 2628; x_wconf 76' lang='lat' dir='ltr'><strong>oequnm</strong></span> <span class='ocrx_word' id='word_1_354' title='bbox 2269 2574 2395 2613; x_wconf 80' lang='lat' dir='ltr'><strong>esset</strong></span> <span class='ocrx_word' id='word_1_355' title='bbox 2417 2587 2466 2614; x_wconf 73' lang='grc' dir='ltr'><strong>ι.</strong></span> <span class='ocrx_word' id='word_1_356' title='bbox 2522 2562 2867 2626; x_wconf 72' lang='lat' dir='ltr'><strong>Unusquisque</strong></span> 
     </span>
     <span class='ocr_line' id='line_1_56' title="bbox 1837 2641 2866 2706; baseline -0.003 -15"><span class='ocrx_word' id='word_1_357' title='bbox 1837 2645 1968 2692; x_wconf 82' lang='lat' dir='ltr'><strong>enim</strong></span> <span class='ocrx_word' id='word_1_358' title='bbox 2009 2643 2185 2706; x_wconf 74' lang='lat' dir='ltr'><strong>saepius</strong></span> <span class='ocrx_word' id='word_1_359' title='bbox 2223 2643 2286 2691; x_wconf 87' lang='lat' dir='ltr'><strong>de</strong></span> <span class='ocrx_word' id='word_1_360' title='bbox 2334 2642 2527 2691; x_wconf 82' lang='lat' dir='ltr'><strong>dnobus</strong></span> <span class='ocrx_word' id='word_1_361' title='bbox 2567 2641 2760 2699; x_wconf 84' lang='lat' dir='ltr'><strong>dicitur,</strong></span> <span class='ocrx_word' id='word_1_362' title='bbox 2796 2641 2866 2688; x_wconf 81' lang='lat' dir='ltr'><strong>cf.</strong></span> 
     </span>
     <span class='ocr_line' id='line_1_57' title="bbox 1838 2720 2864 2788; baseline -0.005 -18"><span class='ocrx_word' id='word_1_363' title='bbox 1838 2723 1960 2770; x_wconf 73' lang='lat' dir='ltr'><strong>infra</strong></span> <span class='ocrx_word' id='word_1_364' title='bbox 1984 2738 2035 2783; x_wconf 82' lang='lat'><strong>7,</strong></span> <span class='ocrx_word' id='word_1_365' title='bbox 2061 2722 2152 2771; x_wconf 83' lang='lat'><strong>16:</strong></span> <span class='ocrx_word' id='word_1_366' title='bbox 2177 2722 2381 2788; x_wconf 77' lang='lat' dir='ltr'><strong>quisque</strong></span> <span class='ocrx_word' id='word_1_367' title='bbox 2398 2736 2630 2786; x_wconf 84' lang='lat' dir='ltr'><strong>nusqnsm</strong></span> <span class='ocrx_word' id='word_1_368' title='bbox 2649 2721 2718 2767; x_wconf 85' lang='lat' dir='ltr'><strong>sic</strong></span> <span class='ocrx_word' id='word_1_369' title='bbox 2738 2720 2864 2783; x_wconf 84' lang='lat' dir='ltr'><strong>poni</strong></span> 
     </span>
     <span class='ocr_line' id='line_1_58' title="bbox 1838 2798 2870 2865; baseline -0.005 -15"><span class='ocrx_word' id='word_1_370' title='bbox 1838 2802 2162 2850; x_wconf 79' lang='lat' dir='ltr'><strong>meminimus.</strong></span> <span class='ocrx_word' id='word_1_371' title='bbox 2199 2803 2359 2865; x_wconf 71' lang='lat' dir='ltr'><strong>Quem</strong></span> <span class='ocrx_word' id='word_1_372' title='bbox 2392 2800 2532 2849; x_wconf 80' lang='lat' dir='ltr'><strong>sseile</strong></span> <span class='ocrx_word' id='word_1_373' title='bbox 2581 2809 2742 2849; x_wconf 85' lang='lat' dir='ltr'><strong>sutem</strong></span> <span class='ocrx_word' id='word_1_374' title='bbox 2779 2798 2870 2845; x_wconf 75' lang='lat' dir='ltr'><strong>uni</strong></span> 
     </span>
     <span class='ocr_line' id='line_1_59' title="bbox 1839 2879 2868 2943; baseline -0.006 -14"><span class='ocrx_word' id='word_1_375' title='bbox 1839 2881 1930 2929; x_wconf 78' lang='lat' dir='ltr'><strong>bec</strong></span> <span class='ocrx_word' id='word_1_376' title='bbox 1973 2881 2025 2928; x_wconf 85' lang='lat' dir='ltr'><strong>in</strong></span> <span class='ocrx_word' id='word_1_377' title='bbox 2069 2880 2320 2927; x_wconf 73' lang='lat' dir='ltr'><strong>vicinitate</strong></span> <span class='ocrx_word' id='word_1_378' title='bbox 2361 2879 2586 2928; x_wconf 77' lang='lat' dir='ltr'><strong>excidere</strong></span> <span class='ocrx_word' id='word_1_379' title='bbox 2621 2879 2868 2943; x_wconf 85' lang='lat' dir='ltr'><strong>potuerit,</strong></span> 
     </span>
     <span class='ocr_line' id='line_1_60' title="bbox 1839 2957 2868 3020; baseline -0.005 -12"><span class='ocrx_word' id='word_1_380' title='bbox 1839 2974 1985 3008; x_wconf 87' lang='lat' dir='ltr'><strong>nemo</strong></span> <span class='ocrx_word' id='word_1_381' title='bbox 2029 2974 2132 3006; x_wconf 89' lang='lat' dir='ltr'><strong>non</strong></span> <span class='ocrx_word' id='word_1_382' title='bbox 2173 2958 2325 3008; x_wconf 75' lang='lat' dir='ltr'><strong>videt.</strong></span> <span class='ocrx_word' id='word_1_383' title='bbox 2373 2957 2627 3008; x_wconf 79' lang='lat' dir='ltr'><strong>Infinitum</strong></span> <span class='ocrx_word' id='word_1_384' title='bbox 2675 2967 2868 3020; x_wconf 86' lang='lat' dir='ltr'><strong>tempus</strong></span> 
     </span>
     <span class='ocr_line' id='line_1_61' title="bbox 1841 3036 2869 3103; baseline -0.003 -17"><span class='ocrx_word' id='word_1_385' title='bbox 1841 3054 2000 3103; x_wconf 67' lang='lat' dir='ltr'><strong>graeco</strong></span> <span class='ocrx_word' id='word_1_386' title='bbox 2045 3053 2181 3087; x_wconf 86' lang='lat' dir='ltr'><strong>more</strong></span> <span class='ocrx_word' id='word_1_387' title='bbox 2219 3038 2436 3102; x_wconf 81' lang='lat' dir='ltr'><strong>positum</strong></span> <span class='ocrx_word' id='word_1_388' title='bbox 2473 3036 2684 3102; x_wconf 69' lang='lat' dir='ltr'><strong>putabis.</strong></span> <span class='ocrx_word' id='word_1_389' title='bbox 2711 3038 2869 3084; x_wconf 82' lang='lat' dir='ltr'><strong>G.—</strong></span> 
     </span>
     <span class='ocr_line' id='line_1_62' title="bbox 1841 3112 2872 3182; baseline -0.005 -16"><span class='ocrx_word' id='word_1_390' title='bbox 1841 3119 1973 3166; x_wconf 85' lang='lat' dir='ltr'><strong>Bene</strong></span> <span class='ocrx_word' id='word_1_391' title='bbox 2025 3119 2168 3166; x_wconf 68' lang='lat' dir='ltr'><strong>vatit</strong></span> <span class='ocrx_word' id='word_1_392' title='bbox 2218 3117 2421 3182; x_wconf 77' lang='lat' dir='ltr'><strong>gsllims</strong></span> <span class='ocrx_word' id='word_1_393' title='bbox 2475 3117 2603 3179; x_wconf 87' lang='lat' dir='ltr'><strong>intp.</strong></span> <span class='ocrx_word' id='word_1_394' title='bbox 2640 3114 2743 3161; x_wconf 78' lang='lat' dir='ltr'><strong>Soit</strong></span> <span class='ocrx_word' id='word_1_395' title='bbox 2760 3132 2780 3172; x_wconf 84' lang='lat'><strong>,-</strong></span> <span class='ocrx_word' id='word_1_396' title='bbox 2831 3112 2872 3161; x_wconf 77' lang='lat'><strong>1&#39;1</strong></span> 
     </span>
     <span class='ocr_line' id='line_1_63' title="bbox 1843 3195 2870 3258; baseline -0.005 -14"><span class='ocrx_word' id='word_1_397' title='bbox 1843 3196 2007 3244; x_wconf 76' lang='lat' dir='ltr'><strong>aurat‘t</strong></span> <span class='ocrx_word' id='word_1_398' title='bbox 2029 3195 2196 3243; x_wconf 67' lang='lat' dir='ltr'><strong>miens:</strong></span> <span class='ocrx_word' id='word_1_399' title='bbox 2227 3195 2354 3242; x_wconf 72' lang='lat' dir='ltr'><strong>vala</strong></span> <span class='ocrx_word' id='word_1_400' title='bbox 2380 3209 2683 3242; x_wconf 61' lang='lat' dir='ltr'><strong>commences·</strong></span> <span class='ocrx_word' id='word_1_401' title='bbox 2697 3206 2799 3258; x_wconf 78' lang='lat' dir='ltr'><strong>par</strong></span> <span class='ocrx_word' id='word_1_402' title='bbox 2813 3207 2870 3239; x_wconf 82' lang='lat' dir='ltr'><strong>ee</strong></span> 
     </span>
     <span class='ocr_line' id='line_1_64' title="bbox 1833 3272 2868 3339; baseline -0.004 -17"><span class='ocrx_word' id='word_1_403' title='bbox 1833 3273 2014 3339; x_wconf 66' lang='lat' dir='ltr'><strong>paim,-</strong></span> <span class='ocrx_word' id='word_1_404' title='bbox 2060 3274 2186 3322; x_wconf 80' lang='lat' dir='ltr'><strong>mais</strong></span> <span class='ocrx_word' id='word_1_405' title='bbox 2234 3273 2275 3321; x_wconf 80' lang='lat' dir='ltr'><strong>il</strong></span> <span class='ocrx_word' id='word_1_406' title='bbox 2325 3284 2396 3321; x_wconf 76' lang='lat' dir='ltr'><strong>ese</strong></span> <span class='ocrx_word' id='word_1_407' title='bbox 2419 3272 2561 3338; x_wconf 79' lang='lat' dir='ltr'><strong>juste</strong></span> <span class='ocrx_word' id='word_1_408' title='bbox 2610 3288 2706 3336; x_wconf 78' lang='lat' dir='ltr'><strong>que</strong></span> <span class='ocrx_word' id='word_1_409' title='bbox 2740 3285 2868 3320; x_wconf 73' lang='lat' dir='ltr'><strong>vous</strong></span> 
     </span>
     <span class='ocr_line' id='line_1_65' title="bbox 1844 3350 2296 3415; baseline 0.002 -15"><span class='ocrx_word' id='word_1_410' title='bbox 1844 3369 1989 3415; x_wconf 74' lang='lat' dir='ltr'><strong>soyes</strong></span> <span class='ocrx_word' id='word_1_411' title='bbox 2024 3352 2072 3401; x_wconf 84' lang='lat' dir='ltr'><strong>Ie</strong></span> <span class='ocrx_word' id='word_1_412' title='bbox 2106 3350 2296 3401; x_wconf 72' lang='lat' dir='ltr'><strong>masere.</strong></span> 
     </span>
    </p>

    <p class='ocr_par' dir='ltr' id='par_1_8' title="bbox 1842 3430 2874 4035">
     <span class='ocr_line' id='line_1_66' title="bbox 1915 3430 2868 3488; baseline -0.003 -9"><span class='ocrx_word' id='word_1_413' title='bbox 1915 3434 1983 3482; x_wconf 87' lang='lat'><strong>11.</strong></span> <span class='ocrx_word' id='word_1_414' title='bbox 2029 3448 2078 3480; x_wconf 87' lang='lat'><strong>1.</strong></span> <span class='ocrx_word' id='word_1_415' title='bbox 2112 3431 2305 3481; x_wconf 74' lang='lat' dir='ltr'><strong>Deinde</strong></span> <span class='ocrx_word' id='word_1_416' title='bbox 2337 3444 2523 3479; x_wconf 76' lang='lat' dir='ltr'><strong>eorum.</strong></span> <span class='ocrx_word' id='word_1_417' title='bbox 2559 3430 2641 3477; x_wconf 89' lang='lat' dir='ltr'><strong>Sic</strong></span> <span class='ocrx_word' id='word_1_418' title='bbox 2677 3439 2868 3488; x_wconf 73' lang='lat' dir='ltr'><strong>auctor,</strong></span> 
     </span>
     <span class='ocr_line' id='line_1_67' title="bbox 1847 3507 2868 3575; baseline -0.004 -16"><span class='ocrx_word' id='word_1_419' title='bbox 1847 3513 2022 3559; x_wconf 82' lang='lat' dir='ltr'><strong>omisss</strong></span> <span class='ocrx_word' id='word_1_420' title='bbox 2053 3510 2284 3575; x_wconf 76' lang='lat' dir='ltr'><strong>discipuli</strong></span> <span class='ocrx_word' id='word_1_421' title='bbox 2307 3525 2459 3566; x_wconf 79' lang='lat' dir='ltr'><strong>voce,</strong></span> <span class='ocrx_word' id='word_1_422' title='bbox 2486 3507 2637 3567; x_wconf 87' lang='lat' dir='ltr'><strong>solet,</strong></span> <span class='ocrx_word' id='word_1_423' title='bbox 2663 3509 2728 3556; x_wconf 72' lang='lat' dir='ltr'><strong>cs.</strong></span> <span class='ocrx_word' id='word_1_424' title='bbox 2765 3511 2868 3555; x_wconf 73' lang='lat' dir='ltr'><strong>Fin.</strong></span> 
     </span>
     <span class='ocr_line' id='line_1_68' title="bbox 1845 3586 2864 3653; baseline -0.003 -16"><span class='ocrx_word' id='word_1_425' title='bbox 1845 3592 1910 3649; x_wconf 78' lang='lat' dir='ltr'><strong>V,</strong></span> <span class='ocrx_word' id='word_1_426' title='bbox 1942 3591 1990 3646; x_wconf 87' lang='lat'><strong>5,</strong></span> <span class='ocrx_word' id='word_1_427' title='bbox 2019 3590 2080 3639; x_wconf 78' lang='lat'><strong>13</strong></span> <span class='ocrx_word' id='word_1_428' title='bbox 2109 3604 2124 3639; x_wconf 72' lang='grc' dir='ltr'><em>τ</em></span> <span class='ocrx_word' id='word_1_429' title='bbox 2153 3612 2179 3632; x_wconf 70' lang='grc' dir='ltr'><strong>οι</strong></span> <span class='ocrx_word' id='word_1_430' title='bbox 2198 3586 2523 3653; x_wconf 83' lang='lat' dir='ltr'><strong>Tbeophrssti</strong></span> <span class='ocrx_word' id='word_1_431' title='bbox 2545 3588 2864 3653; x_wconf 79' lang='lat' dir='ltr'><strong>Lyco...bu·</strong></span> 
     </span>
     <span class='ocr_line' id='line_1_69' title="bbox 1842 3667 2870 3734; baseline -0.005 -18"><span class='ocrx_word' id='word_1_432' title='bbox 1842 3671 1922 3730; x_wconf 82' lang='lat' dir='ltr'><strong>jus</strong></span> <span class='ocrx_word' id='word_1_433' title='bbox 1966 3670 2103 3734; x_wconf 79' lang='lat' dir='ltr'><strong>Lyco</strong></span> <span class='ocrx_word' id='word_1_434' title='bbox 2115 3701 2232 3717; x_wconf 90' lang='grc'><strong>.....</strong></span> <span class='ocrx_word' id='word_1_435' title='bbox 2243 3667 2389 3728; x_wconf 74' lang='lat' dir='ltr'><strong>buius</strong></span> <span class='ocrx_word' id='word_1_436' title='bbox 2430 3667 2601 3715; x_wconf 78' lang='lat' dir='ltr'><strong>Aristo</strong></span> <span class='ocrx_word' id='word_1_437' title='bbox 2625 3687 2667 3716; x_wconf 76' lang='grc' dir='ltr'><strong>ι.</strong></span> <span class='ocrx_word' id='word_1_438' title='bbox 2715 3669 2870 3729; x_wconf 80' lang='lat' dir='ltr'><strong>AEque</strong></span> 
     </span>
     <span class='ocr_line' id='line_1_70' title="bbox 1845 3743 2872 3811; baseline -0.004 -14"><span class='ocrx_word' id='word_1_439' title='bbox 1845 3748 2110 3797; x_wconf 74' lang='lat' dir='ltr'><strong>imitatores</strong></span> <span class='ocrx_word' id='word_1_440' title='bbox 2140 3747 2379 3811; x_wconf 75' lang='lat' dir='ltr'><strong>intelliges</strong></span> <span class='ocrx_word' id='word_1_441' title='bbox 2408 3743 2546 3796; x_wconf 78' lang='lat' dir='ltr'><strong>Brut.</strong></span> <span class='ocrx_word' id='word_1_442' title='bbox 2578 3762 2659 3806; x_wconf 80' lang='lat'><strong>17,</strong></span> <span class='ocrx_word' id='word_1_443' title='bbox 2694 3744 2780 3806; x_wconf 82' lang='lat'><strong>67.</strong></span> <span class='ocrx_word' id='word_1_444' title='bbox 2801 3770 2872 3781; x_wconf 91' lang='lat'>—</span> 
     </span>
     <span class='ocr_line' id='line_1_71' title="bbox 1844 3823 2872 3884; baseline -0.008 -7"><span class='ocrx_word' id='word_1_445' title='bbox 1844 3829 1896 3877; x_wconf 85' lang='lat' dir='ltr'><strong>Si</strong></span> <span class='ocrx_word' id='word_1_446' title='bbox 1925 3839 2086 3876; x_wconf 82' lang='lat' dir='ltr'><strong>sutem</strong></span> <span class='ocrx_word' id='word_1_447' title='bbox 2120 3828 2237 3875; x_wconf 79' lang='lat' dir='ltr'><strong>Em.</strong></span> <span class='ocrx_word' id='word_1_448' title='bbox 2264 3825 2434 3873; x_wconf 73' lang='lat' dir='ltr'><strong>borum</strong></span> <span class='ocrx_word' id='word_1_449' title='bbox 2459 3824 2675 3884; x_wconf 73' lang='lat' dir='ltr'><strong>mavult,</strong></span> <span class='ocrx_word' id='word_1_450' title='bbox 2710 3823 2872 3870; x_wconf 85' lang='lat' dir='ltr'><strong>minus</strong></span> 
     </span>
     <span class='ocr_line' id='line_1_72' title="bbox 1845 3903 2874 3969; baseline -0.005 -14"><span class='ocrx_word' id='word_1_451' title='bbox 1845 3918 1978 3956; x_wconf 87' lang='lat' dir='ltr'><strong>reete</strong></span> <span class='ocrx_word' id='word_1_452' title='bbox 2000 3906 2114 3954; x_wconf 74' lang='lat' dir='ltr'><strong>fecit</strong></span> <span class='ocrx_word' id='word_1_453' title='bbox 2129 3940 2143 3963; x_wconf 94' lang='lat'><strong>,</strong></span> <span class='ocrx_word' id='word_1_454' title='bbox 2168 3921 2321 3969; x_wconf 81' lang='lat' dir='ltr'><strong>quum</strong></span> <span class='ocrx_word' id='word_1_455' title='bbox 2346 3904 2455 3954; x_wconf 75' lang='lat' dir='ltr'><strong>illos</strong></span> <span class='ocrx_word' id='word_1_456' title='bbox 2473 3903 2535 3952; x_wconf 90' lang='lat' dir='ltr'><strong>de</strong></span> <span class='ocrx_word' id='word_1_457' title='bbox 2552 3903 2724 3952; x_wconf 83' lang='lat' dir='ltr'><strong>iisdem</strong></span> <span class='ocrx_word' id='word_1_458' title='bbox 2749 3918 2874 3967; x_wconf 64' lang='lat' dir='ltr'><strong>pre·</strong></span> 
     </span>
     <span class='ocr_line' id='line_1_73' title="bbox 1844 3986 2149 4035; baseline -0.003 0"><span class='ocrx_word' id='word_1_459' title='bbox 1844 3986 2058 4035; x_wconf 81' lang='lat' dir='ltr'><strong>cesserit.</strong></span> <span class='ocrx_word' id='word_1_460' title='bbox 2084 3986 2149 4034; x_wconf 90' lang='lat' dir='ltr'><strong>G.</strong></span> 
     </span>
    </p>

    <p class='ocr_par' dir='ltr' id='par_1_9' title="bbox 1831 4061 2871 4207">
     <span class='ocr_line' id='line_1_74' title="bbox 1917 4061 2869 4127; baseline -0.004 -15"><span class='ocrx_word' id='word_1_461' title='bbox 1917 4081 1966 4112; x_wconf 76' lang='lat' dir='ltr'><strong>s.</strong></span> <span class='ocrx_word' id='word_1_462' title='bbox 1998 4066 2212 4127; x_wconf 69' lang='lat' dir='ltr'><strong>Quorum</strong></span> <span class='ocrx_word' id='word_1_463' title='bbox 2225 4061 2339 4127; x_wconf 72' lang='lat' dir='ltr'><strong>faie</strong></span> <span class='ocrx_word' id='word_1_464' title='bbox 2364 4062 2474 4112; x_wconf 76' lang='lat' dir='ltr'><strong>haee</strong></span> <span class='ocrx_word' id='word_1_465' title='bbox 2498 4061 2746 4111; x_wconf 71' lang='lat' dir='ltr'><strong>institutio.</strong></span> <span class='ocrx_word' id='word_1_466' title='bbox 2772 4063 2869 4109; x_wconf 86' lang='lat' dir='ltr'><strong>Int.</strong></span> 
     </span>
     <span class='ocr_line' id='line_1_75' title="bbox 1831 4140 2871 4207; baseline -0.005 -16"><span class='ocrx_word' id='word_1_467' title='bbox 1831 4144 1934 4207; x_wconf 66' lang='lat' dir='ltr'><strong>qni</strong></span> <span class='ocrx_word' id='word_1_468' title='bbox 1954 4142 2205 4190; x_wconf 76' lang='lat' dir='ltr'><strong>doctrines</strong></span> <span class='ocrx_word' id='word_1_469' title='bbox 2227 4142 2339 4191; x_wconf 84' lang='lat' dir='ltr'><strong>illss</strong></span> <span class='ocrx_word' id='word_1_470' title='bbox 2357 4143 2411 4191; x_wconf 88' lang='lat' dir='ltr'><strong>in</strong></span> <span class='ocrx_word' id='word_1_471' title='bbox 2432 4143 2589 4192; x_wconf 76' lang='lat' dir='ltr'><strong>lucem</strong></span> <span class='ocrx_word' id='word_1_472' title='bbox 2607 4140 2871 4191; x_wconf 80' lang='lat' dir='ltr'><strong>edidersnt.</strong></span> 
     </span>
    </p>
   </div>
  </div>
 </body>
</html>
