3217 4784
842 493 967 561 DE
1014 492 1186 561 FIN.
1240 492 1446 561 BON.
1498 494 1613 561 ET
1659 491 1878 559 MAL.
1927 493 1984 573 Ι,
2025 486 2088 558 3.

2428 488 2512 567 lt!

575 627 730 694 Χαῖρι
747 655 764 686 ,
793 613 955 672 Tite!
985 612 1121 670 hinc
1144 611 1327 669 hostis
1350 612 1427 669 mi
1449 610 1761 685 Albucius,
1789 608 1926 669 hinc
1953 608 2235 667 inimicus.

510 744 643 816 Sed
677 744 829 836 jure
855 746 1156 814 Mucius.
1185 746 1332 839 Ego
1350 758 1589 814 autem
1609 746 1774 815 satis
1795 754 1855 801 ¹9
1879 744 2119 812 mirari
2143 764 2293 811 non
2308 763 2522 837 que0‚
2566 760 2630 795 ¹0

414 852 612 924 unde
640 852 780 923 hoc
809 856 899 924 sit
931 867 1075 923 tam
1110 852 1426 923 insolens
1460 852 2012 924 domesticarum
2041 874 2283 922 rerum
2322 847 2522 919 fasti·

419 960 637 1030 dium.
695 964 862 1031 Non
912 975 1018 1031 est
1060 963 1358 1031 omnino
1421 961 1538 1033 hic
1582 962 1886 1037 docendi
1944 961 2144 1032 locus
2186 987 2203 1030 ε
2249 957 2376 1031 sed
2426 961 2526 1030 ita

419 1078 652 1145 sentio
669 1128 689 1160 ‚
714 1088 786 1143 et
812 1098 995 1171 saepe
1021 1074 1425 1164 disserui²⁰‚
1458 1076 1749 1147 latinam
1778 1077 2092 1173 linguam
2130 1100 2281 1146 non
2306 1073 2526 1145 modo

422 1193 636 1253 non²¹
673 1186 993 1282 inopem,
1013 1201 1094 1255 ut
1113 1185 1324 1282 vulgo
1356 1202 1690 1284 putarent
1709 1197 1801 1274 ²²,
1828 1186 1952 1257 sed
1989 1184 2528 1282 locupletiorem

419 1296 636 1365 etiam
656 1290 721 1337 ²³
749 1318 900 1367 esse
924 1350 944 1382 ‚
972 1321 1189 1393 quam
1223 1321 1540 1392 graecam.
1577 1296 1890 1393 Quando
1918 1299 2145 1381 enim,
2168 1294 2281 1366 vel
2319 1293 2532 1365 nobis

422 1403 652 1475 dicam
670 1405 759 1494 ²4,
787 1421 911 1476 aut
940 1405 1345 1479 oratoribus
1370 1406 1586 1479 bonis
1604 1462 1635 1494 ,,
1657 1422 1784 1478 aut
1813 1407 2072 1504 poetis»,
2099 1419 2345 1503 postea
2377 1404 2536 1501 qui-

419 1582 483 1644 Q.
494 1582 690 1629 Mucius
701 1598 872 1647 augur,
888 1598 1034 1646 gener
1046 1583 1101 1631 C.
1117 1582 1247 1631 Laelii
1263 1617 1278 1641 ‚
1298 1599 1434 1631 socer

417 1661 473 1709 1..
501 1662 657 1710 Crassi
694 1663 900 1709 oratoris
918 1695 934 1720 ,
986 1672 1235 1709 accusatus
1269 1673 1437 1725 postea

418 1739 791 1803 repetundarum
844 1738 907 1786 ab
949 1741 1045 1787 hoc
1091 1739 1304 1787 Albucio
1324 1774 1339 1798 ,
1380 1750 1437 1787 ut

415 1817 593 1882 legitur
623 1820 677 1865 in
710 1819 865 1866 Bruto
883 1852 899 1877 ‚
924 1833 1032 1881 cap.
1061 1819 1146 1865 26.
1168 1819 1324 1880 Quam
1353 1833 1436 1864 ac-

418 1898 716 1944 cusationem
755 1896 989 1958 spectavit
1033 1897 1245 1943 Lucilius
1292 1908 1437 1961 poeta

418 1975 473 2022 in
486 1973 576 2023 illo
590 1990 731 2022 versu
741 2009 755 2031 ,
797 1996 821 2016 ιι
837 1976 966 2022 Hinc
976 1974 1126 2022 hostis
1139 1977 1273 2023 Muci
1291 1975 1437 2025 Albu-

420 2053 526 2102 cius
544 2088 560 2113 ‚
576 2052 694 2100 binc
712 2053 940 2102 inimicus
956 2076 1003 2105 »-
1028 2056 1323 2103 Manu-rma.

498 2144 578 2193 19.
622 2132 728 2194 Ego
765 2143 925 2179 autem
967 2134 1084 2181 satis
1131 2135 1303 2182 mirari
1339 2150 1436 2182 non

421 2226 568 2275 queo.
607 2211 816 2257 Goerenz
842 2211 973 2261 delet
998 2213 1134 2260 satis.
1154 2216 1332 2261 —Intt.
1364 2215 1440 2260 in·

420 2291 557 2355 quit,
603 2290 725 2337 satis
778 2306 839 2338 ex
880 2291 1076 2355 ingenio
1128 2290 1439 2341 addiderunt.

422 2371 540 2419 Non
576 2371 913 2421 necessarium.
949 2370 1129 2419 Miner-i
1160 2372 1286 2418 enim
1324 2385 1441 2418 can·

421 2465 519 2496 sam
541 2449 810 2512 ignorantis
830 2459 903 2497 est
926 2463 940 2497 ε
960 2450 1044 2513 qni
1064 2460 1223 2497 autem
1244 2462 1435 2497 causam

421 2528 612 2591 ignorat
625 2562 640 2587 ,
659 2527 831 2576 docem
842 2544 946 2576 eam
959 2529 1146 2593 nequit.
1160 2530 1277 2577 Non
1295 2528 1444 2592 igitur

422 2606 617 2664 cicero,
645 2607 686 2653 si
714 2606 834 2654 satis
859 2607 1127 2671 scripsisset
1144 2640 1160 2666 ‚
1209 2607 1406 2655 adderet
1422 2640 1437 2665 ‚

424 2705 452 2725 α
473 2700 579 2731 non
602 2694 673 2731 est
699 2685 899 2732 omnino
919 2686 999 2733 hic
1020 2684 1229 2733 docendi
1252 2684 1389 2733 locus
1398 2707 1439 2733 ιο.

423 2763 602 2812 Sensus
628 2764 778 2826 igitur
813 2764 909 2811 loci
963 2765 1136 2828 plenus
1177 2764 1287 2822 hic,
1331 2776 1440 2814 est:

423 2862 449 2885 ι
479 2845 585 2905 Ego
645 2842 841 2905 quidem
880 2859 1069 2890 caussm
1116 2844 1183 2890 rei
1252 2843 1398 2891 video
1416 2866 1442 2885 ι·

424 2922 572 2984 (quoe
599 2920 650 2966 in
675 2921 907 2983 opinione
931 2921 1021 2968 sita
1049 2932 1123 2969 est
1140 2956 1155 2977 ,
1182 2937 1441 2985 pauperem

423 3015 527 3047 esse
552 2998 858 3045 vernaculam
886 3007 935 3045 et
960 2999 1157 3062 inopem
1174 3032 1189 3057 ,
1217 3000 1269 3046 in
1296 2999 1442 3047 rebus

418 3064 658 3136 maxime,
700 3092 811 3140 qua
846 3076 909 3123 ad
944 3076 1300 3140 philosophiam
1321 3078 1442 3126 rese-

424 3160 624 3221 runtur)
646 3190 662 3215 ‚
709 3177 732 3199 ι
761 3170 851 3202 nec
900 3154 1039 3202 locus
1084 3165 1182 3212 est,
1241 3167 1295 3203 ut
1337 3172 1442 3203 eam

424 3236 625 3285 uberius
668 3248 908 3298 exponam
945 3247 960 3281 a
999 3232 1086 3280 sed
1122 3234 1443 3282 hoc-omnino

424 3323 589 3362 statuo
616 3334 661 3361 υ.
694 3312 756 3362 G.
1214 3306 1235 3317 ³

498 3408 580 3441 uo.
623 3392 721 3440 Sed
758 3391 830 3438 ἔω
873 3391 1027 3438 sencio
1041 3424 1056 3449 ‚
1093 3402 1143 3438 ee
1177 3406 1306 3455 soepe
1340 3390 1442 3439 Δίε-

424 3470 569 3521 scrm‘,
587 3473 662 3518 De
683 3471 867 3519 Natura
890 3472 1104 3517 Deorum
1119 3504 1133 3527 ,
1153 3468 1239 3516 lib.
1259 3471 1283 3516 1
1298 3504 1313 3529 ‚
1333 3484 1441 3535 cap.

426 3559 457 3607 4
475 3586 491 3609 ‚
525 3561 574 3597 et
590 3549 667 3597 his
687 3547 748 3596 de
768 3547 927 3596 Finib.
947 3547 1113 3610 libris,
1140 3550 1241 3603 111,
1273 3563 1321 3597 α.
1348 3549 1442 3597 Sed

424 3629 523 3677 boc
552 3628 672 3676 salso
699 3628 801 3676 Cic.
828 3626 1113 3686 contendit3
1142 3627 1325 3698 quippe
1354 3628 1441 3691 qui

425 3708 520 3757 boc
562 3712 671 3775 ipso
714 3710 766 3756 in
809 3724 955 3773 opere
1003 3723 1157 3772 groeea
1201 3710 1435 3758 vocabula

423 3798 706 3850 mutuetur,
737 3798 785 3835 et
810 3786 1010 3835 Τιιισιιι.
1033 3790 1083 3836 11
1110 3823 1126 3847 ‚
1150 3784 1240 3845 15,
1274 3787 1437 3837 latinns

424 3865 602 3930 lingue
621 3877 875 3931 egestatem
895 3867 1118 3915 fateatur.
1146 3867 1290 3916 Conf.
1309 3868 1434 3916 infra

425 3946 529 4004 111,
556 3948 644 4004 15,
676 3947 756 3995 51.
779 3948 975 3996 J.v.1..

499 4040 579 4074 οι.
596 4027 713 4073 Non
730 4025 876 4073 modo
896 4040 1010 4072 non.
1026 4027 1249 4087 Quatuor
1265 4024 1438 4088 optimi

426 4104 579 4149 nostri
619 4105 932 4167 posteriorem
981 4105 1284 4166 negationem
1310 4103 1436 4166 abii-

424 4180 579 4230 ciunt.
608 4184 681 4232 Ita
718 4183 879 4232 solent
916 4180 1100 4230 scilicet
1138 4182 1341 4241 sot-ibae,
1393 4184 1437 4230 si

1518 1584 1646 1631 inter
1659 1605 1684 1625 ι
1696 1598 1796 1630 non
1811 1580 1962 1629 modo
1980 1597 2116 1629 non·
2142 1591 2194 1628 et
2210 1602 2232 1622 ι·
2250 1580 2489 1629 sedetiam
2510 1601 2536 1623 ι·

1520 1662 1818 1708 enuntiatum
1827 1660 2174 1723 ‚lutei-ponitur.
2190 1660 2256 1707 G.

1593 1755 1679 1788 αα.
1711 1741 1773 1786 Ue
1799 1739 2213 1803 vulgoputarene.
2245 1739 2396 1785 Recte
2421 1738 2536 1784 Ern.

1520 1818 1767 1882 vulgatum
1806 1819 2024 1882 reposuit
2057 1853 2073 1878 ,
2119 1815 2256 1879 quod
2281 1815 2446 1864 Davis.
2487 1816 2537 1861 in

1510 1907 1697 1961 putant
1742 1906 1950 1945 mutarat
1980 1931 1995 1956 ,
2041 1896 2232 1961 imperf.
2287 1894 2470 1943 doeens
2510 1910 2539 1940 a

1520 1974 1723 2023 disserui
1733 1976 1960 2040 pendere.
1974 1976 2051 2024 Cf.
2064 1978 2200 2023 Orat.
2218 1978 2266 2032 1,
2292 1976 2382 2032 36,
2405 1974 2503 2021 165
2522 1987 2536 2021 :

1520 2070 1659 2119 «qua-
1677 2067 1730 2104 tu
1747 2057 1928 2103 oratori
1947 2054 2283 2118 cognoscenda
2304 2052 2542 2101 essedixi·

1521 2135 1607 2193 sti,
1626 2135 1687 2182 de
1711 2136 1892 2183 naturis
1907 2135 2157 2182 hominum
2174 2169 2189 2193 ‚
2211 2132 2272 2181 de
2291 2131 2538 2186 moribus,

1523 2213 1585 2260 de
1623 2214 1892 2262 rationibus
1927 2215 2015 2276 iis,
2058 2213 2240 2278 quibus
2282 2213 2534 2260 hominum

1523 2302 1708 2339 mentes
1722 2292 2052 2348 incitarentur.
2064 2304 2158 2341 etc.
2177 2316 2203 2335 ι·
2222 2294 2288 2341 G.
2447 2284 2463 2301 ⁵

1598 2369 1679 2419 23.
1710 2372 2080 2433 locupletiorem
2107 2370 2266 2421 etiam.
2298 2374 2539 2435 Intempe-

1524 2451 1649 2498 stive
1687 2450 1913 2512 ignorent
1956 2468 1993 2499 s.
2030 2462 2079 2499 et
2106 2447 2150 2509 ξ.
2180 2452 2362 2508 etiann-
2402 2451 2541 2510 cujus

1525 2529 1869 2593 compendium
1896 2532 1998 2577 sive
2022 2530 2302 2595 precedens
2323 2528 2507 2594 syllaba
2526 2561 2541 2585 ‚

1522 2609 1627 2655 sive
1652 2607 1842 2670 subseq.
1865 2623 1991 2663 esse,
2030 2608 2206 2656 hausit.
2239 2608 2304 2657 G.

1599 2695 1682 2743 ²4·
1728 2685 1822 2733 Vel
1850 2685 1987 2734 nobis
2021 2686 2199 2735 dicam.
2237 2685 2400 2733 Davis.
2429 2699 2539 2731 cum

1526 2765 1676 2814 Lamb
1736 2765 1825 2812 vel
1858 2765 1910 2813 in
1952 2780 2016 2811 ne
2055 2764 2302 2823 mutabat3
2339 2764 2543 2823 conjicit

1526 2856 1753 2908 praterea
1775 2865 1796 2887 ι
1823 2844 1897 2891 vel
1918 2843 1979 2891 de
1999 2843 2145 2890 nobis
2164 2842 2248 2892 d.»
2269 2844 2384 2891 Em.
2407 2844 2546 2888 hm·

1525 2921 1629 2969 bini
1663 2922 1899 2969 rationem
1935 2921 2109 2985 probat
2137 2955 2152 2979 ‚
2200 2920 2544 2982 vulgatumque

1527 3016 1668 3048 sensu
1687 3000 1972 3048 destitutum
1993 2998 2134 3045 dicit.
2158 3000 2224 3045 At
2241 2998 2400 3043 Bremi
2420 2994 2543 3044 hanc

1527 3080 1642 3139 ejus·
1669 3080 1769 3126 vim
1807 3095 1909 3126 esse
1945 3076 2166 3141 perhibet
2183 3110 2196 3134 ,
2242 3097 2267 3117 ι
2288 3076 2354 3123 Ut
2381 3075 2455 3123 vel
2483 3074 2544 3123 de

1526 3173 1603 3203 me
1626 3157 1784 3204 dicam
1806 3191 1820 3214 ,
1845 3156 1930 3218 qui
1955 3154 2230 3202 oratoribus
2251 3154 2394 3202 bonis
2408 3187 2423 3211 ‚
2462 3163 2544 3201 aut

1529 3235 1687 3298 poetis
1705 3269 1722 3291 ,
1750 3251 1828 3282 me
1853 3249 1953 3281 non
1981 3232 2140 3281 audeo
2165 3249 2479 3282 annumerare
2497 3255 2541 3281 ιι.

1528 3311 1714 3359 Vellem
1752 3311 2025 3370 docuisset,
2054 3323 2109 3358 ue
2140 3313 2203 3361 ad
2230 3312 2395 3360 dicam
2420 3313 2546 3374 eius-

1526 3389 1663 3438 modi
1718 3390 1766 3436 in
1820 3400 2048 3437 contextu
2099 3406 2210 3438 vere
2256 3390 2503 3439 subaudiri
2525 3424 2541 3448 ‚

1526 3468 1664 3534 quod
1695 3468 1786 3521 rite
1809 3484 1951 3532 posse
1972 3468 2115 3516 valde
2144 3469 2333 3517 dubito.
2367 3469 2544 3517 Similis

1525 3559 1764 3596 structura
1784 3558 1857 3595 est
1876 3582 1892 3605 ‚
1935 3569 1961 3589 α
1977 3547 2122 3595 nobis
2147 3547 2304 3595 dicam
2319 3583 2334 3608 ‚
2355 3563 2416 3595 an
2436 3564 2543 3595 ora·

1525 3627 1738 3686 toribus,
1768 3637 1851 3675 aut
1874 3629 2030 3691 poetis
2056 3629 2114 3675 ἱ)-
2145 3643 2296 3691 eaque
2322 3626 2543 3675 Ciceroni

1525 3708 1641 3756 satis
1682 3692 1924 3770 frequens.
1954 3708 2090 3755 Sens.
2125 3717 2223 3765 est,
2260 3707 2428 3764 «sive,
2466 3706 2546 3754 vel

1523 3786 1668 3836 nobis
1696 3787 1770 3852 (i.
1791 3803 1837 3835 e.
1865 3787 1983 3834 mihi
2023 3797 2074 3835 et
2113 3786 2199 3834 tibi
2215 3820 2231 3844 ,
2255 3787 2541 3849 Torquate)

1526 3865 1683 3913 dicam
1701 3899 1716 3922 ,
1753 3866 1854 3912 sive
1911 3866 2115 3913 omnino
2161 3875 2306 3914 oratt.
2364 3864 2509 3913 bonis
2529 3898 2545 3923 ‚

1523 3954 1606 3992 ant
1632 3944 1792 4008 poetis
1811 3965 1856 3991 ι.
1879 3944 2155 3993 Modestius
2184 3943 2358 3992 deinde
2388 3944 2545 4008 pergit

1525 4022 1842 4071 imitarentur.
1870 4025 1931 4070 G.
1968 4050 2039 4061 —-
2073 4026 2122 4073 J.
2150 4026 2214 4072 V.
2243 4025 2299 4072 1..
2325 4020 2545 4086 quamvis

1524 4101 1766 4164 vulgatam
1793 4112 1979 4160 servet,
1999 4102 2144 4149 vertit
2165 4116 2182 4150 2
2214 4117 2332 4150 sans
2349 4098 2544 4165 pre'een·

1523 4181 1612 4228 dre
1634 4196 1709 4228 me
1729 4180 1852 4228 citer
1877 4178 2173 4230 moi-meme.
