3217 4784
767 381 884 451 DE
932 380 1104 450 FIN.
1157 378 1367 446 BON.
1414 378 1528 445 ET
1579 377 1791 444 MAL.
1839 377 1944 457 ΙΙ,
2008 396 2111 468 ¹7·

1387 521 1702 594 quorum
1771 521 1985 566 nemo
2044 496 2322 566 censuit
2366 497 2528 593 plus

403 506 610 576 multi
653 503 1069 602 amplissimi
1128 502 1257 568 viri
1311 525 1327 565 t

2389 376 2528 444 223

406 615 627 685 Fadiae
667 612 983 685 dandum
1013 620 1101 694 ¹⁰,
1147 631 1365 705 quam
1415 621 1655 702 posset
1684 604 1771 676 ad
1812 630 1967 675 eam
2004 605 2159 701 lege
2205 607 2528 676 Voconia

400 725 791 822 pervenire.
834 721 1098 792 Tenuit
1137 738 1596 815 permagnam
1635 714 1969 785 Sextilius
1997 713 2472 785 hereditatem
2505 742 2522 783 z

399 832 637 921 unde,
685 836 744 903 si
787 842 1138 925 sequutus
1175 839 1363 895 esset
1411 847 1662 893 eorum
1700 827 2127 894 sententiam
2154 876 2173 911 ,
2215 824 2344 919 qui
2389 822 2526 894 ho-

400 956 598 1014 nesta
649 954 721 1011 et
788 952 981 1008 recta
1037 934 1539 1008 emolumentis
1602 928 1946 1003 omnibus
1994 947 2066 1002 et
2120 935 2522 1005 commodis

397 1048 956 1148 anteponerent,
987 1070 1079 1117 ne
1099 1068 1474 1115 nummum
1502 1041 1796 1139 quidem
1828 1066 2054 1111 unum
2073 1040 2121 1073 ¹¹
2150 1045 2519 1141 attigisset.

398 1162 590 1230 Num
645 1158 860 1253 igitur
912 1181 1078 1227 eum
1131 1169 1385 1252 postea
1440 1162 1769 1222 censes¹²
1829 1152 2039 1221 anxio
2105 1154 2346 1224 animo
2402 1171 2527 1226 ant

400 1335 527 1382 idem
572 1335 770 1381 Oxonn.
823 1334 971 1380 Mara.
1034 1333 1169 1381 Crat.
1217 1331 1420 1394 aliaeqne

401 1425 519 1461 vett.
575 1402 762 1460 excuse
804 1411 984 1460 multa.
1034 1410 1196 1475 Vulgo
1241 1411 1330 1458 sed
1374 1421 1421 1457 et

400 1494 643 1541 scribitur.
664 1494 728 1542 G.

477 1589 556 1621 to.
574 1572 688 1621 Plus
706 1572 878 1620 Fudiae
893 1572 1132 1620 dandum.
1160 1573 1228 1617 Ita
1251 1568 1422 1631 scripti

400 1656 551 1701 nostri
596 1669 764 1700 omnes
786 1686 801 1712 ,
875 1653 965 1698 nisi
1028 1649 1164 1713 quod
1209 1646 1340 1695 Gud.
1389 1661 1417 1691 a

400 1732 605 1780 fatidica*
636 1738 819 1796 peccat.
854 1732 971 1777 Ern.
1001 1738 1170 1775 contra
1202 1742 1265 1772 ex
1297 1735 1419 1772 vett.

399 1813 542 1858 editis
547 1810 682 1878 filia·
702 1809 927 1872 scripsit,
968 1818 1211 1868 tamquam
1235 1804 1332 1852 hoc
1359 1802 1423 1849 ad

400 1886 582 1952 le'gem,
622 1900 670 1935 et
711 1888 773 1935 ad
801 1886 1051 1949 superiora
1070 1921 1085 1943 ,
1127 1883 1191 1931 sit
1224 1883 1421 1946 aptins;

399 1968 541 2030 eique
584 1968 744 2016 Brem.
778 1964 1038 2012 consentit.
1082 1962 1186 2009 Nos
1220 1962 1271 2009 id
1307 1962 1420 2025 qni-

402 2045 510 2090 dem
539 2059 708 2106 pai-nm
740 2044 973 2091 videmus.
1014 2041 1255 2089 Advocati
1291 2042 1419 2089 enim

403 2121 473 2168 illi
493 2131 659 2181 erant,
700 2132 755 2168 nt
787 2121 905 2183 legis
934 2121 1169 2168 Voconiae
1196 2120 1338 2167 verba
1357 2119 1419 2167 ad

403 2217 501 2249 rem
529 2210 814 2264 praesentem
853 2201 942 2247 rite
968 2200 1388 2247 accommodarent
1405 2233 1419 2256 ‚

402 2291 478 2337 et,
513 2278 651 2343 qnod
683 2278 765 2325 lex
804 2277 865 2325 de
901 2278 1142 2325 testatoris
1161 2277 1259 2325 filia
1276 2278 1422 2339 jube-

400 2358 515 2415 bat,
546 2357 611 2404 ad
655 2357 860 2404 Badiam
898 2356 1228 2420 applicarent,
1270 2367 1323 2404 nt
1350 2359 1421 2405 sic

401 2437 606 2485 Sextilio
648 2437 709 2485 de
743 2438 853 2498 J‘nre
879 2446 1122 2484 caverent.
1152 2435 1299 2498 Quod
1328 2437 1420 2484 nisi

399 2517 543 2564 nobis
582 2515 644 2563 ad
690 2515 916 2563 codicum
956 2514 1213 2562 lectionem
1255 2515 1420 2562 desen-

400 2595 608 2644 dendam
634 2593 903 2652 sufficeret,
922 2593 1124 2641 Fabiam
1147 2595 1417 2659 scripsisse-

401 2692 526 2725 mus.
550 2678 605 2723 In
626 2675 797 2738 vulgus
823 2675 951 2722 enim
979 2685 1149 2723 notum
1178 2685 1274 2732 est,
1295 2674 1418 2722 hanc

400 2771 572 2802 vocem
596 2754 842 2801 veteribus
870 2754 931 2801 de
972 2754 1107 2800 omni
1143 2753 1329 2801 liberali
1355 2754 1420 2801 fe-

401 2835 564 2893 mina,
612 2849 756 2897 quam
793 2832 996 2895 proprio
1032 2834 1228 2880 nomine
1255 2833 1421 2897 appel-

400 2914 499 2961 lare
542 2914 752 2970 uolunt,
804 2912 1006 2976 proprie
1058 2912 1315 2969 adhiberi,
1363 2924 1419 2961 nt

401 2991 577 3039 fabius
612 2992 673 3039 de
708 2991 938 3038 maribus.
961 2991 1038 3038 cf.
1068 2992 1198 3054 Top.
1229 2993 1257 3039 3
1276 3026 1291 3049 ,
1335 2999 1414 3047 ¹4·

401 3074 564 3134 Atque
606 3073 673 3118 ita
714 3087 824 3117 vere
874 3072 1080 3117 Marsus.
1117 3068 1212 3115 Sed
1254 3069 1418 3133 plnres

402 3152 569 3216 scripti
595 3168 740 3216 snpra
769 3166 861 3215 pro
879 3149 1063 3205 Badio,
1101 3148 1252 3196 Fabio
1278 3150 1417 3196 exhi-

402 3228 520 3277 bent
538 3265 553 3286 ,
572 3230 798 3293 idemque
819 3228 913 3276 hoc
942 3243 1136 3291 quoque
1164 3226 1277 3274 loco
1305 3244 1417 3290 pec-

402 3307 628 3356 cantibus
660 3308 869 3356 videtur.
903 3306 1074 3355 Paucis
1105 3317 1220 3369 post
1264 3308 1420 3352 Voco-

402 3386 488 3434 nia
508 3387 784 3436 distinctius
801 3386 1019 3434 additum
1040 3395 1110 3433 est
1127 3401 1141 3442 ;
1178 3383 1313 3448 qnod
1333 3400 1420 3432 cnr

401 3484 512 3516 eum
529 3469 644 3516 Ern.
675 3467 886 3514 deletum
916 3466 1054 3513 malis
1074 3498 1087 3522 ,
1120 3467 1250 3525 justa
1276 3480 1417 3513 cansa

401 3547 532 3595 nulla
567 3558 657 3596 est.
691 3548 750 3593 G.

479 3642 497 3672 r
515 3643 555 3675 r.
578 3628 654 3673 Ne
667 3641 913 3673 nummum
933 3624 1128 3688 quidem
1142 3640 1290 3670 antem
1310 3624 1419 3671 aeti·

394 3706 559 3769 ἔθυσε.
607 3706 691 3755 Sic
733 3704 957 3768 vulgata,
994 3705 1155 3768 inquit
1179 3706 1417 3762 Goeren23

397 3796 448 3832 at
466 3788 592 3851 Spir.
635 3803 696 3833 ne
732 3800 980 3831 neeenmum
1016 3784 1167 3831 ullum
1191 3793 1286 3830 aet.
1316 3782 1416 3830 Erl.

397 3881 510 3913 cnm
537 3867 670 3916 Crat.
701 3881 948 3913 nummum
982 3864 1165 3911 nullum
1194 3873 1286 3909 ate.
1309 3864 1416 3909 Bas.

400 3960 464 3989 ne
489 3961 736 3992 numer-um
779 3943 928 4007 ullum
964 3953 1053 3989 au.
1079 3941 1210 3990 Gud.
1258 3955 1276 3989 t
1298 3977 1312 4000 ‚
1356 3957 1420 3987 ne

403 4021 649 4070 minimum
680 4023 804 4086 quid
835 4039 920 4071 un.
955 4032 1042 4069 aet.
1079 4020 1162 4068 sed
1202 4020 1328 4067 idem
1368 4020 1417 4065 in

400 4115 549 4162 marg.
578 4102 827 4150 numadum
846 4101 1046 4165 praebet.
1069 4100 1199 4150 Gud.
1226 4116 1253 4146 2
1286 4100 1418 4147 solus

1503 1353 1616 1385 cum
1655 1336 1849 1400 vulgata
1880 1336 2024 1391 facit,
2063 1336 2156 1381 nisi
2192 1337 2326 1400 quod
2355 1355 2524 1385 nurne-

1504 1432 1609 1462 rum
1624 1428 1805 1480 peccat.
1825 1414 1982 1461 Exhis
1995 1414 2191 1478 quidem
2211 1416 2361 1466 codd.
2377 1419 2525 1465 vesti·
2603 1442 2610 1448 ·

1504 1495 1595 1557 giis
1616 1509 1775 1541 veram
1789 1494 2000 1539 auctoris
2019 1509 2212 1541 manum
2225 1495 2525 1554 judicamus,

1503 1594 1527 1613 a
1561 1588 1623 1617 ne
1681 1570 1935 1618 numnlnm
1990 1573 2228 1635 attigisset
2257 1589 2309 1635 »ς
2343 1575 2524 1638 reliqua

1506 1664 1625 1696 vero
1665 1666 1692 1696 n
1734 1648 1907 1695 scribis
1942 1649 2109 1698 addita
2156 1651 2394 1701 videntur.
2426 1655 2525 1707 Ne.

1503 1744 1597 1792 pro
1625 1746 1686 1775 ne
1716 1728 1942 1791 quidem,
1973 1731 2178 1793 primum
2206 1730 2428 1778 librarios
2454 1733 2526 1778 ol'·
2589 1756 2594 1762 ·

1504 1806 1660 1855 fendit
1680 1806 1877 1856 :deinde
1899 1825 2047 1871 quum
2058 1808 2307 1856 numulum
2323 1809 2375 1856 in
2394 1826 2528 1856 num*

1503 1903 1632 1933 mum
1660 1888 1807 1935 ullum
1836 1887 2191 1951 corrupissent,
2217 1898 2267 1934 et
2288 1887 2338 1935 id
2363 1887 2526 1936 denuo

1505 1967 1553 2013 in
1586 1983 1724 2015 mem.
1757 1967 1946 2015 mellum
1975 1977 2260 2024 mutassent,
2296 1983 2357 2014 ne
2383 1967 2528 2032 plane

1503 2047 1735 2094 omissum
1773 2058 1862 2094 est.
1896 2046 2092 2108 Reliqui
2126 2063 2236 2094 cum
2259 2058 2383 2110 part.
2410 2047 2525 2111 qui-

1502 2124 1613 2172 dem
1629 2159 1644 2183 ‚
1668 2140 1817 2170 unum
1839 2125 1980 2171 simul
2000 2124 2309 2172 addiderunt.
2347 2126 2524 2172 Nume-

1502 2219 1608 2249 rum
1645 2213 1805 2250 antem
1841 2220 1904 2251 ex
1935 2203 2062 2251 linea
2099 2215 2260 2252 ortum
2294 2204 2523 2269 putabis,

1502 2297 1599 2343 qna
1635 2297 1780 2345 snpra
1801 2272 1998 2329 numHm
2033 2285 2192 2346 posita
2226 2283 2343 2330 olim
2373 2283 2525 2330 demi·

1501 2361 1727 2407 nntivum
1749 2360 2011 2408 indicatum
2044 2372 2174 2420 erat3
2213 2378 2313 2425 quo
2350 2362 2523 2410 Cicero

1505 2437 1637 2486 haud
1658 2455 1768 2486 raro
1791 2440 1964 2487 utitur.
1994 2440 2071 2486 Ne
2088 2450 2246 2486 autem
2267 2456 2362 2504 pro
2390 2458 2451 2488 ne

1503 2515 1699 2579 quidem
1749 2517 1891 2565 toties
1939 2517 2248 2565 obliteratum
2303 2531 2375 2567 est
2400 2555 2416 2580 ‚
2468 2532 2523 2568 ut

1502 2597 1670 2658 paucis
1703 2596 1864 2644 adhuc
1898 2597 2111 2645 auctoris
2137 2596 2260 2644 locis
2280 2596 2524 2662 integrum

1501 2676 1751 2724 manserit.
1771 2676 1899 2724 Vide
1917 2693 2006 2727 nos
2027 2677 2090 2725 ad
2116 2676 2308 2725 Acadd.
2335 2670 2408 2737 11,
2443 2694 2522 2744 17,

1503 2751 1593 2812 52,
1625 2765 1718 2804 etc.
1746 2756 1898 2818 Quod
1920 2773 1980 2804 ex
2011 2757 2210 2821 reliquis
2227 2756 2372 2805 codd.
2390 2757 2523 2805 nulla

1503 2835 1709 2883 varietas
1753 2847 1969 2897 notatur,
2007 2837 2123 2884 inde
2159 2838 2339 2885 factum
2376 2849 2520 2901 puta,

1500 2914 1632 2976 quod
1657 2918 1766 2963 VV.
1796 2918 1904 2964 DD.
1929 2917 2018 2963 ista
2038 2916 2307 2977 negligunt.
2337 2916 2525 2961 Putavi-

1500 3009 1609 3040 mns
1636 2994 1739 3041 haec
1779 2995 1946 3057 peritis
1977 2994 2121 3056 plene
2149 2991 2353 3055 probata
2385 2991 2486 3038 fore
2508 3026 2522 3047 ‚

1497 3082 1644 3135 atque
1666 3074 1729 3119 ita
1748 3071 2064 3119 correximus.

1575 3165 1655 3198 ια.
1676 3153 1807 3197 Num
1831 3149 1985 3213 Igitur
2006 3166 2115 3197 eum
2141 3160 2316 3212 postea
2343 3164 2522 3197 censes.

1500 3228 1630 3277 Gud.
1655 3246 1716 3286 a,
1761 3232 1822 3276 V.
1857 3245 1909 3290 χ.
1948 3239 1995 3276 et
2022 3230 2148 3275 Ven.
2197 3234 2327 3289 1494
2349 3262 2364 3286 ‚
2407 3245 2518 3275 eum

1501 3309 1749 3369 ignorant.
1799 3307 1980 3354 Contra
2038 3322 2154 3354 vero
2198 3316 2525 3370 transponunt

1502 3384 1632 3433 Gud.
1669 3401 1687 3432 ι
1707 3419 1722 3444 ,
1768 3401 1928 3432 censes
1975 3402 2084 3433 eum
2117 3397 2286 3449 postea
2307 3421 2322 3443 ,
2369 3388 2520 3436 Mars.

1498 3475 1671 3530 postea
1690 3480 1852 3511 censes
1882 3482 2004 3513 eum.
2027 3467 2103 3513 Ex
2130 3464 2205 3512 his
2231 3481 2336 3512 eum
2357 3466 2525 3530 expel-

1506 3543 1706 3590 lendum
1726 3544 1989 3593 videbitur.
2009 3549 2075 3592 At
2092 3560 2182 3591 nos
2196 3544 2391 3608 quidem
2412 3561 2527 3608 pro·

1506 3623 1704 3671 nomine
1731 3623 1780 3670 h.
1816 3624 1851 3672 1.
1878 3639 2000 3687 aegre
2026 3625 2337 3672 caruerimus.
2367 3624 2419 3672 Si
2443 3640 2528 3670 au-

1507 3713 1620 3750 ctor
1660 3703 1890 3750 omissum
1937 3704 2192 3761 voluisset,
2222 3702 2354 3751 haud
2380 3702 2528 3750 dubie

1508 3806 1531 3824 «ι
1549 3784 1750 3831 anxium
1776 3784 1940 3831 animo
1966 3794 2049 3830 ant
2076 3783 2377 3831 sollicitum·
2405 3783 2526 3830 scri·

1506 3863 1693 3927 psisset.
1725 3862 1868 3910 Unde
1893 3873 2055 3910 antem
2081 3860 2158 3910 hat
2179 3858 2375 3910 tnrbae?
2407 3863 2529 3910 Cor-

1508 3941 1760 4005 rigendnm
1786 3940 1997 4003 videtur,
2022 3943 2151 3989 Eum
2170 3939 2315 4003 {giem
2329 3951 2528 4005 postea,

1508 4031 1604 4068 etc.
1639 4021 1719 4068 Sic
1761 4021 1879 4067 Eum
1907 4036 1999 4083 pro
2031 4023 2214 4068 numm
2237 4055 2250 4076 ,
2277 4030 2330 4067 ut
2369 4034 2525 4081 sape.

1509 4101 1724 4164 positum
1769 4103 1820 4147 in
1869 4098 1993 4147 Num
2038 4108 2288 4164 pravatnm
2321 4096 2529 4163 putabis.
