3217 4784
662 387 804 482 304
1335 388 1431 464 M.
1484 397 1561 463 T.
1617 396 2104 466 C1cER0N1s

660 535 886 605 Ceret,
923 533 1117 590 certe
1154 520 1310 587 sine
1347 539 1560 586 causa
1594 514 1966 587 videretur
1996 531 2190 588 tanta
2232 535 2533 592 conatus
2551 530 2617 567 ¹⁰
2647 551 2665 594 ε
2701 526 2808 596 sic

662 651 797 702 nos
838 632 1269 726 sapientem,
1310 625 1643 724 plurimis
1682 642 1755 697 et
1798 631 2228 724 gravissimis
2263 628 2537 702 artibus
2580 647 2808 730 atque

661 737 1045 811 virtutibus
1101 737 1538 807 instructum
1594 750 1668 807 et
1719 751 2095 826 ornatum,
2154 764 2345 828 non,
2381 755 2485 813 -ut
2535 741 2740 812 illum
2782 799 2806 829 ‚

662 848 883 918 maria
930 842 1241 942 pedibus
1290 860 1792 942 peragrantem
1820 901 1840 935 ,
1890 847 2235 920 classibus
2282 866 2613 935 monteS‚
2676 854 2804 925 sed

661 981 880 1029 omne
934 953 1188 1025 caelum
1216 1008 1237 1043 ,
1280 968 1658 1053 totamque
1708 974 1872 1027 cum
1911 960 2251 1032 universo
2296 962 2475 1032 mari
2533 977 2801 1034 terram

660 1079 904 1136 mente
968 1065 1473 1164 complexum,
1516 1066 1966 1165 voluptatem
2026 1085 2276 1168 petere
2331 1073 2392 1143 si
2431 1072 2748 1146 dicemus
2776 1128 2796 1159 ‚

536 1199 633 1252 113
669 1173 902 1246 mellis
958 1199 1172 1247 causa
1237 1174 1563 1247 dicemus
1619 1191 1817 1248 tanta
1875 1177 2336 1252 molitumss.
2380 1181 2493 1253 Ad
2550 1183 2800 1254 altiora

662 1283 990 1380 quaedam
1032 1299 1105 1356 et
1145 1284 1762 1382 magnificentiora
1786 1341 1802 1371 ,
1852 1287 2029 1358 mihi
2072 1290 2334 1378 crede,
2390 1295 2754 1391 Torquate
2777 1348 2798 1381 ,

662 1394 812 1464 nati
860 1420 1160 1468 sumus:
1208 1419 1345 1467 nec
1391 1395 1465 1466 id
1513 1421 1605 1467 ex
1654 1396 1878 1467 animi
1932 1397 2169 1470 solum
2210 1398 2537 1495 partibus
2572 1412 2673 1489 ¹²,
2723 1403 2799 1472 in

663 1504 937 1601 quibus
986 1512 1179 1579 inest
1221 1508 1571 1578 memoria
1616 1531 1860 1579 rerum
1919 1507 2595 1598 innumerabilium,
2639 1515 2801 1582 vitae

660 1616 960 1714 quidem
1004 1615 1399 1705 infinita13,
1457 1618 1647 1690 inest
1692 1618 2115 1714 conjectura
2157 1613 2801 1717 consequentium,

736 1782 816 1816 ιο.
839 1765 1071 1818 conatus.
1103 1767 1290 1816 Praebet
1327 1769 1522 1816 Marsus
1550 1768 1694 1816 moll·
1777 1784 1885 1818 rum
1899 1782 2260 1835 perceptarum,
2280 1770 2312 1818 i.
2328 1787 2373 1819 e.
2386 1773 2619 1821 memoria
2637 1771 2686 1839 (ι
2701 1790 2803 1822 me·

658 1854 753 1896 tus.
800 1849 893 1895 Per
932 1865 983 1896 se
1026 1847 1226 1911 quidem
1269 1847 1488 1910 optime3
1537 1856 1691 1911 quum
1778 1850 1933 1897 moria
1973 1851 2104 1898 enim
2151 1850 2507 1915 preteritorum
2526 1886 2541 1907 ,
2610 1853 2805 1902 futuro·

662 1926 912 1991 precipue
938 1928 1111 1974 Cicero
1150 1925 1246 1972 hoc
1278 1923 1482 1971 verbum
1523 1925 1585 1971 de
1630 1925 1690 1972 iis
1777 1942 1886 1975 rum
1912 1929 2168 1992 prudentia
2192 1941 2265 1979 est
2300 1952 2323 1972 ι
2367 1931 2492 1980 Cato
2528 1933 2650 1995 Mai.
2686 1949 2747 1981 21
2779 1968 2798 1995 ‚

660 2014 813 2066 ponat
828 2039 844 2062 ‚
888 2021 1098 2068 quorum
1115 2003 1278 2066 magni
1299 2013 1536 2065 cognatus
1554 2002 1690 2050 inani
1781 2007 1881 2072 78)
1903 2042 1919 2068 ,
1951 2007 2119 2058 futuro
2137 2011 2347 2077 tempori
2363 2012 2675 2077 prospiciunt
2690 2048 2704 2071 ‚
2723 2030 2802 2063 cu·

660 2083 795 2129 exitu
814 2082 1263 2145 deprehenduntur.
1288 2079 1383 2128 Sed
1402 2080 1506 2144 ipse
1522 2080 1686 2140 vides,
1773 2084 2003 2148 piditates
2029 2088 2371 2150 moderantur,
2394 2092 2623 2142 socialem
2651 2094 2799 2142 vitam

657 2160 867 2222 glossam
889 2177 1020 2219 esse,
1046 2160 1220 2208 ultimo
1244 2160 1517 2224 spodoseos
1534 2159 1687 2208 verbo
1775 2181 1968 2214 omnem
2008 2182 2208 2233 regunt,
2250 2180 2300 2220 et
2325 2171 2378 2218 in
2405 2171 2550 2220 rebus
2589 2172 2799 2237 deniqne

656 2239 754 2285 huc
774 2239 1022 2288 translato.
1046 2242 1111 2289 G.
1142 2268 1213 2277 -—
1234 2244 1385 2288 Fuere
1401 2241 1581 2289 etenim
1599 2242 1687 2306 qui

660 2328 905 2365 narrarent
942 2321 1155 2369 Xerxem
1191 2336 1295 2370 nou
1333 2322 1516 2383 majore
1543 2337 1686 2370 causa

660 2396 916 2445 inductum
932 2398 1076 2448 fuisse
1091 2434 1106 2458 ‚
1128 2412 1182 2449 ut
1200 2400 1383 2449 bellum
1403 2402 1587 2449 Graecis
1611 2402 1686 2448 in·

660 2478 834 2539 ferret3
872 2477 957 2527 sed
981 2492 1091 2528 eum
1108 2490 1240 2530 tanta
1262 2481 1485 2529 molitum
1504 2474 1684 2540 fnisse,

657 2558 889 2607 suadente
916 2559 1109 2608 medico
1127 2594 1142 2620 ,
1170 2562 1255 2625 qui
1280 2559 1463 2609 ficuum
1482 2562 1683 2609 Attica·

656 2654 765 2687 rum
783 2639 828 2687 ei
841 2654 1055 2687 amorem
1069 2640 1299 2701 injecerat
1313 2656 1328 2699 ς
1347 2639 1414 2689 cs.
1422 2641 1606 2691 Dinon.
1621 2637 1684 2689 ab

656 2719 837 2769 Athen.
860 2720 1084 2779 laudato,
1114 2723 1258 2779 xlv,
1292 2723 1372 2771 18.

732 2816 754 2847 1
770 2817 788 2848 1
801 2838 815 2851 .
844 2800 1004 2850 Mellis
1030 2817 1181 2848 causa
1199 2800 1412 2849 dicemus
1428 2811 1565 2848 tanea
1582 2817 1683 2849 mo·

657 2880 814 2931 litum.
851 2881 1057 2947 Elegans
1085 2881 1192 2928 haec
1229 2891 1301 2928 est
1340 2881 1683 2945 comparanda}

657 2961 725 3009 rei
777 2960 841 3010 ad
882 2970 1211 3025 comparatam
1234 2958 1499 3024 applicatio
1523 2995 1540 3021 ‚
1583 2960 1682 3007 fre-

654 3057 811 3105 quens
842 3040 1036 3091 Platoni
1056 3051 1106 3089 et
1125 3037 1468 3097 Demostheni,
1495 3047 1545 3085 et
1569 3053 1682 3085 om-

654 3122 775 3170 nino
811 3138 875 3171 ex
900 3121 982 3169 illa
1010 3118 1244 3178 Homeri,
1288 3134 1383 3183 qua
1410 3116 1586 3164 similia
1621 3117 1685 3165 si·

652 3201 849 3250 milibus
862 3210 1126 3265 comparat,
1141 3199 1325 3246 ratione
1342 3196 1583 3246 imitando
1596 3212 1684 3245 ex-

652 3294 815 3342 pressa
835 3279 1045 3327 videtur.
1072 3282 1250 3328 Sensus
1274 3288 1368 3337 est,
1399 3300 1425 3320 α
1455 3289 1550 3326 tam
1578 3277 1683 3326 exi-

653 3372 761 3420 guae
798 3362 867 3407 rei
905 3375 1082 3419 cansa,
1117 3375 1263 3424 quam
1308 3360 1441 3424 quali
1464 3362 1682 3408 Xerxem

654 3435 841 3499 ingenti
883 3437 1017 3486 hello
1059 3438 1300 3487 Graeciam
1324 3438 1684 3504 aggredientem

654 3514 856 3564 fecimus
884 3538 926 3564 n.
963 3519 1029 3564 G.

732 3610 751 3640 1
761 3610 789 3642 ο
802 3630 813 3642 .
825 3596 930 3643 Nec
944 3595 1000 3644 id
1012 3612 1077 3643 ex
1090 3595 1250 3644 animi
1263 3598 1423 3645 solum
1431 3598 1681 3662 partibus.

653 3676 791 3721 Goer.
809 3672 940 3722 delet
958 3674 1179 3723 voculam
1204 3674 1283 3737 id,
1306 3692 1410 3723 non
1427 3676 1681 3725 admonito

546 3760 553 3765 “
654 3754 859 3811 lectore,
879 3765 1112 3818 notatque
1140 3770 1152 3803 ε
1172 3757 1248 3803 De
1270 3772 1313 3804 v.
1329 3767 1491 3819 partes
1506 3791 1524 3814 ‚
1559 3757 1599 3803 si
1619 3756 1680 3804 de

655 3834 819 3881 animo
839 3833 1019 3882 dicitur
1032 3867 1049 3893 ,
1068 3835 1181 3880 satis
1199 3835 1387 3900 egimus
1404 3834 1467 3882 ad
1484 3834 1673 3884 Acadd.

654 3916 730 3973 11,
760 3914 826 3976 39
840 3946 856 3970 ,
896 3920 1010 3968 124.
1047 3913 1394 3977 intelliguntur
1422 3921 1581 3961 autem
1611 3929 1681 3961 eae

654 3992 782 4040 vires
798 3992 973 4041 mentis
987 3991 1283 4055 rationisque
1294 4027 1308 4051 ,
1324 4006 1434 4056 quae
1445 3991 1681 4054 adjuncto

653 4073 873 4136 appetitu
893 4071 914 4136 (
927 4088 1036 4120 nam
1062 4070 1168 4118 haec
1195 4068 1344 4120 altera
1379 4071 1529 4120 animi
1566 4088 1683 4137 pars

632 4152 759 4209 ‘est,
788 4151 851 4200 cs.
872 4150 1009 4216 ins.§
1045 4148 1174 4215 115)
1194 4185 1210 4212 ‚
1253 4167 1314 4198 ex
1345 4151 1575 4205 thesauro
1604 4168 1678 4200 re-

1773 2245 2078 2307 graviorihus
2118 2251 2441 2298 constantiam
2481 2251 2674 2312 jubent.
2719 2251 2798 2300 Sic

1773 2325 1999 2388 proxima
2028 2327 2167 2377 facile
2187 2330 2457 2392 capientur.

1851 2420 1871 2452 t
1883 2407 1934 2455 3.
1952 2406 2078 2454 Vieae
2095 2407 2286 2471 quidem
2305 2406 2514 2473 thfiniea.
2526 2404 2797 2457 mendosus

1771 2483 1911 2533 locus
1930 2500 1943 2534 :
1957 2486 2231 2533 emendavit
2241 2485 2433 2533 Manat.
2445 2496 2496 2533 ec
2509 2502 2569 2532 ea
2580 2487 2792 2549 quidem.

1770 2564 1819 2611 J.
1834 2566 1900 2613 V.
1923 2565 2203 2611 L.—Goer.
2224 2560 2394 2610 scribit
2417 2583 2440 2604 ι
2456 2562 2571 2611 inde
2595 2563 2794 2628 quidem

1768 2640 1957 2690 infinita
1985 2641 2112 2689 inest
2135 2640 2266 2700 conj.
2285 2649 2376 2687 etc.
2393 2661 2419 2680 n
2441 2656 2682 2705 vocesque
2705 2641 2793 2690 has

1768 2720 1883 2769 inde
1890 2718 2025 2783 quid.
2043 2735 2198 2785 usque
2212 2719 2277 2767 ad
2301 2720 2590 2785 contemptio
2608 2737 2791 2786 paren-

1770 2800 1894 2849 thesi
1916 2798 2144 2847 inelndit.
2179 2801 2284 2859 Ita,
2308 2800 2502 2864 iuquit,
2536 2800 2701 2849 locum
2730 2819 2793 2851 ex

1767 2879 1894 2944 Spir.
1915 2890 1966 2926 et
1982 2877 2083 2927 Erl.
2097 2878 2278 2928 additis
2292 2880 2591 2943 parenthesis
2607 2881 2761 2945 signis
2780 2917 2796 2942 ,

1769 2959 2079 3008 restituimus.
2118 2960 2320 3008 Dudum
2355 2961 2469 3007 VV.
2489 2962 2601 3009 DD.
2629 2961 2796 3009 locum

1768 3038 1986 3087 laborare
2026 3038 2274 3097 viderant,
2302 3037 2469 3088 multis
2490 3038 2652 3087 modis
2676 3057 2795 3105 sup-

1769 3118 1925 3182 petias
1942 3119 2148 3167 ferentes
2170 3132 2184 3167 ε
2205 3117 2293 3166 setl
2308 3134 2463 3182 quum
2481 3119 2605 3166 nihil
2622 3155 2638 3182 ,
2658 3120 2795 3184 quod

1770 3206 1934 3262 operae
1959 3198 2171 3263 pretium
2193 3198 2278 3257 sit,
2317 3213 2382 3246 ex
2408 3213 2578 3245 eorum
2608 3202 2795 3249 conati-

1769 3277 1865 3326 hus
1893 3278 2130 3342 expiscari
2168 3278 2336 3336 liceat,
2371 3292 2473 3324 nou
2499 3287 2598 3337 est,
2626 3289 2684 3327 nt
2708 3296 2795 3329 eos

1769 3369 2123 3406 enumeremus.
2164 3357 2306 3404 Viam
2337 3358 2669 3420 corruptionis
2703 3357 2794 3406 do-

1771 3448 1884 3485 cent
1920 3438 1980 3485 E.
2002 3446 2053 3486 et
2087 3433 2133 3496 ξ.
2168 3436 2255 3500 qui
2282 3435 2333 3484 in
2357 3446 2405 3483 te
2427 3434 2678 3485 exhibent.
2699 3437 2794 3484 Pa-

1769 3516 2021 3565 renthesin
2038 3527 2198 3565 autem
2218 3515 2299 3564 vel
2313 3514 2392 3563 his
2422 3514 2640 3575 subjecta
2674 3531 2793 3581 ergo

1769 3596 1966 3661 prodit,
1992 3600 2177 3662 quippe
2200 3611 2311 3660 quae
2328 3594 2504 3658 saepius
2529 3595 2598 3642 sic
2620 3611 2794 3661 paren-

1769 3676 1928 3726 theses
1955 3677 2188 3743 excipiat.
2223 3675 2298 3724 Cf.
2319 3673 2522 3721 Turseli.
2547 3672 2611 3722 de
2641 3684 2793 3738 pai-tt.r

1769 3772 1828 3820 p.
1866 3771 2002 3820 αις),
2027 3773 2080 3819 n.
2113 3770 2176 3818 9,
2211 3755 2418 3801 maxime
2457 3754 2599 3800 Tuse.
2636 3755 2687 3811 1,
2725 3770 2751 3814 7
2776 3789 2792 3815 ,

1776 3844 1857 3893 τά.
1884 3834 2228 3883 Anaeoluthon
2259 3840 2450 3886 sut-n,
2503 3830 2639 3894 quod
2685 3831 2794 3880 leve

1769 3930 1831 3963 ex
1855 3912 2125 3978 parenthesi
2149 3911 2263 3958 huic
2288 3909 2404 3956 loeo
2431 3908 2558 3956 inest
2576 3942 2590 3968 ,
2619 3910 2791 3975 etipsa
2849 3937 2854 3945 -

1769 3993 2085 4059 parenthesos
2136 3987 2380 4053 ignoratio
2400 4021 2415 4046 ‚
2480 3987 2664 4036 scribas
2731 3989 2794 4039 de

1771 4072 1910 4121 turba
1926 4103 1950 4126 ,
1982 4084 2125 4134 quam
2171 4068 2416 4127 fecerunt,
2460 4066 2600 4116 fa’cile
2643 4078 2792 4116 excita

1767 4152 1913 4200 subit.
