3217 4784
766 374 893 441 DE
942 371 1115 440 FIN.
1166 369 1372 437 BON.
1429 368 1540 436 ET
1586 367 1804 436 MAL.
1844 369 1980 453 ΠΙ,
2018 366 2083 437 6.

2349 369 2479 442 35¹

363 510 447 567 ut
483 505 828 565 statueret
850 545 869 576 ,
922 493 1002 561 in
1038 513 1130 561 eo
1169 488 1604 561 collocatum
1645 476 2011 560 summum
2048 489 2228 561 illud
2257 491 2492 565 homi-

366 607 477 677 nis
512 626 643 702 per
677 627 753 673 se
789 599 1231 673 laudandum
1278 612 1352 669 et
1397 596 1891 695 expetendum
1927 597 2208 671 bonum
2229 656 2249 683 ,
2292 604 2495 700 quod

367 734 593 812 quum
636 708 956 806 positum
1008 708 1102 777 sit
1139 706 1216 775 in
1268 727 1397 790 eo,
1451 701 1651 800 quod
1700 707 2025 802 ὁμολογίαν
2063 709 2311 793 stoici,
2360 734 2497 782 nos

366 818 812 918 appellemus
847 815 1464 898 convenientiam,
1500 814 1560 882 si
1600 810 1964 908 plaeet123
2003 840 2236 913 quum
2283 820 2499 916 igitur

370 933 446 1003 in
502 954 594 1001 eo
641 929 734 998 sit
768 925 843 998 id
891 923 1212 1008 bonum,
1244 945 1395 1019 quo
1439 918 1817 993 referenda
1860 927 2004 994 sint
2041 930 2287 998 omnia
2317 926 2499 1026 [ho-

369 1054 573 1113 neste
600 1036 785 1111 facta
805 1032 930 1133 ¹³],
968 1036 1359 1133 ipsumque
1404 1031 1794 1103 honestum
1815 1084 1835 1119 ,
1864 1033 2064 1132 quod
2101 1037 2175 1105 in
2195 1040 2262 1089 ¹4
2290 1036 2506 1114 bonis

373 1265 578 1303 cunrat
613 1251 927 1318 intelligentia
944 1286 959 1311 ‚
989 1251 1053 1303 ad
1089 1249 1216 1299 hanc
1248 1250 1398 1314 igitur

374 1332 567 1380 ratione
589 1331 835 1389 adhibita,
877 1329 1100 1395 collegit,
1131 1340 1227 1379 etc.
1251 1330 1397 1378 Simi-

373 1411 486 1460 liter
508 1412 612 1461 Off.
641 1412 665 1459 1
683 1446 698 1469 ,
727 1418 812 1469 44,
846 1425 910 1458 ιο
947 1425 963 1458 2
992 1431 1017 1451 σι
1038 1410 1092 1457 iu
1118 1409 1399 1473 cognitione

374 1490 643 1541 etacieutia
668 1509 713 1539 a.
744 1490 876 1538 Hine
894 1489 1033 1537 Orat.
1052 1490 1096 1547 1,
1120 1489 1177 1547 3,
1204 1502 1284 1545 to.
1306 1502 1399 1550 pro

374 1569 593 1619 scientioe
622 1568 927 1634 cognitione,
971 1567 1107 1631 quod
1142 1566 1264 1615 nihil
1291 1575 1398 1625 est,

376 1646 571 1697 Schiitz.
586 1664 690 1696 non
708 1646 908 1695 scientia
922 1657 970 1692 ee
990 1643 1297 1708 cogitatione,
1314 1642 1400 1691 sed

376 1744 447 1778 sc.
482 1739 533 1776 ee
564 1726 841 1791 cognitione
867 1723 1108 1786 corrigere
1140 1720 1401 1769 debuisset.

377 1807 677 1859 Nostrorum
718 1804 786 1852 ibi
840 1802 1054 1867 optimus
1095 1799 1313 1849 scientia
1350 1810 1406 1859 ,ee

379 1884 656 1949 cognitione
680 1894 865 1948 peccat.
890 1883 954 1928 G.

456 1978 537 2010 η.
566 1964 667 2010 Nos
689 1961 984 2025 appellemus
1000 1956 1400 2016 convenientiam,

379 2039 425 2086 si
437 2040 622 2102 placet.
651 2040 783 2088 Goer.
816 2038 922 2085 haec
954 2036 1101 2084 verba
1131 2037 1405 2101 parenthesi

381 2119 614 2177 includit,
642 2128 878 2182 notatque
903 2131 915 2164 :
947 2117 1130 2164 Mirum
1149 2126 1245 2175 est,
1269 2117 1406 2180 quod

381 2200 526 2248 toties
541 2199 651 2247 W.
675 2198 787 2245 DD.
806 2197 861 2243 in
880 2195 1159 2261 parenthesi
1177 2195 1405 2261 ponenda

383 2278 666 2326 caecutiunt.
707 2275 788 2323 Ad
823 2274 928 2322 baec
957 2273 1107 2322 verba
1136 2275 1238 2334 ejus
1270 2275 1406 2337 signa

378 2358 651 2423 pertinere,
701 2363 955 2402 structuras
1003 2352 1103 2400 loci
1146 2353 1301 2414 ratio,
1357 2365 1409 2403 et

382 2437 548 2501 igitur,
566 2450 676 2499 quae
696 2434 917 2498 proxime
940 2432 1179 2496 sequitur,
1211 2432 1404 2482 clamat.

380 2504 631 2582 ὁμολογία
664 2521 823 2559 antem
861 2513 943 2567 τῆς
981 2508 1162 2576 φύσιως
1198 2509 1404 2572 (naturae

383 2610 535 2660 quum
561 2593 798 2642 universae
813 2627 827 2650 ,
857 2602 962 2640 tum
995 2590 1241 2654 humant)
1268 2589 1406 2638 intel·

381 2672 575 2739 ligenda
596 2681 684 2721 est.
719 2671 842 2719 Inde
870 2670 1026 2719 Stoici
1049 2671 1102 2717 in
1130 2666 1408 2726 καθύισντος

386 2751 672 2800 definitione
700 2747 1081 2817 ὁμολογοῦμίνως
1102 2744 1181 2814 ζῇν
1205 2757 1253 2796 et
1279 2742 1409 2796 κατὰ

384 2829 516 2897 φύσιν
532 2828 630 2895 ζῇν,
654 2843 929 2892 synonyma
950 2836 1169 2892 ponunt3
1188 2827 1409 2890 iungun-

387 2922 469 2959 tur
496 2911 643 2957 etiam
667 2905 1044 2975 ὁμολογουμένως
1068 2906 1129 2969 τῇ
1159 2902 1293 2971 φύσιν,
1312 2902 1408 2970 ζῇν.

387 2989 581 3037 Dicitur
631 2986 746 3033 item
800 2982 967 3031 eadem
1016 2979 1264 3048 συμφωνία
1282 3018 1298 3043 ,
1362 2992 1413 3029 et

386 3067 629 3136 σύμφωνον
679 3061 776 3130 ζῇν.
826 3062 964 3110 stob.
1014 3061 1118 3110 Ecl.
1163 3061 1276 3110 mh.
1327 3063 1413 3123 11,

385 3164 439 3212 p.
470 3148 603 3208 132,
648 3143 773 3201 134,
809 3142 935 3200 1³83
974 3138 1056 3189 cll.
1084 3142 1245 3188 Laert.
1284 3140 1413 3201 vn,

391 3227 482 3287 87,
501 3234 601 3272 etc.

463 3312 545 3361 13.
584 3309 689 3373 Quo
714 3304 971 3372 reserenda
995 3303 1096 3352 sint
1116 3302 1285 3352 omnia
1304 3299 1413 3367 [ho-

387 3402 520 3440 neste
546 3388 700 3455 facea
716 3388 754 3453 ].
800 3387 1008 3435 Goerenz
1052 3382 1225 3431 scribit
1260 3396 1277 3431 t
1315 3396 1413 3457 quo

388 3468 560 3519 omnia
596 3466 853 3529 reserenda
888 3474 1031 3522 sune,
1058 3462 1191 3510 delet
1216 3461 1415 3510 honeste

376 3548 531 3614 facta
550 3583 565 3607 ,
593 3556 866 3608 notatque:
896 3545 1015 3591 Em.
1054 3550 1104 3588 et
1137 3538 1298 3589 Bremi
1332 3556 1414 3588 vv.

389 3625 784 3692 koneseefacea,
821 3621 1008 3671 Davisii
1048 3621 1265 3678 monitu,
1296 3634 1414 3667 can-

391 3706 527 3755 cenis
562 3706 884 3754 incluserunt.
918 3699 1016 3749 sed
1048 3701 1319 3748 accuratius
1341 3698 1414 3747 vi-

393 3784 604 3834 deamus.
635 3784 745 3831 Sint
777 3783 984 3846 primum
1022 3779 1193 3826 vitium
1225 3788 1300 3826 est
1321 3779 1413 3825 Er-

394 3866 652 3924 noniano,
700 3860 833 3910 haud
872 3859 1023 3908 dubie
1067 3872 1342 3923 operarum,
1386 3871 1415 3904 a

396 3942 588 3990 Bremlo
612 3951 935 4008 propagatum
964 3956 978 3988 ι
1001 3949 1117 3987 sune
1132 3938 1260 3986 enim
1286 3952 1417 4002 prae·

397 4020 520 4068 bent
555 4020 667 4070 edd.
699 4031 750 4068 et
781 4018 931 4069 codd.
969 4034 1156 4068 omnes.
1181 4014 1417 4064 Ordinem

399 4097 578 4147 deinde
592 4134 608 4157 ,
634 4099 1055 4209 quem-dedimus,
1074 4112 1242 4146 omnes
1262 4095 1418 4144 nostri

1482 1259 1676 1297 servant
1692 1282 1712 1308 ,
1755 1249 1968 1313 itemque
2013 1266 2067 1314 χ.
2108 1247 2160 1315 ψ.
2205 1254 2351 1305 vien.
2403 1257 2505 1307 bini

1482 1325 1615 1393 apud
1639 1327 1888 1375 Davisium
1927 1338 1975 1375 et
2009 1328 2126 1378 edd.
2163 1341 2282 1381 vett.
2326 1335 2506 1399 plures.

1484 1405 1579 1455 Sed
1603 1405 1791 1454 addunt
1810 1406 1937 1471 Spir.
1961 1407 2062 1454 nrt.
2089 1408 2234 1459 Vien.
2263 1413 2413 1462 Mars.
2439 1416 2510 1465 al-

1484 1495 1645 1533 terum
1681 1484 1851 1533 omnia
1875 1500 1937 1532 eo
1959 1485 2104 1545 loco,
2131 1503 2232 1552 quo
2266 1492 2415 1556 vulgo
2435 1494 2507 1541 Ιο.

1485 1563 1631 1627 gitur.
1659 1564 1767 1612 Bu.
1797 1562 1947 1622 adeo,
1975 1584 2001 1606 α
2025 1581 2080 1613 se
2104 1568 2265 1617 omnia
2305 1568 2510 1623 honeste

1486 1645 1612 1691 facta
1644 1666 1694 1702 a,
1739 1634 1912 1692 κίοι-ι.
1953 1645 2074 1713 Inde
2119 1664 2293 1713 nempe
2344 1662 2509 1714 aperta

1487 1722 1646 1787 glossa
1684 1723 2016 1788 cognoscitur.
2051 1727 2201 1775 Erant
2247 1728 2366 1776 olim
2404 1729 2510 1778 haee

1488 1803 1577 1853 tria
1603 1802 1752 1853 verbs
1784 1804 2110 1869 superscripta
2129 1839 2148 1864 ,
2168 1816 2216 1855 et
2241 1809 2381 1871 quod
2402 1813 2511 1862 Bas.

1488 1882 1704 1945 selegit,
1725 1880 1779 1930 id
1804 1897 1870 1929 sc.
1896 1882 1994 1930 hoc
2012 1894 2085 1931 est
2110 1883 2289 1933 scilicet
2315 1903 2377 1936 ex
2394 1902 2511 1940 nota

1489 1960 1633 2010 valet.
1667 1961 1900 2009 Ordinem
1925 1972 2083 2010 autem
2121 1963 2369 2027 vulgatum
2398 1986 2512 2018 vere

1490 2052 1774 2105 corruptum
1802 2057 1936 2103 esse,
1964 2042 2030 2099 is,
2056 2042 2141 2105 qui
2171 2042 2232 2091 de
2263 2061 2376 2093 vera
2403 2063 2513 2096 ver-

1490 2122 1669 2171 borum
1706 2121 2028 2170 collocatione
2067 2123 2329 2188 cogitavit,
2371 2127 2514 2177 facile

1490 2200 1745 2264 intelliget.
1768 2200 1945 2249 Omnia
1964 2201 2090 2248 enim
2105 2203 2171 2250 ita
2191 2219 2302 2252 cum
2319 2204 2366 2252 vi
2383 2216 2517 2271 post·-

1492 2281 1704 2344 positum
1734 2279 1888 2327 modo
1926 2281 1979 2327 iu
2021 2283 2267 2331 sententiae
2303 2283 2515 2334 clausula

1493 2369 1622 2407 recte
1637 2357 1809 2415 stabit,
1832 2359 2002 2406 nonin
2027 2375 2081 2407 ea
2101 2360 2258 2408 media
2279 2366 2514 2414 contexti.

1491 2440 1606 2487 Hoc
1625 2454 1689 2486 ne
1707 2436 1925 2494 dubites,
1943 2439 2162 2502 exempla
2179 2438 2304 2489 vide.
2325 2444 2519 2491 Acadd.

1493 2519 1569 2575 11,
1612 2518 1664 2577 8,
1701 2518 2048 2594 24:⁸¹Quum·
2086 2532 2203 2565 vero
2242 2520 2510 2584 dubitabit,

1494 2594 1616 2659 quid
1647 2595 1712 2643 sit
1732 2608 2002 2645 extremum
2028 2607 2079 2644 et
2102 2596 2326 2646 ultimum
2353 2599 2516 2649 bono·

1494 2691 1622 2736 rum,
1646 2674 1893 2738 ignorans,
1912 2690 2012 2739 quo
2039 2676 2201 2723 omnia
2217 2677 2406 2739 referat,
2430 2681 2519 2745 qui

1496 2753 1677 2817 poterit
1699 2769 1803 2800 esee
1822 2753 2091 2819 snpientia?
2108 2776 2130 2797 a
2163 2755 2269 2803 Fin.
2287 2759 2353 2816 11,
2378 2773 2427 2820 α,
2448 2760 2479 2805 5
2502 2771 2516 2806 2

1496 2853 1521 2873 «-
1538 2847 1640 2895 quo
1658 2832 1820 2880 omnia
1837 2866 1852 2892 ‚
1877 2848 1987 2896 qua
2005 2844 2134 2881 recte
2157 2830 2348 2894 fierent,
2374 2835 2519 2883 refer-

1492 2921 1677 2969 rentur,
1702 2927 1861 2976 neque
1875 2945 1889 2968 ,
1910 2921 2003 2959 etc.
2024 2933 2048 2951 n
2073 2915 2142 2959 At
2162 2922 2329 2958 contra
2353 2912 2455 2960 Off.
2477 2915 2526 2972 1,

1500 2992 1590 3048 14,
1628 3005 1657 3037 α
1698 3004 1711 3038 :
1750 3012 1776 3033 α
1808 2989 1872 3037 ad
1912 3005 2058 3054 quam
2103 2989 2353 3037 referenda
2406 3000 2518 3037 sunt

1497 3069 1658 3116 omnia
1699 3089 1725 3110 a
1749 3103 1764 3125 ‚
1819 3077 1915 3116 etc.
1975 3093 2044 3103 —-
2096 3068 2352 3130 Ipsumque
2391 3067 2520 3116 valet

1496 3159 1545 3195 ee
1588 3146 1714 3194 adeo
1763 3144 1942 3209 ipsum.
1988 3143 2111 3192 Inde
2157 3142 2322 3207 aliquo
2367 3145 2518 3195 modo

1496 3242 1666 3273 verum
1704 3227 1855 3273 sensit
1893 3225 1946 3273 Ρ.
1987 3224 2178 3271 Manut.
2216 3239 2367 3286 quum
2403 3235 2522 3289 post

1497 3304 1666 3352 omnia
1704 3302 1819 3350 colo
1863 3303 2253 3368 interpungeret3
2287 3301 2372 3350 sed
2407 3301 2521 3351 loco

1495 3385 1687 3447 inepto.

1574 3467 1655 3517 14.
1689 3457 1836 3524 Quod
1849 3459 1900 3507 in
1925 3455 2060 3507 bom‘s
2087 3457 2296 3509 ducitur.
2316 3461 2523 3509 Goerenz

1500 3540 1584 3590 dat
1607 3554 1622 3589 :
1652 3539 1791 3604 quod
1801 3538 1953 3587 solum
1977 3539 2026 3587 in
2057 3538 2190 3587 bonis
2209 3538 2259 3586 d.
2278 3542 2388 3588 Hoc
2407 3574 2422 3601 ,
2442 3538 2521 3587 in-

1500 3621 1607 3685 quit
1623 3655 1638 3680 ,
1658 3618 1935 3667 addidimus
1961 3634 2025 3666 ex
2048 3620 2175 3683 Spir.
2194 3628 2243 3664 et
2266 3617 2366 3666 Erl.
2401 3634 2526 3683 quo-

1501 3696 1607 3747 rtim
1625 3699 1767 3763 prior
1786 3696 1928 3762 plene
1946 3699 2188 3744 consentit
2200 3731 2214 3755 ,
2234 3696 2355 3744 alter
2373 3692 2523 3745 modo

1502 3793 1601 3843 quo
1634 3785 1821 3840 peccat.
1849 3773 2032 3822 Mirum
2064 3785 2162 3832 est,
2201 3789 2289 3821 cur
2326 3775 2395 3821 sic
2422 3791 2524 3823 non

1502 3855 1690 3904 dudum
1721 3854 1836 3902 W.
1876 3855 1986 3904 DD.
2026 3870 2088 3902 ex
2131 3853 2411 3915 conjectura
2451 3869 2466 3903 :
2498 3872 2526 3903 e

1503 3936 1666 3984 Stoica
1694 3934 1825 3982 enim
1853 3934 2039 3981 ratione
2073 3933 2225 3981 solum
2249 3932 2412 3981 abesse
2445 3950 2526 3981 ne-

1502 4013 1625 4081 quit.
1650 4012 1825 4079 Neque
1849 4012 1917 4060 ob
1940 4011 2097 4062 solum
2125 4027 2242 4060 mox
2267 4012 2525 4077 repetitum

1499 4094 1714 4141 haereas:
1737 4089 1813 4139 via
1830 4101 1905 4139 est
1931 4088 1986 4138 in
2011 4091 2287 4139 iteratione.
