3217 4784
0 4442 55 4473 «ῑ

830 370 951 435 DE
1000 369 1169 438 FIN.
1226 367 1432 435 ΒΟΝ.
1487 367 1601 433 ΕΤ
1650 365 1863 434 MAL.
1923 368 1981 450 1,
2016 364 2082 433 8.
2427 361 2520 433 63

404 489 845 583 nationesque
873 487 991 585 [in
1016 482 1476 583 disputando]
1511 489 1909 582 pertinaces
1930 495 1985 573 7,
2019 483 2326 581 indignae
2345 485 2524 554 mihi

408 593 909 695 philosophia8
955 596 1179 668 videri
1210 595 1466 668 solent.

499 712 705 779 Tunc
728 718 761 764 9
789 713 1196 806 Torquatus
1223 761 1242 793 ,
1277 710 1615 792 ProrsuS,
1654 704 1892 799 inquit
1913 754 1933 788 ‚
1956 704 2306 774 assentior
2334 730 2350 773 ε
2394 728 2522 774 ne·
2565 724 2629 773 28

405 841 548 912 que
572 818 761 887 enim
783 817 1136 915 disputari
1168 817 1322 887 sine
1350 812 2006 913 reprehensionem,
2023 837 2156 883 nec
2183 836 2347 884 cum
2382 814 2526 882 ira-

407 925 697 1011 cundia,
727 941 852 996 aut
897 926 1283 1024 pertinacia
1313 979 1333 1012 ‚
1391 936 1586 994 recte
1627 921 1977 1019 disputari
2015 933 2355 1018 potestu.
2390 921 2528 992 Sed

408 1033 500 1106 ad
534 1035 714 1121 haec,
749 1037 889 1106 nisi
922 1036 1301 1107 molestum
1329 1046 1437 1105 est
1457 1088 1475 1115 ,
1526 1030 1764 1103 habeo
1796 1055 1955 1127 quae
1983 1032 2222 1102 velim.
2260 1036 2348 1103 At
2374 1056 2529 1117 me,

412 1145 741 1241 inquam,
785 1144 922 1215 nisi
964 1158 1035 1215 te
1072 1143 1320 1245 audire
1356 1140 1644 1227 vellem,
1687 1164 1934 1214 censes
1974 1139 2125 1211 haec
2165 1139 2525 1213 dicturum

418 1415 498 1445 ees
514 1420 563 1457 n,
599 1399 814 1460 mistit3
856 1399 941 1449 sed
983 1415 1151 1449 eorum
1175 1399 1320 1448 etiam
1359 1400 1435 1447 in-
1521 1394 1767 1455 dedimus,
1815 1411 1984 1443 omnes
2029 1397 2181 1444 nostri
2229 1404 2341 1446 cum
2386 1400 2534 1447 vien.

431 1493 564 1524 versa
606 1479 728 1526 ratio
764 1512 779 1537 ‚
839 1495 981 1542 quam
1034 1478 1140 1527 Cic.
1189 1488 1437 1541 tantopere
1524 1482 1677 1537 1494,
1695 1474 1827 1522 Crat.
1849 1474 1961 1522 edd.
1981 1484 2098 1522 vett.
2125 1474 2232 1523 aliis
2258 1476 2420 1524 multis
2445 1492 2541 1523 ser·

426 1568 553 1605 amat
572 1590 589 1616 ‚
628 1557 755 1605 clare
792 1558 1022 1606 cernitur.
1051 1557 1126 1604 Cf.
1168 1556 1303 1602 Orat.
1330 1558 1405 1602 111
1423 1588 1439 1615 ‚
1519 1562 1650 1601 vant.
1672 1551 1909 1615 Vulgatus
1924 1550 2145 1600 ¹coactior
2159 1563 2264 1615 est,
2282 1570 2372 1602 nec
2393 1556 2540 1603 ratio·

421 1638 484 1683 35
509 1673 524 1698 ‚
560 1637 653 1691 143
680 1650 693 1685 ε
723 1657 749 1677 α
769 1636 930 1684 malim
954 1672 970 1698 ,
995 1634 1221 1699 equidem
1239 1633 1443 1682 indiser-

420 1710 515 1761 ta'm
572 1714 876 1777 prudentiam
906 1749 921 1773 ‚
987 1727 1131 1777 quam
1191 1711 1444 1761 stultitiam

421 1793 672 1856 loquacem
694 1814 739 1841 n.
762 1795 930 1855 Atque
956 1793 1022 1840 ita
1044 1790 1253 1854 denique
1278 1790 1444 1854 paullo

422 1871 642 1929 inferius,
675 1872 821 1918 relate
859 1870 922 1918 ad
966 1870 1072 1917 haec
1095 1906 1112 1932 ‚
1153 1869 1442 1916 «iracundia

423 1959 505 1996 aut
529 1950 791 2013 pertinacia
804 1971 829 1991 ιο
846 1983 861 2003 ,
879 1959 1101 1996 accurate
1122 1948 1292 2008 juncta
1310 1947 1443 1996 vide-

427 2026 516 2074 bis.
539 2027 758 2075 Ceterum
784 2039 903 2092 puta
934 2028 1115 2075 scribas
1147 2026 1408 2074 offendisse
1429 2062 1445 2089 ,

427 2104 565 2167 quod
591 2104 708 2151 alias
739 2106 835 2152 fere
863 2105 1129 2152 iracundus
1154 2121 1252 2152 non
1284 2105 1346 2152 de
1372 2122 1445 2152 re-

430 2183 520 2230 bus
540 2217 555 2239 ,
596 2181 682 2228 sed
731 2182 795 2230 de
833 2183 1126 2231 hominibus.
1172 2184 1269 2230 Sed
1318 2184 1444 2231 dixit

428 2263 543 2309 item
556 2260 665 2309 Cic.
687 2260 974 2308 «iracundas
989 2261 1254 2324 epistolas»
1273 2261 1444 2323 Quint.

434 2345 507 2388 Fr.
536 2342 583 2389 11
601 2372 618 2398 ‚
657 2356 735 2403 ep.
763 2340 791 2387 3
809 2375 826 2401 ,
862 2350 957 2386 etc.
986 2339 1065 2387 cf.
1103 2340 1229 2387 infra
1265 2338 1327 2387 ad
1363 2341 1409 2386 V
1429 2372 1444 2397 ,

433 2437 499 2482 29
516 2454 531 2477 ,
563 2420 645 2466 88.

503 2514 550 2557 ¹7.
571 2496 1050 2561 Cbncereationesqne
1081 2493 1100 2558 [
1120 2496 1170 2544 in
1192 2496 1446 2560 disputan-

432 2574 523 2642 do]
559 2576 855 2639 pertinaces.
884 2577 1017 2623 Goer.
1049 2576 1182 2637 ejicit
1214 2575 1263 2621 in
1294 2575 1449 2639 dispu-

432 2655 607 2711 tando,
629 2655 867 2718 probante
882 2656 931 2702 J.
953 2657 1016 2702 V.
1040 2656 1096 2702 1..
1112 2656 1246 2713 Haec,
1265 2654 1448 2718 inquit,

428 2735 525 2793 jam
553 2734 718 2781 Davis.
746 2749 895 2796 quum
913 2749 941 2779 a
960 2733 1107 2780 Paris.
1136 2749 1164 2779 2
1196 2733 1417 2781 abessent
1436 2766 1451 2790 ‚

435 2812 661 2860 cancellis
704 2812 939 2858 coercuit.
985 2814 1044 2859 In
1093 2813 1271 2859 nostris
1324 2812 1451 2859 binis

435 2890 570 2940 Gud.
599 2907 627 2937 2
649 2923 666 2948 ,
687 2900 736 2937 et
760 2891 889 2952 Spir.
903 2905 1055 2952 quum
1077 2889 1243 2939 itidem
1265 2891 1452 2939 exsula-

437 2980 578 3028 rent,
623 2980 681 3016 nt
706 2968 879 3015 merito
905 2966 1077 3030 glossis
1104 2968 1417 3018 adscribenda
1433 3005 1450 3032 ,

438 3048 725 3113 expulimus.
763 3048 841 3093 Sic
880 3045 1037 3109 paria,
1083 3061 1191 3108 quae
1234 3047 1454 3110 proxima

438 3138 554 3175 nota
576 3127 697 3187 dixi,
714 3125 925 3173 membra
944 3125 1128 3171 sincere
1147 3140 1198 3171 se
1217 3125 1454 3188 produnt.

438 3206 610 3269 Neque
648 3204 914 3267 quidquam
960 3202 1037 3249 his
1096 3202 1150 3248 in
1210 3205 1458 3251 contextis

439 3282 676 3346 ejusmodi
691 3280 1020 3327 additamento
1043 3290 1273 3342 opusest;
1310 3279 1458 3343 idque

443 3362 648 3410 maxime
664 3395 678 3420 ‚
699 3375 849 3424 quum
864 3357 1248 3406 concertationes
1261 3360 1458 3424 proprie

443 3441 540 3487 sint
559 3438 817 3487 verborum
837 3472 854 3497 ‚
879 3447 1024 3500 atque
1045 3438 1113 3484 ita
1134 3453 1328 3501 quoque
1351 3453 1460 3485 con·

440 3529 627 3567 eet-tare
648 3517 846 3581 proprie
865 3526 1095 3579 ponatur.
1119 3516 1209 3565 His
1245 3517 1286 3563 si
1321 3516 1460 3564 addi-

446 3599 605 3654 deris,
651 3595 931 3661 glossatoris
969 3610 1163 3642 manum
1200 3596 1252 3642 in
1290 3595 1461 3644 eodem

446 3676 600 3725 verbo
613 3709 627 3734 ,
645 3672 674 3737 §
691 3674 914 3738 proxima
930 3672 1072 3721 textis
1088 3673 1283 3729 addito,
1305 3676 1461 3733 ceriti,

440 3758 571 3817 justa
601 3770 691 3801 nos
729 3754 916 3800 ratione
951 3767 1064 3799 usos
1101 3768 1204 3800 esse
1238 3752 1461 3814 videbis,

446 3849 596 3896 quum
614 3833 720 3880 haec
739 3830 1019 3879 doleremus.

518 3909 569 3960 8.
594 3910 823 3975 Indignae
851 3908 971 3957 mihi
985 3907 1307 3974 philosophia.
1349 3912 1465 3959 Goe-

450 4006 564 4036 reuz
599 3989 683 4037 dat
708 3987 923 4052 inde‘gnoe
933 3985 1120 4051 philos.
1147 3987 1284 4037 mihi.
1325 3989 1466 4038 Ordi-

453 4083 593 4126 nem,
629 4068 815 4131 inquit,
856 4065 1140 4127 verborum,
1188 4084 1331 4131 quem
1376 4085 1465 4117 nos

1520 1645 1632 1676 nem
1669 1629 1838 1678 habet.

1592 1724 1643 1773 9.
1671 1710 1821 1756 Tunc.
1838 1707 2115 1756 Goer.Tum.
2135 1710 2194 1756 In
2210 1706 2308 1756 hoc
2327 1725 2547 1773 quoque,

1520 1786 1707 1850 inquit,
1748 1786 1941 1850 vulgata
1973 1787 2258 1851 corrigenda
2293 1787 2413 1845 fnit,
2432 1804 2542 1851 qun

1531 1867 1664 1913 Titne
1686 1864 1903 1912 exhibet.
1925 1865 2071 1928 Quod
2096 1881 2196 1914 uon
2225 1864 2373 1914 modo
2389 1884 2475 1932 per
2491 1884 2544 1916 se

1517 1945 1621 1993 hoc
1655 1946 1771 1993 loco
1789 1956 1958 1994 contra
2000 1948 2211 1995 auctoris
2250 1964 2387 1995 usum
2434 1958 2542 2008 est;

1522 2025 1612 2074 sed
1635 2036 1826 2090 recepta
1857 2042 1884 2073 a
1915 2026 2059 2073 uobis
2078 2039 2151 2074 est
2169 2043 2366 2092 quoque
2398 2028 2544 2075 lectio

1523 2103 1671 2152 codd.
1696 2114 1743 2151 et
1788 2106 1989 2154 Oxonn.
2030 2115 2077 2152 et
2117 2116 2395 2154 nostrorum
2435 2122 2541 2153 om-

1525 2181 1678 2230 nium.
1708 2184 1779 2231 Ut
1802 2185 2052 2246 particule
2092 2186 2344 2249 utriusque
2380 2185 2546 2232 discri-

1528 2276 1642 2307 men
1659 2260 1848 2318 videas,
1877 2262 1943 2311 cf.
1977 2261 2007 2326 S
2034 2279 2100 2327 29
2133 2266 2351 2312 :aTunc
2386 2264 2548 2311 dicere

1531 2354 1731 2386 exorsus
1749 2350 1822 2387 est
1843 2361 1887 2388 ι.
1917 2343 1988 2389 Ita
2008 2353 2134 2389 necte
2160 2355 2175 2390 ε
2199 2342 2284 2389 sed
2300 2342 2368 2391 sie
2385 2342 2511 2390 adde
2527 2376 2544 2400 ,

1530 2427 1581 2465 et
1606 2416 1913 2466 scribendum
1935 2420 2053 2475 erit,
2096 2440 2119 2462 ι
2143 2421 2268 2467 Tum
2294 2422 2365 2468 sie
2388 2421 2549 2468 dicere

1532 2510 1735 2542 exorsus
1761 2504 1832 2541 est
1854 2517 1893 2542 ι.
1917 2496 2049 2543 Male
2074 2496 2224 2560 igitur
2258 2498 2423 2562 plures
2448 2499 2544 2546 sibi

1532 2573 1702 2638 scripti
1727 2575 1840 2620 Tum
1869 2575 2096 2623 referunt.

1608 2667 1690 2702 ιο.
1726 2654 1837 2701 Sine
1875 2654 2256 2717 reprehensione.
2300 2657 2519 2723 Intellige
2534 2693 2551 2718 ,

1502 2790 1511 2797 .
1535 2755 1559 2775 e
1574 2732 1864 2794 adversarii,
1883 2749 2021 2781 secus
2039 2735 2337 2785 sentientis».

1612 2827 1633 2859 ι
1649 2826 1695 2862 1.
1718 2814 1859 2859 Recte
1881 2812 2120 2875 disputari
2134 2826 2308 2876 potest.
2342 2818 2551 2865 Goerenr.

1537 2890 1666 2938 delet
1692 2889 1948 2954 de‘spman‘.
1989 2892 2041 2939 Si
2078 2892 2211 2953 quis,
2240 2894 2428 2956 inquit,
2474 2895 2552 2942 vel

1538 2984 1709 3032 parum
1750 2967 1812 3015 de
1861 2968 2121 3015 verborum
2173 2969 2335 3016 latinae
2376 2970 2554 3032 linguae

1539 3046 1862 3095 collocatione
1879 3055 2158 3109 perceptum
2177 3046 2424 3108 habuerit3
2452 3049 2556 3110 ejus

1540 3136 1670 3172 certe
1680 3140 1820 3172 aures
1832 3122 2034 3173 verbum
2047 3124 2117 3170 sic
2133 3126 2334 3188 repetite
2345 3129 2555 3191 positum

1544 3212 1790 3265 respuent.
1813 3201 2070 3249 Rationem
2084 3235 2100 3257 ,
2121 3201 2162 3249 si
2182 3204 2357 3265 quaeris
2372 3241 2386 3263 ,
2421 3207 2474 3253 in
2495 3223 2558 3256 eo

1541 3280 1775 3343 reperies,
1797 3278 1933 3343 quod
1951 3280 2046 3327 hoc
2067 3281 2222 3330 modo
2237 3284 2309 3331 vis
2322 3319 2337 3343 ‚
2367 3301 2478 3348 quae
2496 3302 2558 3333 ex

1542 3367 1784 3405 contextae
1807 3368 1973 3406 tenore
1994 3361 2045 3405 in
2065 3370 2191 3407 recte
2217 3361 2368 3420 inest,
2409 3366 2556 3428 perit.

1543 3437 1595 3485 Si
1614 3446 1783 3484 contra
1810 3436 2008 3496 debris,
2045 3438 2222 3488 redibit
2245 3443 2382 3505 quod
2407 3446 2562 3509 perie-

1547 3526 1623 3564 rat
1647 3514 1872 3578 pondus‚
1899 3533 2048 3579 quum
2068 3528 2221 3580 potest
2233 3554 2250 3577 ,
2295 3532 2351 3569 ut
2369 3525 2561 3587 utrique

1547 3595 1801 3643 enuntiato
1822 3611 2079 3645 commune
2094 3633 2110 3660 ,
2126 3600 2382 3662 separatim
2409 3604 2560 3651 inter-

1546 3671 1864 3737 pungendum
1884 3674 1964 3723 sit.
1986 3674 2041 3723 Id
2079 3677 2273 3739 quidem
2311 3680 2387 3727 vel
2415 3680 2562 3731 hebe-

1550 3751 1645 3799 tius
1657 3751 1896 3811 judicium
1910 3786 1926 3810 ‚
1945 3755 1985 3800 si
1997 3753 2061 3801 ad
2079 3755 2250 3803 similia
2267 3759 2528 3810 attenderit
2549 3799 2565 3819 ,

1548 3830 1850 3879 verissimum
1878 3843 2123 3895 agnoscet.
2156 3837 2265 3883 Jam
2299 3837 2436 3887 abest
2468 3841 2566 3889 hoe

1549 3909 1751 3958 verbum
1775 3910 1824 3956 in
1853 3911 2048 3962 Oxoun.
2071 3928 2108 3962 t.
2137 3908 2179 3971 ξ.
2198 3916 2328 3979 Spir.
2352 3927 2400 3965 et
2434 3919 2567 3968 Gud.

1558 4002 1607 4037 1.
1633 3990 1733 4035 Tot
1749 3987 1895 4051 igitur
1912 3991 2014 4037 veri
2034 3991 2236 4039 testibus
2249 4027 2265 4054 ‚
2287 3992 2411 4044 fides
2425 3997 2569 4045 addi-

1554 4067 1706 4116 cenda
1725 4064 1843 4115 erat.
