3217 4784
700 449 818 515 JO.
870 448 1083 516 AUG.
1138 444 1624 516 GOERENZH
1673 444 2326 516 INTRODUCTIO.
2527 472 2563 541 7

446 570 656 658 spatio
709 567 802 631 sic
849 566 1171 631 elaborata
1220 583 1486 656 putare,
1544 582 1626 630 ut
1668 567 1872 655 ipsam
1929 568 2258 633 materiem
2307 588 2534 633 corum
2563 617 2581 649 ‚

449 673 788 762 multiplici
820 689 1243 760 accur-utaque
1272 673 1545 737 lectione
1577 672 1927 761 parandam
1947 721 1965 749 ‚
1998 671 2232 741 eodem
2262 673 2386 737 isto
2418 689 2582 738 tem·

447 798 609 868 pore
638 794 1012 867 congestam
1041 779 1398 861 existimes,
1431 800 1547 867 per
1575 800 1643 841 se
1675 800 1829 842 sane
1856 777 2210 843 absurdum
2239 796 2370 861 θοις
2403 780 2456 843 si
2484 780 2584 843 vel

445 885 802 973 ignoraris,
839 900 1159 971 quantum
1200 884 1414 948 Tullio
1449 884 1565 949 otii
1597 884 1725 948 hoc
1755 885 1904 973 ipso
1936 901 2229 973 tempore
2264 885 2585 973 intempe-

446 992 625 1057 stivis
656 992 1001 1055 hominum
1039 1014 1191 1057 eum
1223 992 1620 1056 visitantium
1652 990 1917 1072 officiis,
1950 991 2212 1079 privatis
2248 993 2580 1057 clientium
2688 1057 2692 1060 ,

446 1097 757 1186 negotiis,
788 1118 998 1184 eoque
1026 1097 1171 1185 ipso
1212 1097 1437 1162 dolore
1456 1145 1475 1180 ,
1499 1098 1684 1179 cujus
1710 1098 1965 1161 aculeos
1998 1096 2099 1160 his
2134 1096 2366 1162 studiis
2401 1113 2469 1161 et
2507 1097 2584 1161 li·

447 1203 598 1266 teris
623 1202 863 1267 evitare
887 1202 1217 1266 laborabat
1234 1251 1253 1285 ,
1288 1202 1570 1291 perierit.
1602 1201 1820 1284 Quid?
1849 1224 1930 1266 ne
1956 1200 2290 1291 probabile
2318 1201 2582 1290 quidem

444 1306 648 1370 videri
679 1285 872 1371 debet
893 1353 910 1382 ,
942 1308 1113 1371 hanc
1138 1308 1343 1396 ipsam
1367 1323 1466 1371 tot
1485 1307 1804 1372 librorum
1837 1307 2167 1371 materiem
2194 1306 2581 1396 indigestam

446 1411 787 1499 hucusque
815 1413 875 1476 ei
900 1413 969 1475 in
999 1411 1372 1478 adversariis
1399 1412 1709 1495 jacuisse,
1735 1428 1801 1477 et
1827 1428 1967 1475 tum
1999 1409 2262 1476 demum
2290 1436 2326 1475 a
2352 1412 2579 1500 primis

444 1515 629 1580 lineis
667 1536 806 1581 esse
844 1516 1211 1581 inchoatam
1249 1516 1444 1581 simul
1471 1531 1537 1580 et
1567 1515 1963 1580 absolutam:
2007 1515 2209 1579 immo
2244 1517 2461 1603 potius
2506 1538 2584 1580 ex

446 1644 585 1710 quo
614 1622 725 1687 hic
765 1621 887 1687 sibi
923 1622 1006 1686 ad
1042 1623 1190 1686 libri
1236 1622 1505 1701 alicujus
1552 1638 2008 1711 argumentum
2055 1623 2203 1686 satis
2254 1623 2585 1710 collegisse

445 1727 815 1809 videbatur,
859 1745 1000 1793 tum
1052 1728 1269 1792 statim
1313 1727 1506 1790 rebus
1549 1726 1635 1792 ad
1678 1726 1924 1791 ordinis
1970 1728 2178 1815 legem
2224 1726 2578 1817 adstrictis,

446 1834 757 1898 orationis
788 1834 1061 1897 formam
1096 1817 1440 1921 quamdam
1471 1830 1536 1896 ‘et
1566 1832 1813 1896 colores
1844 1831 2158 1896 induebat
2197 1848 2261 1894 et
2295 1832 2574 1919 aptabat.

445 1940 566 2004 Cui
594 1941 727 2021 rei,
760 1956 838 2003 ut
866 1940 985 2004 alia
1022 1941 1566 2023 transmittamus,
1598 1937 1997 2002 documento
2034 1953 2189 2002 sunt
2222 1954 2292 2002 et
2319 1937 2465 2000 libri
2497 1938 2579 2000 de

445 2042 753 2132 Legibus,
798 2066 1012 2110 crasso
1045 2062 1298 2110 tantum
1335 2044 1444 2110 filo
1498 2061 1566 2108 et
1598 2043 1804 2131 prima
1838 2043 2119 2107 auctoris
2163 2064 2361 2106 manu
2386 2090 2407 2125 ‚
2454 2052 2574 2105 ὡσεὶ

443 2159 791 2229 πρόπωμα,
819 2151 1035 2235 scripti
1056 2196 1075 2229 ,
1107 2166 1171 2212 et
1203 2150 1589 2212 Academica
1608 2197 1627 2229 ,
1665 2170 1950 2235 quorum
1984 2151 2258 2212 formam
2291 2165 2391 2212 ter
2432 2172 2581 2213 mu-

445 2266 645 2316 tatam
666 2298 685 2331 ,
720 2251 819 2331 bis
852 2250 1166 2316 diversam
1198 2252 1435 2315 editam
1469 2252 1730 2315 scimus.
1761 2251 1887 2316 Sed
1918 2253 2084 2333 haec,
2113 2253 2302 2317 aliam
2333 2277 2577 2344 oppor-

444 2357 791 2423 tunitatem
819 2359 1021 2439 nacti,
1055 2359 1414 2423 accuratius
1452 2357 1817 2422 videbimus
1855 2380 1870 2421 t
1915 2381 2092 2422 nunc
2130 2357 2218 2422 ad
2249 2360 2450 2423 libros
2496 2361 2579 2427 de

446 2461 717 2527 Finibus
750 2463 1038 2528 redimus
1060 2513 1079 2546 ,
1117 2486 1399 2551 quorum
1431 2464 1716 2552 primum
1750 2463 2198 2527 confectorum
2233 2466 2575 2553 vestigium

444 2568 767 2656 reperitur
796 2573 930 2635 Att.
960 2568 1084 2633 XII
1102 2617 1119 2651 ,
1153 2592 1252 2657 ep.
1285 2567 1367 2647 45
1386 2616 1404 2650 ,
1437 2568 1551 2632 ubi
1578 2566 1707 2631 duo
1737 2590 1806 2632 se
1839 2568 2066 2632 Cicero
2096 2590 2332 2655 magna
2360 2581 2576 2651 συντάγ-

445 2703 590 2752 ματα
646 2673 987 2739 αόσσὶνὶωε
1042 2674 1285 2738 scribit.
1333 2673 1634 2737 Dubitari
1671 2673 1842 2737 enim
1890 2690 2065 2737 recte
2119 2674 2384 2761 nequit,
2424 2696 2578 2737 cum

445 2779 847 2847 Academicis
893 2779 1219 2867 prioribus
1268 2780 1388 2843 hos
1440 2800 1707 2866 quoque
1749 2778 1951 2842 libros
1999 2780 2210 2842 innui.
2260 2780 2480 2861 Quare
2527 2779 2578 2842 si

446 2904 657 2973 nuper
700 2884 1041 2949 Schfitzins
1068 2885 1148 2948 V.
1181 2883 1313 2948 cel.
1344 2884 1426 2948 ad
1463 2884 1501 2947 l.
1535 2885 1578 2946 l.
1628 2883 1870 2947 duobus
1901 2884 2020 2946 illis
2051 2894 2367 2961 συντάγμασι
2395 2883 2582 2947 binos

444 2989 979 3055 Academicorum
1012 2988 1212 3051 libros
1244 2989 1416 3057 solos
1449 2986 1574 3051 dici
1599 2988 1740 3051 vult
1777 2988 1950 3074 (nam
1987 2985 2070 3050 de
2094 2987 2292 3049 altera
2316 2984 2400 3048 ad
2423 2986 2581 3049 Var-

443 3118 673 3161 ronem
701 3093 987 3156 editione
1013 3108 1241 3155 auctor
1266 3107 1408 3155 tum
1438 3090 1735 3154 nondum
1764 3090 2129 3181 cogitarat),
2166 3090 2324 3165 hoc,
2349 3110 2440 3153 ne
2459 3090 2578 3155 alia

445 3220 863 3277 intonamus,
893 3196 995 3260 vel
1028 3194 1177 3260 idco
1210 3215 1441 3282 parum
1474 3194 1886 3281 probandum
1924 3210 2053 3276 est,
2090 3193 2270 3282 quod
2301 3218 2429 3263 vox
2466 3207 2579 3258 σύν-

443 3335 621 3388 ταγμα
664 3304 751 3370 de
792 3303 992 3392 pleno
1024 3317 1276 3367 tantum
1314 3323 1511 3388 opere
1550 3301 1805 3388 alique,
1840 3320 1975 3364 non
2012 3299 2093 3366 de
2137 3303 2412 3392 siugulis
2437 3302 2576 3382 ejus

444 3412 655 3494 libris,
698 3411 856 3500 poni
893 3410 1012 3473 rite
1045 3408 1266 3497 possit.
1302 3408 1478 3472 Libri
1510 3429 1666 3471 vero
1699 3406 1782 3471 (le
1813 3408 2079 3473 Finibus
2113 3431 2194 3472 eo
2233 3409 2382 3497 ipso
2408 3425 2577 3473 tem-

446 3538 638 3607 pore,
668 3538 801 3605 quo
838 3517 957 3579 ista
993 3514 1260 3603 epistola
1293 3513 1530 3601 scripta
1560 3529 1691 3595 est,
1722 3514 1835 3578 i.e.
1859 3529 2009 3578 ante
2032 3512 2205 3577 diem
2237 3514 2333 3578 ΙΙΙ
2369 3534 2576 3583 nouas

437 3624 652 3704 junias
684 3622 849 3709 708,
881 3619 1154 3684 absoluti
1182 3642 1320 3685 esse
1350 3619 1708 3701 debebant,
1741 3642 1947 3708 quum
1977 3642 2205 3684 eorum
2237 3619 2576 3685 secundum

443 3744 672 3794 auctor
708 3750 766 3793 a.
808 3726 873 3792 d.
910 3728 970 3791 V
1004 3724 1307 3791 kalendas
1356 3724 1660 3814 quintiles
1691 3727 1964 3790 Romam
2007 3726 2252 3791 miserit
2281 3727 2399 3815 (cf.
2437 3732 2570 3792 Att.

445 3832 607 3898 XIII
622 3882 639 3915 ,
670 3853 771 3922 ep.
798 3832 931 3919 32),
953 3830 1373 3919 kalendisque
1396 3831 1732 3895 sextilibus
1754 3830 2016 3895 eosdem
2041 3832 2294 3896 Atticus
2319 3831 2574 3899 dudum

448 3962 580 4005 non
610 3941 822 4004 solum
848 3937 1313 4003 describendos
1335 3937 1656 4025 acceperit
1674 3985 1692 4017 ‚
1720 3936 1834 4000 sed
1859 3937 1938 4001 ab
1970 3937 2100 4002 boc
2122 3939 2312 4003 etiam
2342 3938 2578 4001 Balbus

447 4048 728 4133 quintum
785 4064 1014 4110 eorum
1038 4092 1056 4126 ,
1107 4045 1189 4109 ab
1242 4043 1573 4130 hujusque
1623 4043 1896 4108 librariis
1947 4044 2229 4108 Caerellia
2288 4043 2578 4131 quinque

424 4164 679 4217 ‘omnes
699 4200 716 4234 ,
784 4150 989 4215 invito
1046 4150 1621 4238 stomachanteque
1689 4151 2006 4215 Cicerone
2031 4198 2049 4233 ,
2109 4166 2176 4213 et
2232 4165 2578 4233 antequam
