3217 4784
1118 335 1881 403 INTRODUCTIO.
2456 335 2536 408 15

420 455 617 520 terius
642 476 723 519 ex
751 455 879 519 hoc
905 456 1045 542 ipso
1071 453 1378 519 conflictu
1404 453 1729 519 decrescat
1749 470 1816 521 et
1837 455 2258 520 imminuatur
2281 479 2540 523 necesse

418 576 535 627 est.
582 558 662 623 Id
706 561 919 648 ipsum
953 558 1207 625 volebat
1239 559 1637 648 Chrysippus
1657 606 1676 640 ,
1710 582 1915 647 quum
1946 561 2236 627 «virtutis
2272 561 2375 649 (id
2411 581 2541 646 est,

416 664 700 753 honesti)
730 687 879 729 cum
902 664 1232 755 voluptate
1252 664 1670 741 certationem
1686 664 2098 731 -institueret
2114 715 2132 743 ‚
2168 682 2546 756 «totumque

417 768 761 837 discrimen
822 770 1057 835 summi
1114 769 1271 832 boni
1322 769 1389 832 in
1445 767 1670 833 eadem
1724 771 2204 857 comparatione
2261 775 2546 859 positum

417 890 676 963 putaret
702 898 765 955 »ς
796 876 879 941 cf.
928 875 1031 955 11,
1072 878 1187 955 14,
1222 877 1327 950 44.
1371 875 1566 939 Hunc
1613 890 1831 967 autem
1877 876 2093 939 Tullio
2142 876 2209 940 in
2255 878 2377 942 hac
2411 879 2548 968 ipsa

417 980 899 1068 comparatione
944 980 1235 1067 exemplo
1272 979 1630 1068 praeivisse,
1673 994 1748 1044 ut
1796 980 1903 1044 hic
1937 982 2073 1068 ipse
2107 981 2288 1047 locus
2320 982 2545 1066 docet,

416 1086 508 1153 ita
556 1086 741 1151 tertia
789 1086 1143 1172 quaestione
1187 1086 1544 1171 accuratius
1580 1084 1961 1151 videbimus.
1998 1088 2171 1151 Iacet
2219 1087 2418 1176 igitur
2466 1090 2548 1154 il-

419 1191 633 1255 lorum
658 1237 677 1271 ,
722 1189 837 1277 qui
878 1190 1005 1254 hoc
1055 1189 1320 1253 nomine
1353 1205 1683 1253 auctorem
1728 1204 2032 1276 carpunt,
2071 1193 2363 1279 quamvis
2398 1216 2548 1282 per-

418 1312 638 1384 vagata
684 1296 1045 1376 accusatio,
1090 1294 1338 1382 istaque
1386 1295 1519 1381 ipsa
1564 1294 1995 1382 comparatiO,
2039 1309 2114 1361 ut
2152 1296 2344 1376 hujus
2391 1310 2547 1380 ἐποχῇ

418 1416 882 1483 consentanea,
930 1417 996 1467 et
1041 1422 1121 1464 ex
1162 1423 1240 1464 ea
1284 1400 1421 1487 ipsa
1460 1399 1865 1481 aestimanda,
1902 1399 2047 1480 jure
2092 1401 2375 1488 quodam
2424 1427 2547 1471 suo

418 1505 807 1573 defenditur.

504 1613 621 1677 111.
640 1610 769 1681 Sed
786 1610 868 1675 ad
885 1610 1133 1675 tertiam
1152 1610 1478 1699 pergimus
1500 1608 1950 1696 quaestionem,
1972 1624 2064 1690 ut,
2085 1639 2109 1664 οι
2133 1632 2299 1696 quos
2322 1635 2540 1679 rerum

420 1734 835 1785 tractatarum
865 1731 1161 1783 auctores
1180 1713 1404 1779 Cicero
1422 1713 1690 1802 singulis
1718 1713 1818 1777 his
1841 1712 2018 1777 libris
2047 1731 2360 1801 sequutus
2381 1718 2463 1781 sit
2481 1750 2506 1775 »
2524 1766 2544 1800 ‚

417 1824 772 1891 videamus.
815 1822 981 1889 Nam
1017 1819 1175 1884 illud
1219 1820 1386 1883 bene
1437 1817 1519 1883 de
1563 1819 1869 1883 omnibus
1912 1821 2050 1901 ejus
2090 1820 2548 1909 philosophicis

424 1929 777 2014 tenendum
803 1944 922 2009 est,
945 1928 1159 2017 ipsum
1188 1926 1431 2014 ubique
1452 1941 1662 1989 certos
1692 1922 2005 2012 quosdam
2034 1947 2069 1989 e
2094 1925 2329 1991 Groecis
2354 1927 2551 1995 duces

420 2036 642 2121 sequi,
678 2035 759 2101 ad
792 2058 960 2123 quos
992 2057 1061 2099 se
1097 2055 1289 2121 quam
1328 2032 1621 2120 proxime
1654 2030 2140 2097 accommodet:
2176 2032 2265 2095 ita
2297 2049 2549 2117 tamen,

422 2156 530 2219 ut,
569 2140 690 2203 nisi
733 2142 786 2203 si
828 2162 994 2226 opus
1032 2139 1264 2213 fuerit,
1295 2137 1473 2201 haud
1509 2139 1694 2201 anxie
1740 2137 1998 2203 illorum
2030 2137 2222 2201 verba
2261 2156 2548 2225 premat,

420 2243 535 2308 sed
568 2267 683 2311 sua
716 2243 851 2307 fere
886 2243 953 2305 in
988 2241 1199 2309 verbis
1241 2241 1392 2328 ipsis
1428 2241 1719 2306 libertate
1753 2258 1820 2305 et
1855 2243 2166 2331 elegantia
2197 2260 2437 2308 utatur.
2474 2245 2550 2310 ld

419 2351 592 2417 enim
628 2352 819 2414 unice
852 2348 953 2415 his
983 2346 1237 2434 scriptis
1266 2345 1642 2434 expetebat,
1670 2362 1743 2413 ut
1772 2369 1973 2436 graeca
1999 2347 2402 2438 philosophia
2428 2374 2549 2419 suo

417 2455 730 2520 beneficio
781 2456 1102 2544 eleganter
1144 2452 1340 2516 latine
1384 2453 1798 2540 loqueretur3
1837 2453 1965 2517 hoc
2001 2453 2173 2521 idem
2216 2456 2352 2545 ipse
2387 2458 2545 2539 sibi,

419 2580 559 2627 tum
592 2563 659 2626 in
688 2561 788 2625 his
819 2561 1029 2641 libris,
1062 2575 1202 2623 tum
1230 2557 1381 2622 alias
1409 2581 1612 2646 saepe‚
1636 2557 1846 2623 solum
1872 2558 2138 2623 tribuit:
2170 2583 2379 2649 neque
2409 2564 2546 2652 ipsa

417 2669 485 2730 in
532 2665 940 2755 philosophia
982 2658 1128 2752 plus
1165 2686 1477 2750 umquam
1518 2662 1752 2727 vidisse
1783 2663 1953 2741 vult,
1992 2687 2114 2729 nec
2143 2664 2226 2729 ad
2257 2689 2395 2731 eam
2430 2670 2545 2734 ali.

419 2770 577 2861 quid
635 2771 920 2835 attulisse
973 2791 1125 2837 vero
1175 2767 1319 2847 jure
1368 2767 1696 2856 putandus
1742 2762 1878 2849 est}
1926 2769 2073 2833 licet
2120 2769 2543 2861 philosophiae

418 2875 702 2940 historiae
739 2875 1078 2960 scriptores
1122 2874 1305 2961 plura
1338 2889 1885 2953 commemorent,
1925 2874 2160 2961 quibus
2197 2874 2378 2941 hunc
2403 2900 2541 2943 eam

416 2983 668 3046 auxisse
715 2979 936 3045 velint.
987 2977 1213 3059 Quid?
1257 3001 1461 3065 quum
1502 3001 1581 3042 ne
1623 2978 1814 3041 tertio
1851 2976 2114 3065 quidem
2164 2978 2542 3045 Officiorum

416 3087 585 3151 libro
633 3108 789 3151 suus
835 3083 958 3147 sit:
1004 3098 1080 3145 ut
1123 3081 1204 3144 ad
1248 3082 1426 3147 hunc
1470 3082 1682 3169 ipsum
1739 3083 1905 3145 clare
1949 3080 2347 3147 docebimus,
2393 3085 2545 3151 Hoec

420 3193 613 3281 igitur
637 3204 931 3255 accurate
964 3184 1239 3251 tenenda
1271 3201 1427 3250 sunt
1446 3233 1462 3266 ,
1491 3187 1578 3267 si,
1613 3185 1853 3275 quibus
1887 3208 1965 3250 ex
1994 3185 2285 3253 fontibus
2319 3190 2543 3259 Cicero

416 3322 533 3364 sua
582 3320 858 3386 quaeque
888 3293 1171 3383 hauserit
1193 3342 1212 3375 ,
1249 3293 1371 3363 rite
1406 3292 1707 3382 indagare
1745 3292 1933 3374 velis,
1964 3316 2169 3381 quum
2199 3295 2335 3383 ipse
2366 3321 2545 3382 raro,

416 3428 583 3494 quos
622 3420 922 3471 auctores
966 3416 1303 3489 sequatur,
1346 3414 1648 3480 moneat,
1684 3420 2180 3487 nonnumquam
2221 3402 2412 3469 etiam
2444 3408 2547 3471 vel
2601 3412 2609 3419 ‘

414 3509 713 3577 consulto
735 3556 754 3590 ,
798 3532 943 3596 quae
988 3507 1247 3594 vestigia
1305 3505 1563 3594 legerit,
1623 3504 1945 3570 occultare
1991 3505 2314 3590 videatur-3
2367 3513 2542 3577 conf.

415 3615 776 3681 Introduct.
798 3613 881 3678 ad
910 3613 1088 3679 librr.
1113 3610 1195 3675 de
1228 3612 1423 3701 legg.
1446 3609 1573 3679 Sed
1593 3610 1725 3690 jam
1757 3611 2023 3699 propius
2055 3609 2138 3674 ad
2168 3634 2306 3681 rem
2341 3613 2540 3703 ipsam

411 3721 822 3789 accedamus.

505 3830 581 3895 ln
614 3827 927 3895 librorum
970 3825 1167 3914 igitur
1202 3822 1282 3889 de
1325 3823 1592 3889 Finibus
1630 3822 1844 3910 primo
1881 3845 2027 3910 quoe
2061 3823 2324 3910 Epicuri
2357 3845 2548 3911 sunt,

416 3934 761 4001 maximam
784 3930 1047 4020 quidem
1074 3946 1320 4019 partem
1348 3952 1423 3993 ex
1448 3929 1646 4008 hujus
1668 3937 1837 4008 nuptm
1865 3932 2021 4001 δοξῶν
2045 3927 2263 3999 libello
2287 3931 2548 3999 collecta

419 4054 607 4116 sunt3
644 4036 887 4124 reliqua
929 4035 1141 4114 enim,
1197 4058 1341 4121 quae
1385 4056 1461 4099 ex
1504 4034 1748 4097 caeteris
1783 4030 2070 4113 ejusdem
2107 4034 2357 4121 scriptis
2387 4035 2550 4103 affe-
