3217 4784
696 417 837 505 346
1344 432 1444 501 Μ.
1496 436 1575 504 Τ.
1630 438 2123 513 CICERONIS

692 555 964 631 tamus,
1000 571 1228 643 quum
1270 554 1443 648 quia
1475 554 1567 627 sit
1606 558 1681 629 in
1721 558 1835 632 his
1883 561 2153 660 aliquid
2203 563 2506 664 dignum
2550 596 2823 648 assum-

694 653 946 747 ptione
977 708 999 741 ‚
1052 669 1214 727 tum
1248 661 1447 757 quod
1479 663 1538 709 ¹3
1595 685 1931 744 constent
1972 697 2062 744 ex
2123 678 2696 774 cognitionibus,
2743 704 2822 760 et

693 765 1113 837 contineant
1150 770 1498 865 quiddam
1530 776 1606 848 in
1643 804 1724 851 se
1749 784 2030 854 ratione
2074 787 2549 861 constitutum
2577 808 2651 865 et
2675 796 2812 869 via.

690 874 749 939 A
783 868 962 945 falsa
1007 893 1244 950 autem
1282 888 1695 962 assensione
1715 889 1779 948 ¹4
1805 898 2030 991 magis
2066 920 2204 968 nos
2241 897 2586 973 alienatos
2621 927 2775 977 esse
2796 961 2817 995 ‚

687 1004 915 1075 quam.
943 1008 985 1055 a
1027 993 1281 1085 ceteris
1312 993 1574 1086 rebus,
1620 1024 1784 1097 quae
1819 1018 1992 1074 sunt
2027 1021 2280 1078 contra
2321 1023 2681 1101 naturam,
2716 1039 2817 1085 ar·

686 1087 1147 1171 bitramur15.
1211 1106 1366 1173 Jam
1420 1107 1918 1182 membrorum
1944 1166 1964 1201 ‚
1999 1112 2074 1184 id
2116 1129 2265 1204 est,
2307 1121 2616 1215 partium
2652 1146 2813 1195 cor·

685 1205 1006 1305 poris¹⁶,
1046 1211 1180 1284 alia
1220 1214 1559 1290 videntur
1595 1237 1898 1319 propter
1935 1249 2190 1296 eorum
2230 1252 2444 1299 usum
2472 1256 2515 1300 a
2560 1249 2815 1306 natura

685 1342 838 1389 esse
892 1316 1201 1410 donata,
1246 1339 1325 1396 ut
1370 1351 1662 1417 manuS,
1707 1354 1949 1420 crura,
2004 1333 2266 1431 pede-3,
2331 1350 2415 1408 ut
2468 1363 2585 1427 ea,
2650 1367 2818 1439 quae

685 1444 859 1500 sunt
902 1432 1100 1503 intus
1134 1435 1207 1504 in
1256 1459 1594 1534 corpore,
1632 1464 1948 1537 quorum
1983 1443 2247 1516 utilitas
2285 1462 2558 1541 quanta
2582 1460 2640 1507 ¹⁷
2678 1453 2811 1542 sit,

757 1604 833 1651 13.
872 1604 1029 1666 Quum
1049 1604 1361 1669 quim-‚eum
1387 1609 1536 1674 quod.
1565 1612 1700 1661 Goer.

680 1683 849 1731 scribit
870 1698 884 1732 t
904 1694 1055 1733 eum..
1072 1696 1214 1734 .t11m.
1246 1688 1481 1749 Pessime,
1505 1689 1669 1754 inquit
1684 1726 1700 1752 ,

678 1762 927 1828 hucusque
946 1781 1093 1829 quum
1107 1800 1117 1812 .
1135 1803 1147 1815 .
1165 1801 1178 1813 .
1192 1777 1290 1814 eum
1310 1767 1494 1816 editum
1513 1781 1612 1827 est;
1626 1770 1702 1818 id-

677 1858 774 1907 que
790 1842 868 1897 vel
889 1854 991 1892 tum
1005 1881 1021 1906 ,
1053 1845 1215 1892 sinon
1237 1847 1381 1909 qm‘a.
1400 1883 1410 1894 .
1427 1881 1439 1893 .
1452 1849 1591 1912 quod
1615 1849 1703 1898 ad·

678 1922 907 1971 deretur:
924 1924 1199 1986 junguntur
1226 1926 1355 1972 enim
1386 1942 1462 1974 res
1484 1943 1575 1975 nec
1594 1944 1623 1976 a
1648 1944 1701 1976 se

673 2002 969 2066 pendentes,
1017 2020 1110 2052 nec
1147 2003 1242 2071 sibi
1277 2007 1538 2071 oppositae.
1590 2008 1698 2054 Bas.

676 2081 810 2140 Gud,
855 2098 900 2129 r.
937 2084 1088 2130 Mars.
1131 2085 1265 2133 Crat.
1318 2084 1424 2133 ali-'e
1441 2120 1455 2144 ,
1501 2086 1699 2135 rectiori

675 2161 1013 2207 auctoritatem
1039 2177 1172 2209 suam
1205 2162 1459 2222 adjiciunt.

753 2247 834 2292 14.
887 2240 936 2284 A
979 2237 1131 2302 salsa
1185 2253 1350 2290 autem
1411 2245 1700 2296 assensione.

676 2315 810 2364 Gud.
840 2332 887 2376 1,
918 2318 1259 2368 assentatione.
1291 2322 1464 2371 Voluit
1497 2325 1602 2372 scil.
1640 2326 1701 2374 li·

676 2395 865 2444 brarius
883 2397 1167 2462 sapientiam
1185 2415 1321 2448 suam
1335 2416 1577 2464 promere,
1596 2404 1697 2468 qui,

677 2495 704 2514 κ
723 2476 1093 2525 assentationem
1155 2476 1320 2525 fiisam
1375 2482 1699 2530 assensionem

676 2567 851 2611 essen,
894 2565 1075 2604 nosset.
1116 2556 1181 2602 At
1228 2572 1331 2605 non
1358 2559 1517 2607 omnis
1542 2560 1698 2609 «falsa

672 2632 915 2695 assensio,
956 2634 1218 2682 assentatio
1254 2656 1279 2675 a·
1314 2646 1412 2697 est,
1463 2637 1548 2687 sed
1593 2641 1701 2700 eius

673 2711 826 2759 modo
847 2746 861 2769 ,
897 2713 983 2777 qui
1020 2723 1188 2761 contra
1223 2713 1378 2777 ipsius
1410 2720 1699 2768 sententiam

672 2791 870 2839 alterius
902 2793 1051 2856 gratia
1089 2792 1364 2842 assentitur.
1404 2790 1553 2858 Quod
1597 2798 1698 2847 huc

674 2870 801 2918 nihil
819 2872 1042 2935 pertinet.
1062 2870 1128 2919 G.

751 2951 834 2999 15.
874 2951 977 2999 Nos
1010 2985 1024 2999 .
1045 2987 1059 3000 .
1080 2985 1094 2999 .
1125 2950 1433 3002 arbitramur.
1488 2957 1698 3007 Goerenz

673 3030 820 3079 scrib.
838 3033 1159 3094 arbitrantur,
1178 3044 1442 3098 notatque:
1462 3037 1629 3087 Davis.
1648 3050 1698 3089 et

672 3112 790 3160 Ern.
816 3111 876 3160 de
890 3128 981 3161 suo
1000 3111 1296 3160 arbitramur
1313 3112 1568 3165 dederunt.
1584 3118 1701 3165 Bre-

674 3190 743 3237 mi
766 3190 1015 3255 vulgatum
1046 3191 1261 3240 defendit
1292 3208 1354 3241 ex
1377 3195 1620 3258 solemni,
1642 3208 1699 3246 ut

676 3267 821 3324 dicit,
850 3285 1164 3333 personarum
1198 3275 1574 3335 permutatione.
1618 3275 1698 3325 Sic

676 3347 780 3395 haec
802 3348 1035 3412 accipies,
1056 3366 1142 3397 nos
1167 3352 1378 3413 (Stoicos
1401 3354 1589 3418 omnes)
1609 3373 1697 3404 ar-

676 3424 920 3473 bitrantur
964 3427 1069 3492 (ii,
1112 3445 1320 3492 quorum
1358 3435 1697 3485 auctoritatem

677 3504 963 3571 sequimur).
983 3505 1117 3552 Idem
1152 3507 1278 3555 valet
1300 3511 1442 3558 etiam
1476 3512 1669 3563 deloco
1682 3549 1697 3575 ‚

678 3597 821 3646 quem
840 3583 1001 3630 Bremi
1016 3583 1204 3644 laudat,
1225 3587 1350 3636 infra
1377 3605 1459 3654 19,
1481 3592 1546 3640 62
1569 3627 1585 3651 ,
1607 3609 1696 3639 ar-

678 3659 942 3708 bier-antur.
957 3697 969 3709 .
983 3663 1349 3727 .persequimur.
1369 3668 1520 3717 Vides
1547 3671 1699 3735 igitur

677 3740 803 3789 hsnc
839 3755 1155 3804 personarum
1194 3747 1596 3806 permutationem
1637 3766 1699 3798 ex

677 3818 928 3868 modestia
966 3820 1101 3870 fonte
1130 3820 1342 3885 fluxisse.
1376 3827 1515 3890 Saepe
1537 3839 1698 3876 autem

679 3896 774 3945 hoc
793 3899 846 3946 in
869 3898 997 3948 libro
1022 3900 1212 3963 verbis,
1235 3905 1506 3968 appellant,
1539 3907 1698 3970 expli-

679 3986 817 4037 cant,
860 3989 1111 4040 smmum,
1156 3981 1441 4046 simpliciter
1490 3987 1697 4051 positis,

680 4056 961 4105 Stoicorum
984 4059 1229 4124 principes
1258 4063 1592 4129 intelliguntur
1614 4078 1628 4115 :
1650 4076 1701 4115 et

1790 1611 1994 1660 omnino
2030 1610 2203 1661 Cicero
2247 1610 2479 1663 catonem
2525 1615 2587 1664 de
2631 1617 2809 1667 Stoicis

1787 1692 1930 1746 tertis
1949 1707 2151 1755 persona
2173 1690 2311 1755 loqui
2328 1692 2459 1741 fecit.

1865 1771 1942 1819 ιδ.
1981 1771 2334 1833 nembrot-um,
2368 1769 2425 1818 id
2456 1784 2550 1831 est,
2593 1771 2806 1838 partium

1785 1848 2014 1913 corporis.
2040 1849 2202 1897 Verba
2221 1849 2280 1898 id
2291 1861 2386 1913 est,
2397 1851 2616 1915 partium
2634 1869 2809 1917 corpo-

1786 1928 1853 1975 ris
1887 1928 2086 1976 Walker
2119 1928 2184 1976 ad
2222 1928 2288 1978 N.
2325 1929 2390 1978 D.
2432 1932 2492 1993 1,
2535 1932 2621 1990 30,
2664 1931 2810 1994 abjici

1781 2007 1936 2069 jubet3
1950 2011 2127 2057 essenti
2133 2022 2309 2074 turque
2327 2012 2509 2073 Bremi,
2529 2015 2710 2078 quippe
2722 2012 2810 2077 qui

1786 2103 1887 2135 non
1926 2087 2116 2145 videat,
2146 2090 2267 2154 quid
2303 2090 2382 2139 hic
2409 2102 2579 2157 agant,
2615 2104 2700 2141 sut
2724 2107 2811 2139 cur

1786 2176 1957 2214 auctor
1967 2167 2170 2215 membri
2193 2169 2509 2233 vocabulum,
2524 2172 2639 2221 setis
2658 2171 2810 2219 cnivis

1786 2256 1958 2294 notum
1971 2281 1985 2305 ,
2007 2248 2250 2312 explicare
2268 2249 2495 2297 voluerit.
2521 2251 2596 2298 De
2618 2248 2812 2298 dicendi

1785 2327 1995 2389 ratione,
2011 2326 2163 2390 idest,
2177 2345 2305 2393 saepe
2323 2328 2384 2375 ad
2405 2329 2593 2378 Acadd.
2612 2331 2810 2395 egimus,

1784 2403 1874 2452 ubi
1916 2405 2025 2453 loca
2067 2407 2121 2453 in
2163 2406 2326 2453 indice
2369 2406 2566 2455 laudata
2600 2408 2812 2472 junctim

1784 2495 2025 2547 spectasse
2049 2499 2151 2530 non
2175 2482 2447 2548 poenitebit.
2475 2486 2566 2532 His
2587 2487 2812 2549 sategisse

1785 2559 1929 2608 nobis
1973 2560 2196 2608 videmur
2236 2573 2250 2608 ε
2310 2560 2437 2608 nihil
2495 2563 2647 2625 igitur
2678 2562 2813 2610 addi-

1783 2655 1915 2701 mus,
1942 2640 2035 2685 nisi
2054 2639 2150 2687 hoc
2179 2653 2195 2688 ε
2216 2639 2502 2688 Ciceronem
2532 2656 2672 2703 egere
2697 2640 2747 2688 h.
2773 2640 2821 2707 l.⁸

1786 2717 1846 2765 de
1870 2716 2109 2777 membris,
2135 2728 2374 2782 quatenus
2398 2729 2564 2782 partes
2588 2731 2707 2769 suut
2729 2730 2810 2767 to-

1784 2796 1880 2845 tins
1920 2798 2156 2862 corporis.
2214 2797 2359 2846 Adde
2407 2798 2551 2846 etism
2568 2834 2586 2859 ‚
2634 2800 2773 2864 quod
2793 2834 2809 2860 ,

1783 2897 1809 2918 σι
1827 2892 1936 2941 quae
1961 2887 2075 2924 sunt
2099 2877 2230 2925 intus
2253 2877 2305 2925 in
2334 2893 2543 2942 corpore
2569 2900 2594 2919 υ
2610 2913 2624 2938 ,
2649 2888 2704 2926 ut
2730 2896 2810 2927 se·

1782 2958 1969 3021 quitur,
1995 2973 2100 3004 non
2122 2969 2251 3006 recte
2270 2992 2285 3017 ,
2311 2968 2442 3006 certe
2464 2973 2566 3005 non
2589 2957 2812 3021 proprie,

1783 3036 1997 3084 membra
2033 3034 2268 3084 dicuntur
2299 3054 2313 3085 z
2345 3046 2395 3085 et
2435 3037 2505 3084 sic
2531 3034 2808 3100 duplicem,

1782 3126 2036 3180 utramque
2062 3130 2255 3179 gravem
2272 3153 2288 3179 ,
2324 3117 2560 3164 rationem
2600 3113 2810 3175 videbis,

1783 3208 1875 3241 cur
1900 3194 2130 3243 consulto
2149 3195 2220 3243 sic
2241 3206 2414 3244 auctor
2430 3195 2691 3258 scripserit.
2704 3197 2772 3244 G.

1860 3288 1938 3336 17.
1980 3274 2197 3336 Quorum
2223 3273 2407 3322 utilitas
2426 3284 2615 3337 quanta
2632 3272 2714 3323 sit.
2735 3273 2811 3324 Ne

1780 3350 1834 3398 in
1850 3350 1947 3399 hoc
1968 3353 2133 3416 positu
2153 3351 2399 3412 offendas,
2425 3351 2694 3399 notandum
2712 3362 2809 3404 est,

1781 3431 1907 3479 velle
1941 3442 2191 3480 auctorem
2227 3433 2279 3480 in
2315 3431 2423 3497 ipsa
2453 3447 2577 3478 voce
2616 3429 2805 3478 militas

1781 3510 1886 3557 vim
1930 3510 2141 3576 positam
2157 3544 2173 3569 ,
2218 3527 2322 3559 non
2367 3519 2555 3558 tantum
2602 3509 2654 3556 in
2703 3509 2812 3578 ejus

1781 3589 2138 3653 magnitudine.
2154 3590 2348 3641 Clueut.
2373 3591 2457 3648 33,
2479 3590 2539 3650 87
2561 3601 2575 3635 ε
2598 3609 2623 3629 σι
2642 3589 2810 3650 Quum
2825 3646 2836 3655 ι

1782 3668 1885 3733 ipss
1923 3671 2131 3734 pecunie
2151 3704 2166 3731 ,
2188 3686 2300 3735 qua
2336 3667 2532 3717 Staieno
2572 3667 2681 3715 data
2707 3678 2813 3733 est,

1777 3763 1988 3806 ‚numero
2030 3765 2088 3798 ac
2131 3765 2314 3797 summa
2355 3764 2440 3795 sus
2478 3762 2580 3794 non
2625 3744 2808 3806 modo,

1786 3838 1964 3891 quanta
1989 3829 2134 3877 fuerit
2150 3863 2165 3889 ,
2187 3827 2276 3876 sed
2303 3828 2446 3876 etiam
2467 3824 2531 3873 ad
2545 3839 2688 3889 qnam
2705 3840 2809 3871 rem

1787 3906 1900 3956 data
1927 3908 2100 3967 suerit,
2125 3908 2351 3956 ostendat
2373 3926 2416 3951 a..
2440 3905 2684 3952 Dicuntur
2714 3902 2808 3967 igi-

1786 3996 1868 4034 tur
1889 4002 2007 4053 pro,
2034 4009 2058 4028 a
2076 3995 2124 4033 et
2142 3985 2308 4050 quoad
2333 3983 2589 4032 utilitatem
2613 3998 2808 4045 eorum,

1786 4066 1828 4113 si
1853 4077 2039 4130 spectas
2063 4075 2241 4129 quanta
2276 4064 2342 4112 sit
2357 4083 2400 4113 ι.
2429 4063 2483 4111 Si
2507 4077 2647 4112 secus
2670 4077 2807 4111 acce·
