3217 4784
654 377 796 474 474
1328 380 1425 448 Μ.
1475 377 1554 446 Τ.
1604 376 2094 448 emmonis

652 524 840 589 rere,
891 499 985 572 de
1022 497 1515 597 magnitudine
1553 521 1839 585 rerum,
1881 497 1976 570 de
2018 493 2477 581 excellentia,
2508 510 2795 592 quanta

652 612 731 680 in
769 626 1068 708 quoque
1108 612 1199 679 sit
1253 607 1345 679 ad
1391 607 1602 680 beate
1645 606 2062 693 vivendum,
2111 605 2203 676 de
2242 605 2394 676 istis
2434 606 2604 704 ipsis
2646 604 2792 676 ob-

653 717 1215 809 scurationihuS,
1261 743 1423 818 quae
1464 732 1764 818 propter
1812 718 2272 815 exiguitatem
2317 717 2433 787 vix
2456 770 2476 805 ,
2521 730 2646 787 aut
2686 741 2792 788 ne

655 830 771 898 vix
812 827 1103 926 quidem
1144 842 1558 929 appareant.

749 937 943 1028 Quid
962 993 983 1026 ,
1014 938 1109 1010 de
1137 963 1288 1036 quo
1323 938 1523 1009 nulla
1552 935 1902 1009 dissensio
1935 934 2134 1008 esst?
2155 938 2388 1007 Nemo
2416 937 2607 1005 enim
2646 949 2789 1020 est,

654 1048 783 1142 qui
835 1045 1039 1119 aliter
1079 1047 1375 1135 dixerit,
1426 1048 1609 1146 quin
1663 1048 1987 1116 omnium
2042 1041 2511 1116 naturarum⁵
2555 1044 2792 1116 simile

657 1171 841 1227 esset
890 1156 961 1227 id
984 1213 1004 1244 ,
1061 1157 1152 1230 ad
1197 1158 1398 1256 quod
1438 1159 1682 1229 omnia
1715 1153 2132 1227 referuntur
2166 1182 2182 1225 t
2221 1154 2428 1252 quod
2468 1169 2577 1228 est
2611 1156 2792 1227 ulti-

656 1288 856 1337 mum
899 1290 1139 1339 rerum
1184 1266 1781 1367 appetendarum.
1828 1265 2085 1336 Omnis
2128 1266 2326 1336 enim
2377 1280 2485 1337 est
2527 1279 2792 1337 natura

660 1375 964 1473 diligens
1001 1383 1133 1452 sui.
1167 1384 1350 1473 Quae
1383 1393 1493 1450 est
1529 1377 1722 1448 enim
1750 1430 1770 1464 ‚
1799 1399 1963 1474 quae
1985 1398 2062 1448 se
2089 1397 2435 1475 umquam
2470 1375 2790 1460 deserat,

657 1501 785 1557 aut
812 1503 1090 1585 partem
1122 1490 1436 1588 aliquam
1464 1488 1622 1575 sui,
1653 1501 1780 1558 aut
1808 1487 1966 1582 ejus
2002 1488 2223 1585 partis
2263 1483 2592 1557 habitum
2611 1539 2632 1571 ,
2661 1500 2792 1557 aut

656 1596 833 1684 vim,
862 1613 989 1669 aut
1014 1598 1230 1671 ullius
1258 1623 1505 1672 earum
1531 1622 1772 1670 rerum
1791 1650 1811 1680 ,
1839 1621 2001 1693 quae
2031 1595 2426 1668 secundum
2457 1608 2791 1667 naturam

660 1704 862 1797 sintss,
887 1724 1012 1780 aut
1036 1724 1316 1781 motum
1331 1725 1491 1794 ,aut
1510 1721 1774 1786 statum
1799 1707 1866 1777 ⁷?
1893 1709 2071 1795 Quae
2096 1717 2340 1776 autem
2367 1717 2626 1775 natura
2646 1728 2791 1779 suae

660 1916 794 1965 tonis
838 1917 903 1965 sit
917 1951 933 1976 ,
966 1926 1134 1965 neutra
1169 1915 1234 1964 ad
1254 1918 1506 1967 sententia
1544 1936 1679 1984 proe.

659 1994 877 2043 cedentis
928 1995 1240 2060 complexum
1293 1996 1679 2048 accommodare.

664 2072 856 2121 Deinde
875 2074 939 2122 ita
967 2075 1141 2122 crebro
1160 2090 1252 2124 usu
1274 2074 1404 2123 idem
1426 2087 1553 2141 part.
1573 2093 1681 2127 con-

663 2151 857 2200 stitutus
878 2163 1079 2217 usurpat
1092 2187 1108 2216 ,
1129 2150 1185 2200 ut
1202 2152 1289 2201 vix
1307 2154 1441 2204 aliud
1461 2157 1682 2206 verbum.

664 2230 888 2294 Denique
911 2246 1001 2280 nos
1016 2231 1214 2296 quidem
1230 2233 1352 2283 nihil
1375 2234 1472 2285 boc
1498 2237 1550 2285 in
1568 2237 1683 2288 loco

664 2308 999 2361 offendimus..
1027 2312 1154 2361 Nam
1189 2337 1215 2357 α
1232 2331 1332 2379 quo
1367 2318 1640 2367 constituto
1658 2339 1685 2361 a

665 2388 817 2449 valet,
851 2390 987 2439 «hoc
1032 2390 1319 2459 simulatque
1367 2396 1685 2446 constitutum

667 2468 758 2517 erit
789 2470 995 2535 (summa
1021 2487 1189 2521 eorum
1230 2474 1449 2523 omnium
1477 2475 1623 2541 facta)
1642 2496 1686 2523 n.

667 2547 857 2595 Talium
908 2561 1070 2598 autern
1122 2550 1527 2602 abundantiarum
1578 2555 1687 2620 ipse

669 2626 887 2675 Bromius
929 2628 1121 2693 copiam
1155 2630 1352 2695 collegit
1388 2633 1452 2680 ad
1495 2633 1686 2682 Corne-

670 2705 789 2754 Hnm
812 2706 938 2770 Nep.
968 2707 1130 2755 Alcib.
1156 2709 1222 2770 6,
1253 2709 1312 2767 5,
1339 2721 1389 2758 et
1423 2712 1595 2760 Thras.
1628 2728 1688 2772 a,

673 2794 722 2842 4.
756 2784 906 2848 Apud
941 2800 1109 2834 omnes
1147 2802 1266 2834 vero
1302 2798 1351 2836 et
1376 2790 1600 2844 Latinos,
1640 2801 1689 2839 et

670 2866 890 2924 Gra-cos,
915 2877 1015 2913 tum
1050 2876 1099 2913 et
1123 2862 1231 2915 τότε
1252 2866 1590 2931 multipliciter
1616 2885 1691 2918 re-

671 2943 888 2992 dundare
906 2979 921 3003 ,
945 2943 1031 2992 vix
1055 2955 1128 2993 est
1145 2978 1161 3004 ,
1189 2956 1242 2993 ut
1268 2961 1569 2995 moneamus.
1594 2949 1689 2998 Ce-

673 3035 828 3073 terum
846 3023 947 3084 jam
978 3024 1136 3072 Suart.
1158 3023 1223 3072 ad
1249 3025 1453 3075 Turseli.
1480 3043 1532 3091 p.
1560 3022 1691 3092 879,

673 3103 815 3166 vidit,
836 3114 937 3151 trem
961 3115 1074 3168 post
1093 3104 1217 3152 dnos
1235 3102 1353 3153 abll.
1377 3105 1557 3154 servire
1576 3122 1694 3154 con·

672 3184 952 3247 sequentia.
986 3184 1060 3232 De
1096 3183 1361 3249 participio
1385 3196 1548 3234 antem
1573 3202 1693 3234 con·

670 3261 860 3310 stitutus
884 3262 955 3312 sic
975 3263 1249 3325 iudicamus
1263 3298 1277 3323 ,
1303 3263 1468 3312 multis
1493 3265 1549 3312 id
1570 3265 1694 3314 locia

672 3341 766 3386 VV
799 3338 911 3390 DD.
929 3341 1061 3407 apud
1080 3343 1183 3392 Cic.
1202 3344 1304 3391 sine
1319 3344 1429 3405 iure
1446 3344 1524 3392 vel
1543 3359 1693 3409 expu-

670 3418 815 3479 lisse,
841 3420 920 3468 vel
955 3431 1176 3469 tentasse.
1208 3425 1280 3469 Ita
1307 3440 1357 3469 v.
1385 3439 1428 3470 c.
1468 3425 1609 3471 Verr.
1637 3426 1690 3479 1,

679 3497 770 3587 re,
807 3505 903 3560 ⁴9:
933 3519 957 3541 «ι
984 3509 1098 3562 post
1131 3499 1237 3549 baec
1272 3502 1537 3551 constituta
1560 3501 1697 3565 judl-

668 3590 745 3622 ω
760 3597 804 3627 ιο,
836 3576 986 3631 valet,
1005 3598 1031 3618 α
1057 3593 1120 3624 ex
1136 3594 1237 3642 quo
1260 3578 1444 3640 judicia
1456 3615 1472 3642 ,
1490 3590 1545 3628 ut
1563 3597 1695 3629 nunc

669 3664 819 3714 sunt,
856 3657 1118 3705 constituta
1155 3668 1267 3706 sunt
1288 3680 1333 3707 u.
1375 3661 1436 3708 G.

744 3742 792 3790 4.
818 3733 968 3798 Quid,
990 3736 1053 3783 de
1070 3753 1167 3801 quo
1183 3738 1322 3784 nulla
1338 3737 1569 3786 dissensio
1587 3743 1695 3786 est?

673 3819 744 3863 lta
771 3815 904 3880 Spir.
935 3825 985 3863 et
1010 3815 1110 3865 Erl.
1135 3815 1335 3879 reliquis
1372 3818 1553 3867 nostris
1581 3833 1693 3865 cum

670 3905 749 3943 tot
786 3894 893 3943 aliis
929 3895 1079 3944 multa
1117 3896 1449 3959 peccantibus.
1486 3898 1691 3945 Rectius

672 3974 850 4023 dedere
877 3975 1033 4040 primo
1060 3975 1173 4023 loco
1205 3975 1261 4022 P.
1288 3976 1483 4024 Manut.
1521 3974 1698 4024 deinde

672 4054 932 4104 Lambinus
986 4071 1046 4102 ex
1100 4057 1200 4103 suis
1223 4092 1238 4117 ‚
1290 4052 1511 4105 firmante
1566 4054 1694 4103 idem

674 4135 851 4184 Eliensi
870 4135 1067 4184 Davisii.
1087 4137 1147 4184 G.
1167 4162 1233 4172 -—
1246 4135 1422 4184 Sensus
1439 4147 1511 4185 cst
1528 4152 1540 4186 :
1558 4134 1694 4197 Quid

1769 1920 1929 1970 dicam
1965 1919 2027 1968 de
2058 1916 2148 1967 mo
2183 1916 2248 1966 ab
2287 1918 2515 1967 omnibus
2556 1932 2793 1966 concesso

1770 1998 2043 2064 principio,
2068 2012 2272 2061 nempe,
2301 1995 2355 2044 id
2380 1996 2444 2045 ad
2470 1996 2610 2061 quod
2630 1995 2793 2045 omnia

1769 2078 2070 2136 referuntur,
2097 2076 2192 2124 i.e.
2211 2090 2453 2125 summum
2481 2075 2668 2124 bonum
2686 2113 2702 2138 ‚
2725 2075 2788 2123 si-

1770 2155 1885 2204 mile
1910 2170 2040 2213 esse,
2067 2153 2199 2203 idem
2235 2168 2339 2201 esse
2365 2153 2419 2200 in
2446 2153 2676 2201 omnibns
2699 2166 2790 2200 ua·

1771 2236 1922 2294 turis,
1950 2250 2036 2282 seu
2060 2232 2333 2298 generibus.
2365 2233 2527 2281 Nemo
2559 2233 2690 2280 enim
2720 2240 2797 2280 eat

1772 2315 1859 2381 qui
1879 2316 1976 2363 hoc
1999 2330 2103 2363 uon
2127 2312 2395 2362 admiserit.

1848 2396 1898 2444 5.
1931 2394 2157 2443 Omnium
2183 2403 2485 2443 naturarum.
2512 2392 2594 2440 Sic
2625 2406 2798 2440 omnes

1773 2476 1958 2539 scripti.
1971 2477 2177 2523 Goerenz
2193 2483 2355 2522 tamen
2374 2471 2462 2520 dat
2476 2469 2798 2519 namt-alim,

1774 2552 2028 2603 Edendnm
2067 2561 2197 2610 erat,
2237 2551 2432 2616 inquit,
2486 2551 2537 2600 b.
2577 2549 2611 2597 l.
2656 2546 2796 2612 quod

1774 2632 1888 2680 edd.
1928 2642 2047 2680 vett.
2091 2647 2202 2679 cum
2240 2632 2441 2691 Mau-so,
2480 2631 2603 2678 Ven.
2642 2628 2797 2690 1494,

1775 2713 1904 2763 Crat.
1951 2711 2211 2776 pluresque
2255 2709 2490 2774 praebent.
2535 2703 2797 2755 Naturalia

1777 2790 1905 2837 enim
1934 2800 2072 2846 sunt,
2100 2804 2212 2853 quae
2229 2789 2346 2836 alias
2369 2811 2395 2829 «ι
2415 2784 2678 2836 secundnm
2705 2800 2796 2832 na-

1780 2879 1934 2918 turam
1989 2858 2110 2917 esse¹
2131 2891 2157 2911 a·
2202 2868 2452 2936 dicuntur,
2496 2881 2703 2932 qnaeque
2747 2864 2804 2915 in
2848 2902 2862 2930 ,

1780 2946 2038 3013 proximis,
2054 2958 2171 2995 «eant
2183 2957 2368 3012 partem
2378 2981 2392 2994 .
2406 2981 2420 2993 .
2432 2956 2546 2996 ‚aut
2563 2956 2739 2994 statum
2753 2964 2798 3000 ι,

1779 3027 2049 3077 accuratius
2067 3026 2364 3074 indicantur.
2386 3027 2459 3073 Ita
2484 3022 2802 3088 napi-aprima

1783 3106 2034 3155 naturalia
2059 3106 2305 3155 dicuntur.
2347 3108 2420 3153 Ita
2447 3103 2640 3152 demum
2672 3112 2806 3152 recte

1784 3202 1895 3235 cum
1938 3185 2015 3234 bis
2056 3186 2326 3234 concinunt
2369 3198 2479 3248 quae
2516 3194 2808 3248 sequnntur,

1785 3266 1816 3332 S
1841 3267 1903 3314 33
1929 3280 1944 3314 ε
1972 3288 1998 3307 κ
2015 3275 2071 3313 ut
2089 3263 2246 3313 simile
2265 3263 2331 3313 sit
2351 3262 2573 3312 omnium
2590 3261 2809 3311 naturale

1781 3344 1905 3393 illud
1933 3343 2156 3392 ultimum
2177 3366 2201 3385 a
2219 3379 2233 3402 ,
2258 3342 2323 3391 ad
2350 3359 2494 3406 quem
2521 3342 2685 3389 locum
2712 3355 2805 3386 nos

1783 3422 1895 3471 vide
1914 3423 1995 3471 sis.
2024 3423 2089 3472 G.
2104 3422 2268 3472 —Cui
2285 3422 2340 3469 J.
2360 3422 2428 3469 V.
2453 3423 2512 3467 L.
2532 3416 2804 3465 assentitur.

1783 3502 1879 3551 Sed
1905 3492 2210 3550 nobisGoer.
2250 3500 2381 3560 conj.
2415 3496 2702 3545 labefactare
2725 3495 2810 3542 vi-

1785 3581 1963 3630 dentur
1988 3597 2099 3646 quae
2134 3580 2256 3628 infra
2291 3587 2557 3643 sequuntur
2585 3588 2599 3622 t
2628 3594 2658 3617 u·
2677 3576 2808 3621 Tum

1785 3662 1913 3708 enim
1940 3670 2063 3709 esset
2088 3660 2259 3715 simile,
2282 3657 2342 3716 si,
2366 3667 2462 3704 etc.
2483 3674 2508 3695 ιν
2524 3664 2574 3701 et
2596 3662 2765 3719 postea
2785 3686 2800 3711 ,

1798 3740 1968 3803 «Quin
1992 3739 2158 3804 potius
2189 3738 2252 3786 ita
2283 3735 2403 3783 dicis
2419 3768 2434 3793 ,
2456 3748 2601 3781 omne
2629 3731 2808 3780 animal

1791 3818 2085 3884 applicatum
2113 3833 2214 3865 esse
2235 3815 2296 3863 ad
2321 3812 2390 3861 id.
2419 3822 2512 3859 etc.
2536 3832 2558 3853 ιι

1855 3901 1911 3948 6.
1939 3898 2062 3946 Sine.
2091 3899 2223 3945 Goer.
2242 3891 2386 3941 scrib.
2405 3902 2534 3938 sunt.
2564 3891 2705 3947 Hoc,
2738 3889 2814 3936 in·

1789 3978 1930 4041 quit,
1959 3977 2135 4024 rectius
2172 3989 2260 4022 nos
2301 3988 2328 4018 e
2368 3969 2587 4034 quinque
2628 3970 2812 4018 nostris

1787 4058 2100 4121 reposuimus.

1860 4153 1908 4195 7.
1934 4141 2028 4182 Am
2055 4142 2228 4179 motum
2244 4165 2256 4189 ‚
2283 4141 2368 4178 am
2391 4139 2584 4181 statum.
2618 4132 2804 4180 Horum
