3217 4784
679 393 717 434 2
1222 366 1359 433 JO.
1413 365 1646 433 AUG.
1703 362 2245 432 GOERENZII

673 487 969 573 scriptam
992 484 1337 572 exemplari
1368 484 1549 547 Pauli
1575 482 1853 547 Manutii
1884 481 2184 547 editionis
2206 507 2222 547 ε
2243 484 2457 569 hunc,
2487 510 2675 552 num.
2709 491 2793 569 ΙΙ,

675 588 710 653 5
730 638 750 672 ,
777 590 901 679 'ipsi
939 587 1374 669 contulimus,
1418 585 1794 679 ibidemque
1840 588 2200 653 acciuatius
2237 591 2623 659 notavimus.
2665 593 2795 675 Qui

671 693 936 781 quidem
973 693 1123 756 licet
1155 688 1437 780 gemelli,
1470 691 1570 755 vel
1605 692 1824 778 potius
1866 714 2017 756 cum
2053 691 2341 758 Palatino
2384 694 2415 759 I
2472 699 2798 786 trigemini

666 800 810 877 jure
845 796 970 861 dici
1003 813 1372 860 mereantur
1410 796 1600 884 (sunt
1636 797 1810 861 enim
1844 818 2071 865 omnes
2108 820 2186 861 ex
2221 821 2354 862 uno
2387 801 2563 865 haud
2599 801 2798 867 dubie

670 902 1015 989 exemplari
1048 900 1411 988 descripti);
1438 917 1656 964 tamen
1677 949 1694 983 ,
1728 901 1782 964 si
1811 923 1919 964 sex
1953 902 2167 989 priora
2202 903 2349 966 libri
2377 905 2569 992 primi
2592 908 2799 994 capita

671 1008 1032 1096 exceperis,
1084 1007 1151 1069 in
1205 1006 1443 1093 quibus
1490 1006 1558 1069 in
1602 1006 1723 1069 alia
1769 1005 1986 1069 omnia
2036 1005 2334 1071 diversim
2382 1008 2664 1093 abeunt,
2694 1014 2796 1076 vel

669 1134 964 1200 expressa
998 1111 1308 1193 lectione,
1353 1111 1455 1174 vel
1491 1110 1940 1175 conciliatione
1974 1110 2213 1174 horum
2246 1113 2417 1177 inter
2449 1137 2516 1178 se
2552 1131 2617 1179 et
2646 1138 2797 1180 cum

669 1217 966 1306 reliquis,
983 1216 1087 1280 vel
1114 1215 1396 1303 denique
1425 1216 1799 1295 conjectura
1830 1215 2203 1303 simpliciter
2225 1240 2302 1281 ex
2331 1220 2483 1307 ipsis
2507 1236 2684 1297 nata,
2716 1221 2800 1287 ad

667 1346 893 1389 verum
928 1324 1018 1387 ita
1068 1344 1234 1410 saepe
1270 1321 1558 1400 ducunt,
1596 1339 1675 1385 ut
1711 1344 1939 1386 eorum
1976 1324 2321 1389 auctoritas
2354 1324 2457 1390 his
2502 1327 2570 1390 in
2615 1328 2798 1393 libris

668 1453 849 1520 poene
896 1431 1032 1503 sola
1066 1427 1295 1492 valeat.
1346 1426 1475 1492 sed
1507 1442 1662 1491 sunt
1692 1427 1763 1491 hi
1796 1429 2002 1492 n‘ostri
2038 1428 2324 1494 Palatino
2357 1432 2388 1494 1
2434 1430 2588 1496 inde
2634 1456 2800 1521 prae-

667 1541 1047 1620 stantiooes,
1091 1535 1271 1625 quod
1314 1536 1426 1600 -ille
1476 1536 1543 1598 in
1594 1535 1682 1599 IV
1715 1535 1864 1600 libri
1909 1537 2117 1626 capite
2157 1538 2204 1602 6
2251 1538 2524 1614 desinit,
2563 1541 2798 1605 nostris

670 1647 805 1735 pari
855 1648 988 1709 fene
1038 1641 1399 1732 praestantia
1448 1638 1535 1704 ad
1580 1641 1798 1704 ultimi
1847 1664 2059 1729 usque
2115 1640 2310 1706 finem
2353 1644 2797 1734 pergentibus,

666 1751 1045 1817 Proximum
1073 1746 1337 1835 quidem
1365 1746 1447 1809 ab
1478 1746 1578 1809 his
1616 1747 1898 1835 pretium
1927 1747 2272 1813 Davisiano
2298 1750 2540 1814 Eliensi
2576 1750 2642 1813 11
2669 1764 2800 1813 sta-

667 1855 989 1923 tuendum
1017 1875 1032 1915 :
1062 1851 1302 1938 saepius
1337 1849 1510 1912 enim
1542 1850 1655 1912 hic
1682 1873 1833 1913 cum
1867 1852 1992 1915 illis
2029 1853 2214 1933 facit,
2262 1853 2592 1917 interdum
2626 1855 2801 1918 solus

666 1962 803 2050 ipse
854 1981 1020 2023 νει-ω
1074 1955 1367 2020 lectionis
1416 1952 1697 2019 stilo-um
1749 1971 1863 2018 est.
1923 1956 2051 2019 Sed
2104 1957 2277 2023 idem
2331 1981 2596 2047 quoque
2647 1980 2799 2024 cum

667 2067 860 2131 tertio
908 2063 1077 2127 libro
1120 2058 1405 2124 finivisse
1434 2044 1724 2139 videtur,
1773 2078 1977 2145 quum
2028 2081 2066 2122 a
2120 2077 2352 2148 (μω-το
2401 2063 2557 2129 inde
2601 2065 2799 2129 unius

671 2168 871 2236 modo
905 2166 1176 2233 mensis
1226 2164 1473 2227 mentio
1513 2162 1863 2244 injiciatur,
1910 2181 2013 2246 et,
2060 2188 2456 2255 quamquain
2507 2169 2608 2234 vei
2644 2170 2798 2234 huic

669 2276 966 2342 Davisius
1010 2294 1144 2361 pm
1189 2269 1415 2335 ceteris
1464 2268 1747 2333 multum
1794 2270 2062 2355 tribuit,
2116 2288 2330 2337 tamen
2385 2275 2492 2339 vix
2551 2298 2681 2339 una
2733 2291 2799 2340 et

671 2383 866 2449 altera
915 2404 993 2444 ex
1043 2401 1121 2443 eo
1170 2376 1525 2465 probabilis
1573 2376 1766 2445 lenio
1807 2378 1953 2440 erui
1986 2377 2223 2464 possit:
2273 2393 2350 2442 ut
2379 2378 2567 2442 facile
2601 2379 2800 2460 hujus

671 2490 995 2555 Elicusem
1023 2488 1054 2550 Ι
1089 2504 1416 2574 agffloeoeS.
1450 2484 1564 2548 His
1596 2498 1881 2571 quatuor
1913 2481 2249 2547 codicibus
2299 2485 2600 2573 princeps
2642 2487 2799 2549 scri-

675 2610 938 2684 ptorum
970 2590 1053 2656 ad
1100 2591 1223 2654 hos
1270 2589 1468 2652 libnos
1520 2589 1905 2652 collatorum
1945 2588 2165 2651 classis
2213 2587 2598 2655 absolvitur:
2647 2614 2801 2655 nam

675 2699 870 2765 ceteri
907 2713 973 2762 et
1004 2697 1159 2761 olim
1184 2711 1255 2759 et
1272 2717 1456 2757 anime
1476 2694 1762 2781 primum
1783 2693 2058 2758 adhibiti
2084 2693 2386 2763 deteriori
2420 2695 2803 2785 plerumque

673 2804 937 2870 lectioni
980 2804 1236 2879 favent3
1272 2821 1663 2885 quamquam
1712 2798 1782 2862 in
1836 2800 2104 2889 singulis
2157 2801 2227 2864 hi
2285 2824 2555 2889 quoque
2608 2824 2803 2867 suum

674 2933 867 2976 usum
895 2907 1155 2973 habent.
1182 2905 1348 2970 Nm
1383 2904 1615 2991 reh’qui
1643 2905 1848 3001 nostri
1870 2951 1889 2985 ,
1924 2921 2003 2969 ut
2035 2905 2209 2970 Gud.
2249 2908 2315 2988 1,
2341 2907 2456 2994 qni
2488 2929 2669 2972 num.
2703 2930 2803 2996 17,

680 3022 798 3097 24,
826 3011 1196 3103 quaternis,
1228 3009 1596 3073 charactere
1649 3009 1928 3091 minori,·
1957 3011 2246 3074 seculum
2279 3014 2403 3077 XV
2437 3035 2570 3101 prae
2602 3035 2670 3077 se
2707 3015 2804 3077 fe·

677 3137 859 3187 rente
878 3167 895 3199 ‚
929 3120 995 3182 in
1024 3118 1243 3181 charta
1268 3115 1542 3202 scriptus
1569 3130 1667 3178 est
1685 3162 1704 3196 ,
1732 3129 1798 3179 et
1822 3115 2012 3183 simul
2044 3116 2246 3181 libros
2273 3116 2360 3181 de
2393 3118 2805 3183 Divinatione

680 3224 1160 3315 complectitur3
1192 3221 1371 3287 Gud.
1415 3222 1480 3285 11
1501 3269 1520 3302 ‚
1558 3244 1756 3309 quem
1776 3268 1795 3302 ,
1827 3223 2092 3310 proprio
2119 3245 2428 3305 numero,
2475 3223 2558 3289 ad
2593 3226 2807 3313 priora

680 3353 947 3423 quoque
977 3329 1307 3393 volumina
1329 3328 1761 3410 contulimus,
1808 3328 2178 3393 Basileensis
2198 3377 2217 3411 ,
2246 3330 2357 3416 qui
2397 3331 2550 3395 item
2587 3354 2666 3394 ex
2704 3329 2803 3394 illa

680 3436 954 3528 Wegelii
990 3434 1333 3499 collatione
1378 3434 1568 3498 nobis
1619 3434 1939 3514 innotuit,
1988 3450 2053 3498 et
2100 3435 2269 3499 forte
2325 3457 2453 3499 una
2502 3458 2655 3499 cum
2705 3434 2806 3500 his

673 3546 852 3611 libris
882 3541 1263 3609 Academica
1301 3563 1564 3628 quoque
1598 3539 2134 3629 comprehendit3
2180 3541 2589 3606 Monacensis
2622 3539 2805 3604 deni-

676 3675 804 3744 que
847 3649 1255 3715 Bibliotheca
1288 3648 1476 3736 regiae
1510 3646 1737 3728 codex,
1773 3670 1960 3713 num.
1995 3645 2161 3729 328,
2196 3671 2392 3736 quem
2424 3647 2807 3711 Franciscus

677 3756 992 3824 xaverius
1015 3753 1351 3817 Werfoeus
1371 3799 1389 3832 ,
1440 3751 1781 3839 singularis
1819 3752 1955 3839 spei
1995 3752 2284 3833 juvenis,
2324 3752 2509 3832 cujus
2563 3750 2807 3839 ingenii

678 3866 770 3927 vis
802 3877 1035 3948 suopte
1055 3858 1181 3938 jam
1212 3857 1477 3919 nomine
1509 3877 1587 3918 ex
1614 3855 1786 3918 Actis
1809 3851 2296 3943 Philologorum
2316 3855 2807 3921 Monacensium

682 3968 1015 4046 inclaruit,
1062 3987 1100 4026 a
1132 3962 1302 4026 libro
1336 3977 1565 4049 quarto
1600 3958 1792 4041 inde,
1843 3961 2315 4026 accuratissime
2349 3962 2539 4026 nobis
2572 3977 2807 4025 contu-

676 4076 786 4138 lit-z
822 4072 892 4136 hi
926 4070 1126 4157 igitur
1147 4088 1376 4130 omnes
1412 4066 1500 4129 ita
1527 4081 1684 4130 sunt
1709 4064 2014 4131 deteriori
2039 4065 2222 4153 classi
2253 4065 2694 4149 adscribendi,
2732 4083 2806 4131 ut
