3217 4784
389 487 541 506 m
551 482 2519 508 mmmmmmmmmmmmmssm
2534 468 2538 479 l

843 692 2066 798 ARGUMENTUM

744 929 1036 997 LIBRI
1092 927 1445 995 TERTII
1504 926 1641 994 DE
1696 928 2154 996 FINIBUS.

388 1152 469 1207 Ut
499 1144 961 1205 antecedentium
1000 1145 1283 1204 librorum
1326 1147 1509 1205 altero
1550 1144 1789 1225 Epicuri
1820 1145 2106 1203 sententia
2141 1147 2521 1224 proponitur,

468 1243 652 1301 altero
685 1243 994 1314 refellitur,
1036 1243 1117 1302 ita
1155 1244 1347 1305 Stoica
1376 1244 1553 1315 ratio,
1601 1243 1718 1301 hoc
1755 1243 1933 1300 tertio
1974 1254 2240 1300 enarrata
2262 1285 2278 1311 ,
2310 1256 2522 1319 quarto

470 1341 855 1419 impugnatur.
886 1340 979 1399 Ad
1005 1360 1183 1420 quam
1214 1361 1336 1400 rem
1356 1361 1570 1420 parans
1597 1354 1806 1401 auctor
1831 1358 1956 1397 sese
1984 1337 2057 1395 de
2086 1337 2522 1399 difficultatibus

470 1438 721 1515 primum
751 1438 1156 1517 conqueritur,
1199 1458 1344 1515 quas
1383 1437 1595 1497 subtile
1627 1436 1957 1496 Stoicorum
1989 1433 2310 1493 disserendi
2343 1456 2520 1513 genus

468 1535 705 1614 objiciat
725 1579 742 1603 ,
774 1536 949 1614 idque
981 1537 1229 1595 maxime
1260 1537 1438 1594 latino
1467 1538 1527 1594 in
1544 1553 1851 1604 sermone,
1896 1532 1970 1591 ad
1995 1535 2100 1592 has
2130 1553 2222 1591 res
2241 1573 2258 1601 ,
2304 1534 2523 1612 inipso

470 1654 682 1705 novas,
723 1634 1010 1712 aptando,
1044 1641 1076 1706 S
1110 1634 1232 1690 1-3.
1277 1636 1397 1691 Sua
1425 1631 1662 1709 quidem
1704 1630 1915 1707 cuique
1948 1629 2062 1689 arti
2088 1628 2271 1688 verba
2303 1648 2454 1700 esse,
2491 1650 2525 1686 a

469 1731 698 1808 vulgari
739 1750 847 1788 usu
894 1741 1158 1787 remota:
1204 1726 1306 1784 sed
1344 1727 1555 1784 horum
1597 1726 1826 1785 Stoicos
1868 1745 1991 1804 prae
2032 1725 2242 1783 ceteris
2276 1724 2526 1802 plurima

466 1848 740 1898 novasse;
784 1827 1002 1904 quippe
1028 1843 1280 1902 quorum
1305 1823 1539 1882 inventa
1561 1822 1759 1882 verbis
1785 1823 1966 1902 magis
1998 1822 2165 1880 novis
2184 1864 2201 1893 ,
2224 1840 2401 1899 quam
2427 1840 2522 1878 re-

469 1923 580 1982 bus
606 1936 887 1982 constent.
915 1921 1089 1995 Quod
1103 1921 1150 1978 si
1171 1922 1388 1980 Graecis
1415 1920 1585 1979 liceat
1601 1922 1663 1978 in
1691 1920 1866 1979 rebus
1886 1941 1921 1977 a
1948 1918 2175 1997 vulgari
2200 1917 2528 1996 cognitione

471 2020 775 2096 separatis,
814 2032 873 2077 et
907 2018 969 2074 in
1004 2018 1223 2096 lingua,
1256 2037 1386 2094 quae
1420 2017 1807 2096 (quamquam
1851 2014 2036 2092 falso)
2090 2015 2386 2093 copiosior
2421 2034 2529 2091 pu-

474 2129 625 2173 tetur
649 2138 662 2171 :
687 2115 871 2173 multo
894 2114 954 2172 id
999 2115 1180 2191 magis
1214 2115 1275 2172 in
1314 2115 1493 2173 latina
1513 2115 1710 2192 lingua
1739 2115 1946 2186 licere,
1978 2113 2037 2170 in
2073 2132 2188 2189 qua
2214 2111 2340 2169 haec
2374 2131 2530 2168 nunc

469 2212 719 2289 primum
748 2223 1061 2269 tententur.
1086 2211 1349 2269 Latinam
1372 2211 1526 2268 enim
1552 2212 1611 2268 in
1636 2212 1890 2268 romanis
1921 2208 2146 2268 artibus
2166 2208 2273 2281 (cf.
2291 2212 2462 2266 Tusc.
2481 2212 2529 2279 1,

478 2326 530 2377 1,
569 2304 678 2379 a),
731 2323 916 2381 graeca
980 2322 1102 2361 esse
1158 2303 1331 2360 etiam
1383 2303 1779 2379 superiorem3
1836 2300 2172 2360 enitendum
2209 2300 2387 2379 igitur
2406 2343 2424 2371 ,
2467 2312 2534 2357 ut

471 2402 674 2461 eadem
700 2401 855 2460 idem
878 2401 953 2459 sit
981 2401 1042 2459 in
1075 2399 1303 2459 artibus
1329 2400 1530 2477 graecis
1557 2422 1570 2455 :
1622 2397 1796 2456 modo
1824 2397 1984 2475 quod
2011 2397 2191 2456 verba
2207 2442 2224 2470 ,
2252 2418 2324 2455 ex
2350 2396 2533 2455 veteri

474 2519 581 2557 usu
627 2512 687 2557 et
726 2498 993 2556 instituto
1032 2510 1293 2575 recepta,
1324 2509 1389 2554 ut
1414 2495 1817 2575 philosophia,
1867 2494 2166 2552 dialectica
2187 2538 2204 2566 ,
2239 2508 2347 2553 etc.
2387 2495 2533 2553 reti-

472 2609 752 2669 neantur,
779 2602 810 2669 5
833 2604 864 2665 ἱ.
884 2639 900 2667 ,
936 2596 990 2653 5.
1022 2600 1274 2655 Excusat
1302 2594 1512 2653 deinde
1544 2615 1604 2653 se
1632 2606 1864 2665 auctor,
1889 2592 2050 2670 quod
2079 2591 2154 2650 ad
2186 2596 2430 2651 Brutum
2461 2592 2536 2650 de

471 2693 646 2753 rebus
671 2692 888 2752 scribat
921 2693 1033 2771 ipsi
1059 2691 1373 2750 notissimis
1388 2714 1406 2763 ;
1432 2691 1534 2749 sed
1563 2691 1792 2750 mittere
1819 2710 1882 2749 se
1910 2690 2033 2748 haec
2076 2688 2150 2748 ad
2191 2709 2326 2748 eum
2359 2688 2533 2763 dicit,

476 2804 765 2868 tamquam
798 2789 872 2847 ad
908 2791 1295 2868 aequissimum
1323 2789 1538 2847 horum
1561 2788 1888 2848 studiorum
1928 2787 2336 2846 aestimatorem
2358 2799 2417 2846 et
2434 2786 2535 2863 ju-

476 2888 664 2946 dicem
685 2931 702 2960 ,
740 2893 772 2958 S
818 2887 877 2943 6.

551 2991 711 3055 Jam,
739 3002 907 3041 scena
938 2984 1220 3043 sermonis
1260 2985 1319 3041 in
1361 2985 1754 3044 Tusculanum
1786 2990 1852 3045 L.
1889 2983 2149 3053 Luculli,
2193 2999 2383 3058 nuper
2413 2981 2534 3038 fato

475 3080 767 3151 defuncti,
798 3079 1101 3154 translata,
1132 3081 1294 3158 fingit
1321 3100 1382 3138 se
1400 3080 1602 3139 Cicero
1627 3078 2040 3138 bibliothecam
2067 3074 2150 3133 ibi
2172 3075 2533 3143 Luculleam‚

476 3189 542 3235 ut
568 3175 877 3256 quemdam
899 3174 1228 3232 Aristotelis
1254 3174 1470 3232 librum
1496 3175 1634 3233 inde
1663 3185 1991 3252 promeret,
2021 3170 2236 3242 adisse,
2259 3170 2319 3227 in
2351 3190 2536 3247 eaque

472 3277 756 3333 Catonem
793 3269 1275 3349 deprehendisse,
1311 3271 1520 3329 Stoicis
1554 3269 1722 3328 libris
1762 3267 2214 3338 circumdatum;
2245 3278 2450 3345 utpote
2478 3280 2535 3325 et

471 3370 610 3429 huic
634 3368 955 3448 disciplinae
982 3368 1429 3439 deditissimum,
1461 3380 1518 3425 et
1551 3366 1789 3425 omnino
1816 3365 2077 3423 lectionis
2104 3363 2391 3422 librorum
2413 3365 2535 3422 avi-

474 3467 793 3527 dissimum.
817 3466 914 3524 Sic
945 3465 1098 3522 inter
1126 3464 1234 3522 hos
1264 3483 1589 3522 sermonem
1608 3481 1733 3520 esse
1760 3474 1980 3534 natum,
1995 3480 2175 3539 quum
2201 3459 2275 3519 de
2302 3460 2535 3519 haerede

475 3564 648 3641 hujus
681 3561 1082 3632 bibliothecae,
1110 3579 1295 3639 puero
1333 3560 1577 3618 Lucullo
1598 3603 1616 3631 ,
1658 3571 1780 3616 tum
1809 3557 1881 3617 de
1919 3558 2248 3619 Stoicorum
2276 3557 2534 3627 ratione,

477 3660 551 3720 ad
589 3680 762 3738 quam
808 3659 904 3716 hic
944 3660 1134 3737 ipsum
1177 3657 1506 3717 traductum
1546 3657 1748 3729 vellet;
1794 3656 2012 3734 quippe
2056 3674 2227 3732 quem
2275 3654 2536 3713 omnium

475 3758 723 3817 maxime
744 3757 972 3829 deceat,
995 3755 1161 3829 nihil,
1193 3756 1304 3814 nisi
1330 3756 1604 3814 virtutem
1626 3799 1643 3827 ,
1674 3755 1738 3813 in
1766 3753 1937 3813 bonis
1956 3773 2290 3824 numerare,
2314 3758 2345 3825 5
2367 3773 2534 3825 7-10.

477 3861 627 3915 Tum
647 3900 665 3929 ,
718 3867 964 3934 negante
1012 3854 1292 3914 Cicerone
1339 3854 1565 3913 Stoicos
1609 3872 1675 3910 re
1720 3852 1795 3911 ab
1838 3851 2191 3910 Academicis
2240 3851 2535 3921 diversos,

478 3954 902 4034 discrimenque
930 3973 1100 4013 omne
1142 3953 1202 4010 in
1242 3952 1435 4011 verbis
1468 3966 1752 4030 ponente,
1796 3955 2073 4011 Catonem
2113 3962 2316 4009 contra
2347 3950 2534 4008 nisum

478 4072 639 4124 esse,
673 4067 733 4112 et
771 4053 1022 4132 denique
1070 4053 1431 4132 promisisse,
1474 4065 1652 4110 totam
1696 4051 1944 4109 Zenonis
1988 4064 2046 4109 et
2092 4049 2421 4110 Stoicorum
2464 4047 2536 4103 de

483 4147 694 4209 finibus
720 4152 1060 4211 sententiam
1086 4172 1144 4209 sc
1173 4150 1626 4229 explicaturum,
1650 4155 1680 4221 S
1716 4156 1917 4217 10-14.
1945 4148 2222 4207 Praesatns
2246 4145 2342 4203 hic
2365 4143 2539 4222 igitur
