3217 4784
1061 474 1824 543 ARGUMENTUM.
2385 470 2525 569 539

464 609 687 655 naturae
728 595 967 653 ductum
991 638 1007 666 ,
1069 597 1263 654 multis
1312 595 1587 674 gradibus
1639 596 1714 653 ad
1764 614 2047 654 summum
2097 614 2276 673 usque
2323 616 2525 654 escen—

464 693 638 761 dere,
677 707 740 752 ut
779 692 841 750 in
882 694 1146 770 corporis
1184 693 1504 770 mentisque
1544 692 1862 750 virtutibus
1904 691 2300 770 perficiendis,
2344 696 2524 770 perfi-

465 790 668 855 ciatur,
702 795 734 860 S
761 791 865 865 39,
898 798 990 855 40.

544 886 659 945 Sed
690 888 796 945 etsi
829 908 901 945 ex
935 888 1033 945 illa
1065 887 1250 965 prima
1279 886 1781 946 commendatione
1814 900 2038 947 naturae
2069 906 2356 945 summum
2385 887 2526 945 illud

464 984 685 1043 honum
717 996 940 1061 pateat,
969 978 1161 1041 t'amen
1202 984 1388 1061 ipsam
1429 982 1736 1042 obscuram
1784 1003 1908 1042 esse
1949 998 2008 1043 et
2052 987 2360 1057 incertam,
2401 984 2527 1061 pri-

464 1099 737 1156 mumque
763 1079 935 1137 'ntum
962 1080 1286 1157 appetitum
1311 1079 1372 1137 in
1404 1100 1476 1138 eo
1506 1079 1685 1138 modo
1714 1081 2020 1158 occupari,
2065 1094 2128 1138 ut
2156 1080 2346 1139 salvos
2376 1081 2528 1138 inte-

463 1196 712 1253 grosque
735 1195 843 1235 nos
865 1189 1230 1255 praestemus;
1250 1197 1431 1255 quum
1457 1178 1666 1237 sensim
1694 1176 1873 1237 modo
1898 1190 2125 1237 nosmet
2151 1178 2310 1256 ipsos
2341 1177 2533 1254 digni-

466 1287 756 1352 tatemque
780 1289 1038 1334 nostram
1069 1295 1499 1355 eognosoemus.
1539 1281 1797 1336 Noseere
1824 1288 2018 1334 autem
2048 1294 2156 1334 nos
2186 1276 2375 1354 ipsos,
2416 1286 2530 1332 tam

465 1391 637 1448 grave
669 1391 820 1444 6556,
856 1384 923 1429 ut
957 1372 1102 1432 illud
1143 1381 1500 1451 praeceptum
1541 1393 1575 1430 a
1621 1372 1738 1430 deo
1763 1384 1984 1430 tantum
2016 1372 2212 1449 aliquo
2242 1371 2532 1450 proficisci

466 1468 722 1546 potuisse
766 1468 1161 1528 existimatum
1207 1469 1297 1526 sit.
1348 1474 1514 1529 Hanc
1569 1482 1764 1526 autem
1815 1466 2206 1544 cognitionem
2257 1467 2425 1526 unice
2462 1494 2533 1531 ρο

466 1579 753 1644 spectare,
788 1579 852 1624 ut
879 1566 998 1624 vim
1027 1566 1201 1625 animi
1233 1565 1612 1644 corporisque
1638 1565 1825 1624 nostri
1854 1564 2175 1638 discamus,
2216 1577 2276 1623 et
2305 1567 2381 1625 ad
2407 1589 2532 1628 eam

469 1664 642 1721 vitam
664 1682 773 1721 nos
795 1662 1173 1740 applicemus,
1209 1680 1327 1740 qua
1361 1660 1537 1721 rebus
1566 1662 1706 1740 ipsis
1746 1661 1972 1740 perfrui
2001 1661 2188 1719 liceat.
2226 1662 2321 1721 Sic
2357 1683 2531 1724 accu-

468 1761 649 1819 ratius
670 1761 844 1819 etiam
874 1759 1202 1838 perspici‚si
1231 1759 1312 1832 id,
1326 1759 1486 1839 quod
1511 1759 1930 1838 perfectissima
1942 1772 2153 1817 natura
2177 1761 2530 1837 requireret,

467 1857 664 1936 adepti
707 1857 919 1931 simus,
966 1858 1025 1916 in
1069 1877 1141 1915 eo
1183 1870 1452 1916 naturam
1499 1858 1572 1917 ad
1620 1857 1887 1917 ultimum
1929 1858 2300 1935 pervenisse,
2356 1857 2534 1938 idqu(⁸

463 1954 653 2029 ipsum
680 1972 968 2013 summum
1003 1954 1224 2014 bonum
1254 1974 1377 2013 esse
1405 1978 1418 2012 ε
1447 1955 1609 2033 quod
1638 1974 1776 2013 sane
1805 1974 1912 2033 per
1944 1974 2006 2012 se
2032 1954 2224 2032 ipsum
2251 1970 2529 2033 expeten—

458 2048 595 2108 dum
620 2051 723 2120 sit,
751 2071 933 2129 quum
961 2053 1202 2130 singulae
1231 2053 1354 2129 ejus
1382 2065 1575 2131 partes
1599 2064 1756 2110 recte
1787 2064 2159 2129 expetantur,
2185 2057 2216 2123 ς
2245 2054 2449 2121 41-45.

540 2151 804 2209 Alterum
826 2152 1154 2228 argumenti
1178 2169 1385 2228 genus,
1427 2161 1643 2229 praeter
1664 2167 1923 2207 amorem
1948 2150 2166 2222 nostri,
2195 2149 2332 2207 inde
2366 2149 2534 2222 duci,

461 2244 619 2320 quod
667 2260 727 2304 et
769 2247 1030 2325 corpori,
1073 2261 1131 2305 et
1171 2246 1397 2319 animo,
1448 2266 1553 2305 sua
1596 2264 1846 2323 quaeque
1886 2246 1976 2304 vis
2021 2246 2125 2318 sit,
2170 2265 2286 2323 qua
2336 2246 2400 2304 in
2445 2246 2535 2305 his

462 2357 660 2403 nostra
702 2347 873 2423 plane
924 2358 1132 2424 sponte
1177 2363 1534 2402 moveamur.
1581 2349 1649 2402 In
1698 2362 1978 2423 corpore,
2022 2344 2232 2402 affecta
2272 2344 2533 2404 membra

463 2441 772 2512 occultari,
806 2442 1072 2500 multisve
1105 2440 1410 2499 doloribus
1439 2441 1631 2499 curari
1657 2462 1671 2497 ε
1715 2441 2028 2517 omniaque
2050 2440 2209 2513 fieri,
2233 2453 2300 2498 ut
2322 2441 2533 2499 horum

464 2538 685 2615 species
715 2558 747 2597 a
780 2550 987 2597 natura
1010 2557 1132 2596 non
1157 2540 1405 2596 alienata
1430 2536 1721 2605 videatur,
1750 2548 1853 2595 aut
1880 2535 1953 2594 ad
1977 2535 2242 2595 eamdem
2272 2550 2537 2596 reverta-

466 2648 578 2693 tur.
601 2640 819 2695 Omnes
841 2638 993 2695 enim
1020 2655 1080 2693 se
1103 2649 1255 2695 totos
1275 2647 1481 2693 natura
1503 2633 1862 2713 expetendos
1884 2648 2119 2714 putare,
2145 2634 2324 2713 idque
2346 2635 2531 2694 solum

468 2733 651 2807 ipsos;
679 2733 817 2791 inde
858 2733 1029 2791 etiam
1071 2745 1269 2811 partes
1309 2742 1555 2809 propter
1594 2749 1656 2790 se
1694 2735 1905 2809 expeti.
1952 2730 2107 2790 Odio
2138 2731 2273 2790 item
2302 2751 2409 2791 nos
2437 2752 2538 2790 eos

468 2828 675 2904 dignos
708 2829 994 2905 judicare,
1038 2830 1140 2907 qui
1187 2829 1245 2887 in
1285 2843 1448 2887 motu
1489 2840 1717 2888 statuve
1762 2841 1984 2887 naturae
2032 2830 2218 2908 legem
2256 2829 2535 2907 migrent,

468 2925 820 3005 modumque
860 2925 1174 2997 excedant;
1208 2946 1387 3003 quum
1420 2926 1634 2986 horum
1667 2946 1903 3004 quoque
1943 2945 2145 2984 curam
2190 2940 2397 2985 natura
2430 2926 2537 2984 de-

468 3021 696 3079 sideret.
747 3021 842 3078 Sic
892 3041 1129 3098 quoque
1189 3021 1685 3096 pulchritudinem
1713 3068 1728 3096 ,
1780 3022 2200 3093 valitudinem,
2249 3023 2433 3091 vires,
2479 3035 2539 3079 et

470 3129 660 3175 cetera
688 3116 840 3187 haec,
877 3137 984 3195 per
1009 3137 1071 3176 se
1096 3118 1254 3197 ipsa,
1291 3138 1407 3176 non
1442 3133 1688 3199 propter
1724 3119 2026 3177 utilitatem
2062 3131 2316 3191 tantum,
2357 3138 2539 3196 expe-

473 3214 643 3272 tenda
669 3234 823 3287 esse,
855 3220 886 3287 S
917 3217 1026 3287 46,
1067 3225 1158 3288 [07.
1212 3220 1280 3273 In
1324 3218 1519 3274 animo
1561 3236 1735 3288 vero,
1774 3236 1893 3294 quo
1926 3216 2226 3273 facultates
2257 3216 2375 3273 sint
2400 3216 2539 3274 illu-

471 3312 740 3383 strioreS,
780 3332 851 3371 eo
878 3315 1128 3372 clariora
1155 3333 1392 3392 quoque
1426 3326 1650 3372 naturae
1691 3313 1906 3371 indicia
1943 3312 2119 3371 cerni.
2165 3316 2419 3371 Tantum
2449 3315 2538 3372 in-

472 3430 594 3469 esse
626 3409 848 3469 homini
878 3431 913 3469 a
943 3411 1139 3489 pueris
1183 3410 1533 3490 cognitionis
1575 3430 1867 3483 amorem,
1913 3423 1976 3469 ut
2024 3423 2227 3489 aperte
2274 3410 2348 3469 ad
2386 3411 2538 3470 hanc

474 3522 675 3587 suapte
704 3522 911 3586 sponte
944 3512 1199 3568 seratur:
1240 3510 1312 3568 ad
1342 3529 1517 3587 quem
1546 3514 1835 3570 Homerus
1875 3510 1936 3566 in
1981 3507 2284 3568 sirenibus
2331 3509 2540 3587 fingen-

474 3605 561 3664 dis
589 3605 906 3683 respexisse
934 3607 1232 3679 videatur‚
1263 3610 1298 3685 §
1327 3608 1399 3677 48
1418 3651 1435 3679 ,
1467 3616 1560 3685 49.
1588 3607 1749 3666 Idem
1773 3625 2058 3685 apparere
2081 3604 2142 3662 in
2169 3606 2539 3679 Archimede,

473 3702 854 3770 Aristoxen0‚
902 3704 1323 3783 Aristophane,
1374 3717 1434 3763 et
1487 3704 1548 3761 in
1591 3702 1962 3783 philosophis
2003 3702 2100 3775 iis,
2138 3703 2240 3780 qui
2279 3703 2539 3763 discendi

472 3799 789 3877 cupiditate
819 3801 1048 3859 ultimas
1077 3813 1258 3860 terras
1288 3801 1557 3860 adierint.
1586 3802 1876 3861 cultiores
1915 3819 2126 3859 omnes*
2140 3813 2198 3858 et
2224 3801 2536 3861 caelestium

475 3916 666 3954 rerum
700 3909 754 3953 et
788 3898 1167 3955 occultiorum
1215 3898 1545 3976 cognitione
1587 3899 1801 3969 teneri,
1843 3898 2085 3956 historia
2133 3897 2438 3970 delectari,
2485 3913 2542 3956 ct

478 3993 622 4049 lictis
652 3994 822 4052 etiam
866 3993 1071 4053 sabulis
1106 3995 1285 4052 allici:
1324 4010 1384 4053 ut
1424 3998 1622 4073 negari
1663 4009 1947 4073 nequeat,
1983 4014 2070 4052 res
2105 3994 2257 4073 ipsas
2295 3993 2539 4051 invitare

478 4088 550 4145 ad
575 4088 910 4150 discendum
929 4136 943 4163 ‚
974 4099 1003 4163 5
1032 4092 1238 4150 50-52.
1264 4099 1500 4151 Veteres
1526 4094 1912 4172 philosophos
1946 4094 2003 4150 in
2039 4093 2340 4151 beatorum
2372 4091 2535 4147 insu-

479 4184 548 4241 lis
582 4185 711 4245 vitae
743 4189 1069 4267 sapientum
1100 4189 1540 4250 delectationem
1586 4191 1646 4250 in
1697 4191 1832 4249 solis
1875 4189 2154 4248 doctrinae
2197 4186 2400 4247 studiis
2437 4206 2539 4264 po·
