3217 4784
770 481 892 547 DE
942 480 1115 549 FIN.
1168 480 1370 548 BON.
1430 479 1539 546 ET
1588 480 1805 546 MAI..
1859 478 1993 559 1111,
2041 498 2154 543 20.
2391 478 2520 560 411

406 605 676 673 homini
724 602 900 672 nihil
941 603 1128 697 juris
1163 627 1315 672 esse
1354 626 1520 672 cum
1562 600 1915 671 bestiis¹⁴.
1957 597 2298 669 Praeclare
2338 601 2530 668 enim

407 713 886 809 ChrysippuS,
923 725 1159 782 cetera
1205 725 1370 779 nata
1413 734 1568 780 esse
1615 710 1997 779 hominum
2045 733 2255 779 causa
2287 700 2350 751 ¹⁵
2405 708 2534 806 [et

407 821 744 919 deorum]
768 849 787 908 ;
813 846 936 893 eos
967 835 1207 891 autem
1230 873 1250 907 ,
1285 821 1827 890 communitatis
1863 835 1934 889 et
1962 821 2319 891 societatis
2351 845 2536 903 suae3

409 948 491 1002 ut
538 931 784 1002 bestiis
838 930 1174 1000 homines
1229 930 1333 999 uti
1382 927 1473 999 ad
1532 927 1917 999 utilitatem
1983 953 2189 1000 suam
2251 933 2536 1028 possint

408 1045 562 1113 sine
618 1042 921 1136 injuria:
964 1039 1460 1136 quoniamque
1505 1063 1589 1110 ea
1643 1054 1900 1109 natura
1943 1055 2127 1110 esset
2181 1040 2537 1123 hominiS,

411 1168 494 1222 ut
554 1155 618 1222 ei
683 1176 850 1222 cum
895 1174 1161 1248 genere
1199 1150 1523 1221 humano
1567 1151 1773 1246 quasi
1828 1149 2036 1219 civile
2070 1151 2191 1244 jus
2233 1153 2541 1221 interce-

411 1261 613 1330 deret
639 1257 743 1328 16:
785 1265 912 1357 qui
943 1260 1018 1332 id
1046 1273 1539 1347 conservaret,
1565 1284 1736 1330 eum
1764 1259 2076 1353 justum3
2116 1259 2245 1355 qui
2286 1262 2542 1356 migra-

413 1386 559 1459 ret,
595 1372 940 1467 injustum
995 1370 1171 1459 fore.
1224 1370 1407 1457 Sed,
1467 1368 2121 1466 quemadmodum,
2171 1369 2540 1442 theatrum

410 1508 636 1579 quum
680 1508 1067 1555 commuue
1114 1483 1317 1569 sit¹⁷,
1352 1495 1547 1552 recte
1591 1495 1832 1577 tamen
1885 1479 2025 1550 dici
2070 1493 2351 1576 potest,
2390 1481 2545 1574 ejus

413 1618 566 1665 esse
591 1620 758 1666 eum
788 1596 1059 1680 locum,
1094 1615 1316 1689 quem
1344 1592 1656 1687 quisque
1686 1590 2093 1687 occuparit:
2127 1591 2227 1658 sic
2259 1591 2335 1658 in
2361 1588 2544 1659 urbe

416 1698 781 1775 mundove
827 1706 1201 1774 communi
1245 1725 1397 1771 non
1440 1697 1858 1770 adversatur
1893 1699 2050 1793 jus,
2095 1722 2246 1796 quo
2304 1700 2546 1769 minus

494 1944 573 1989 ¹4·
597 1935 676 1981 Sic
696 1932 883 1982 'nomint'
897 1932 1020 1982 m'ltil
1031 1932 1160 2000 jem's
1188 1949 1295 1980 esse
1326 1948 1437 1980 cum

414 2014 587 2061 bestiis.
621 2013 775 2059 hert.
798 2015 926 2071 vn,
958 2027 1091 2076 129:
1120 1999 1315 2080 Ᾰρίσκιι
1348 2011 1435 2061 αὐ·-

416 2092 509 2147 roi:
545 2085 697 2158 μηδὲν
734 2082 854 2139 sivan
885 2089 995 2158 ἡμῖν
1036 2087 1221 2140 δίκαιον
1240 2091 1357 2159 πρὸς
1374 2087 1440 2139 τὰ

416 2170 540 2220 ἄλλα
566 2167 668 2224 ζῶσι
686 2165 774 2217 διὰ
801 2168 882 2222 τήν
905 2169 1237 2238 ἀνομοιότητα.
1261 2174 1440 2219 Sensus

416 2262 490 2298 est
529 2249 708 2312 igitur:
751 2248 964 2296 «bestiis
995 2251 1047 2297 in
1076 2266 1169 2298 nos
1200 2250 1325 2311 juris
1363 2253 1439 2296 ni-

416 2329 486 2375 hil
516 2344 617 2375 esse
637 2326 819 2376 »avide
844 2329 1087 2393 Porphyr.
1110 2328 1303 2377 Abstin.
1321 2331 1364 2388 1,
1386 2337 1435 2385 4.

494 2422 512 2453 1
528 2408 574 2455 5.
607 2408 778 2455 Cetera
797 2419 919 2454 nata
935 2423 1037 2454 esse
1058 2405 1301 2455 horne'mem
1322 2423 1441 2455 cau-

418 2486 883 2550 sa[eedeon1m].1n
910 2502 1013 2535 uno
1040 2487 1188 2535 Paris.
1216 2486 1363 2535 verba
1397 2496 1446 2533 et

419 2567 614 2613 deorum
641 2565 817 2613 absunt
833 2601 847 2624 ,
882 2581 1033 2629 eaque
1059 2576 1112 2614 ut
1134 2566 1296 2630 spuria
1323 2582 1441 2612 can-

425 2644 561 2691 eellis
602 2643 825 2693 cohibuit
884 2644 1048 2693 Davis.
1105 2643 1347 2708 probante
1391 2641 1443 2691 id

421 2726 576 2772 Brenn.
587 2723 754 2771 Nostri
770 2722 823 2770 in
834 2722 1025 2787 vulgata
1039 2729 1255 2787 perstant
1270 2739 1285 2783 ;
1299 2738 1444 2787 quam

424 2819 515 2849 nos
541 2800 760 2864 quidem,
807 2813 940 2848 tanta
976 2804 1263 2850 auctoritate
1286 2802 1446 2849 muni·

422 2892 545 2938 tam,
592 2895 751 2927 veram
775 2879 1071 2939 judicamus.
1101 2883 1179 2929 Sic
1216 2881 1344 2928 enim
1370 2893 1446 2929 to·

420 2971 525 3007 tum
560 2957 725 3005 locum
764 2957 999 3019 capimus.
1032 2959 1076 3005 A
1113 2974 1306 3005 summo
1349 2961 1445 3007 deo

423 3047 582 3084 creata
614 3050 717 3082 esse
762 3034 952 3091 omnia,
999 3035 1150 3098 deos,
1181 3037 1405 3085 homines
1428 3074 1443 3099 ,

424 3125 596 3164 cetera.
625 3116 691 3162 Ut
723 3124 885 3161 autem
925 3125 1083 3162 cetera
1117 3126 1231 3163 nata
1263 3117 1357 3164 sint
1394 3118 1447 3164 in

426 3194 677 3242 hominum
696 3209 841 3252 usus3
884 3193 1097 3257 itemque
1118 3194 1169 3241 in
1192 3211 1306 3242 usus
1328 3195 1447 3242 deo-

426 3290 533 3322 rum
553 3271 656 3338 (ita
676 3274 826 3321 stellae
843 3308 858 3333 ,
884 3289 992 3337 quae
1016 3274 1193 3321 Stoicis
1216 3274 1286 3321 dii
1306 3284 1445 3331 sunt,

426 3365 567 3402 terrae
607 3352 869 3417 vaporibus
903 3353 1129 3412 aluntur,
1168 3354 1303 3416 etc.)
1338 3355 1446 3399 :sic

425 3433 648 3483 homines
662 3443 710 3481 et
730 3432 848 3480 deos
861 3432 955 3480 sibi
974 3434 1179 3481 invicem
1199 3432 1447 3480 communi

425 3514 672 3562 societatis
698 3512 897 3560 vinculo
929 3513 1184 3560 contineri.
1218 3511 1340 3560 Inde
1378 3528 1449 3559 se·

425 3593 510 3655 qui
527 3625 542 3647 ,
582 3602 635 3640 ut
659 3592 882 3640 homines
895 3593 1006 3653 jure
1032 3591 1211 3639 bestias
1243 3591 1306 3638 ad
1333 3606 1449 3639 suos

427 3688 541 3719 usus
574 3672 797 3719 conferre
827 3670 1031 3735 possint.
1071 3673 1241 3735 ltaque
1277 3686 1359 3718 vv.
1404 3679 1453 3717 et

429 3750 628 3798 deorum
677 3750 841 3799 addita
890 3749 1085 3816 putabis
1107 3785 1122 3809 ‚
1182 3767 1244 3798 ne
1292 3761 1449 3798 cetera

428 3831 571 3879 unice
596 3829 857 3879 hominum
894 3847 1034 3880 causa
1063 3841 1221 3879 creata
1250 3829 1450 3878 videan-

433 3918 512 3955 tur
538 3923 551 3957 ε
577 3921 624 3957 ee
651 3911 796 3974 igitur
816 3921 866 3958 et
885 3911 1094 3975 insuper,
1120 3919 1172 3958 ut
1196 3926 1348 3973 saepe,
1378 3926 1452 3956 va·

431 3984 566 4034 lebit.
594 3990 725 4035 Deos
746 4001 908 4038 autem
937 3989 1174 4053 reliquos,
1214 3989 1244 4035 i.
1276 4005 1321 4035 e.
1345 3989 1451 4035 stel-

432 4063 532 4119 las,
572 4075 769 4125 terram,
806 4085 959 4127 mare,
1001 4069 1153 4117 Stoici
1188 4085 1214 4115 a
1261 4085 1450 4115 summo

435 4142 529 4189 deo
549 4157 756 4202 creatos,
780 4148 1149 4211 inter-iturosque
1160 4147 1449 4196 statuebant.

435 4220 603 4282 Adde,
630 4222 672 4270 si
701 4237 873 4274 auctor
909 4244 986 4273 vv.
1030 4239 1076 4276 ce
1111 4229 1307 4276 cicorum
1350 4245 1452 4276 non

1525 1931 1630 1994 ipse
1649 1929 1909 1978 addidisset
1927 1964 1940 1988 ,
1974 1930 2103 1978 idem
2132 1929 2275 1978 etiam
2297 1930 2349 1977 in
2376 1930 2546 1995 proxi-

1526 2012 1618 2057 mis
1630 2009 1843 2058 homines
1859 2009 2098 2058 omisisset
2119 2019 2206 2058 :nt
2225 2010 2354 2056 enim
2374 2009 2547 2058 substt.

1521 2107 1649 2154 saepe
1671 2100 1858 2153 repetat
1881 2104 1897 2149 ;
1941 2089 2081 2137 aliter
2103 2100 2287 2147 tamen,
2331 2105 2476 2152 qnam
2498 2088 2548 2136 b.

1521 2169 1558 2217 1.
1590 2168 1736 2216 solet.
1764 2171 1873 2217 Jam
1908 2167 2165 2216 verborum
2189 2168 2389 2215 istorum
2419 2169 2548 2231 posi·

1522 2258 1626 2295 tum
1648 2247 1950 2311 aptissimum
1976 2246 2241 2308 indicabis.
2273 2248 2336 2297 G.
2355 2274 2423 2283 -——·
2446 2250 2550 2295 Hac

1522 2325 1583 2373 de
1606 2342 1658 2373 re
1677 2326 1910 2391 preclare
1933 2326 2131 2386 Noster,
2153 2328 2270 2376 Nat.
2294 2329 2445 2376 Deor.
2470 2327 2550 2383 11,

1523 2406 1588 2453 62
1613 2421 1749 2469 seqq.
1773 2406 1923 2468 Legg.
1951 2407 1973 2450 Ι
1992 2439 2007 2462 ,
2035 2406 2084 2451 8.

1600 2485 1681 2532 16.
1708 2488 1770 2531 Ue
1793 2482 1842 2532 ei
1877 2518 1890 2531 .
1912 2518 1927 2532 .
1949 2517 1962 2529 .
1991 2483 2330 2531 intercederet.
2354 2483 2485 2531 Gud.
2506 2500 2556 2541 α,

1523 2574 1828 2628 quatuorque
1852 2564 2053 2612 Oxonn.
2083 2561 2312 2626 ignorant
2351 2561 2402 2609 ei
2441 2579 2553 2610 eum

1523 2642 1641 2692 edd.
1659 2654 1786 2691 vett.
1819 2641 2066 2691 omnibus.
2094 2641 2195 2689 Pal.
2226 2657 2244 2688 1
2267 2677 2280 2700 ‚
2300 2641 2427 2705 Spir.
2456 2642 2554 2689 Eri.

1526 2722 1658 2769 Gud.
1680 2739 1725 2781 1,
1744 2725 1854 2771 Bas.
1868 2732 1914 2770 et
1928 2724 2032 2785 ejus
2049 2722 2164 2771 loco
2177 2719 2425 2770 exhibent.
2437 2720 2558 2767 Inde

1527 2802 1714 2851 scilieet
1734 2803 1874 2852 turb·
1897 2818 2081 2867 :quum
2100 2801 2228 2851 enim
2248 2799 2421 2849 scribae
2441 2798 2489 2847 ei
2507 2799 2557 2846 in

1527 2893 1577 2929 et
1597 2893 1852 2947 pravatum
1880 2884 2125 2931 contextis
2144 2890 2312 2944 aptare
2330 2895 2430 2926 non
2445 2893 2559 2941 pos-

1527 2972 1637 3009 sent
1649 2995 1666 3022 ,
1677 2962 2278 3023 omiserunt.Quamquam
2298 2958 2426 3004 enim
2443 2956 2560 3002 alias

1527 3055 1800 3105 pronomen
1848 3040 1946 3086 boc
1978 3037 2140 3085 omitti
2186 3034 2308 3082 solet
2337 3048 2352 3081 :
2398 3045 2558 3081 tamen

1526 3120 1700 3168 eodem
1754 3121 1849 3167 hoc
1888 3117 2005 3165 loco
2039 3114 2179 3163 nullo
2211 3114 2322 3174 jure
2357 3111 2560 3161 carebis.

1529 3198 1681 3245 Recte
1709 3198 1859 3260 igitur
1872 3212 1900 3243 a
1913 3194 2152 3243 Lambino
2165 3192 2386 3240 additum
2398 3202 2484 3240 est.
2496 3193 2558 3238 G.

1607 3293 1689 3335 ¹7·
1742 3274 2001 3323 neutrum
2027 3290 2177 3338 quum
2201 3287 2457 3320 commune
2475 3273 2558 3320 sit.

1529 3356 1667 3401 Goer.
1707 3354 1792 3402 dat
1834 3365 1888 3401 ue
1917 3370 2010 3418 pro
2036 3368 2186 3418 quum
2212 3368 2275 3399 ex
2301 3352 2427 3415 Spir.
2455 3351 2558 3399 Erl.

1533 3436 1690 3497 Quum
1713 3466 1729 3493 ‚
1750 3433 1937 3496 inquit,
1960 3433 2014 3481 in
2036 3431 2226 3481 nullum
2251 3441 2473 3479 nostrum
2493 3431 2561 3479 le·

1530 3513 1662 3578 gitur
1677 3546 1692 3570 ,
1726 3512 1810 3560 sed
1838 3514 1943 3574 eins
1967 3512 2085 3565 loco
2109 3523 2205 3560 tres
2231 3511 2406 3574 reliqui
2428 3512 2566 3574 quod

1530 3592 1773 3656 praebent.
1797 3595 1973 3640 Veram
1998 3607 2169 3640 vocem
2192 3607 2444 3639 revocasse
2470 3607 2563 3639 no·

1533 3670 1608 3718 bis
1636 3669 1883 3734 videmur,
1912 3672 2005 3720 etsi
2031 3687 2180 3735 quum
2203 3687 2294 3735 pro
2310 3669 2422 3717 licet
2438 3669 2562 3718 bene

1533 3766 1583 3797 se
1611 3748 1787 3809 babet3
1815 3766 1926 3798 nam
1953 3761 2006 3798 ut
2021 3751 2064 3798 si
2082 3750 2196 3800 lieet
2213 3749 2370 3808 valet,
2400 3760 2562 3797 tamen

1533 3830 1767 3896 peculiari
1792 3831 1980 3878 ratione
1997 3833 2217 3896 ponitur,
2238 3846 2390 3894 quum
2412 3828 2459 3876 si
2479 3829 2566 3877 ve!

1535 3910 1755 3958 maxime
1769 3920 1927 3974 aequet
1939 3946 1954 3967 ,
1975 3910 2110 3974 quod
2125 3911 2313 3974 egregie
2332 3910 2429 3956 buc
2446 3924 2561 3972 qua-

1536 3988 1659 4036 drat.
1678 3987 1851 4052 Neque
1875 4005 1988 4036 sane
2010 3986 2267 4053 probabile
2281 3998 2378 4048 est,
2398 3996 2565 4032 utma-

1534 4070 1608 4133 gis
1628 4106 1642 4128 ,
1664 4083 1807 4131 quam
1838 4083 1988 4130 quum
2004 4104 2019 4125 ,
2048 4067 2219 4115 scribis
2250 4083 2352 4114 esse
2378 4063 2565 4112 adscri-

1540 4145 1774 4194 bendum.
1796 4148 1872 4194 Cf.
1904 4147 1964 4193 de
1989 4152 2107 4195 Fato
2130 4180 2146 4205 ,
2170 4162 2238 4195 20
2254 4181 2268 4203 ,
2296 4147 2357 4200 48
2377 4181 2392 4201 ,
2414 4164 2436 4185 α
2454 4158 2564 4189 nam

1543 4240 1595 4275 ut
1622 4239 1778 4275 essent
1806 4228 1954 4276 atomi
1982 4261 1993 4273 .
2017 4262 2030 4274 .
2056 4263 2066 4274 .
2097 4239 2252 4275 tamen
2270 4260 2283 4285 ,
2305 4235 2397 4272 etc.
2416 4244 2437 4266 n
2460 4226 2524 4270 (ὶ.
