3217 4784
654 386 791 486 176

1319 372 1413 440 Μ.
1459 370 1538 436 Τ.
1576 362 2095 478 ‘CICERONIS

648 532 855 594 vere,
886 515 1011 574 aut
1046 496 1292 577 beate,
1329 466 1731 584 numquam
1768 483 2177 554 dixerim¹².
2225 484 2332 550 Ex
2363 503 2515 576 quo
2550 476 2771 551 effici-

648 637 794 705 tur,
836 636 984 685 non
1022 621 1104 677 ut
1138 601 1467 697 voluptas
1508 621 1602 667 ne
1640 595 1733 666 sit
1764 592 2130 690 voluptaS‚
2171 589 2294 661 sed
2328 603 2413 659 ut
2446 589 2778 686 voluptas
2867 638 2874 645 -

651 754 801 802 non
853 725 945 793 sit
994 735 1360 787 summum
1405 707 1708 779 bonum.

1770 707 1922 775 Nec
1985 701 2146 789 ille,
2197 700 2327 797 qui
2377 700 2776 795 Diogenem
2875 772 2884 781 ,

651 841 959 912 stoicum
1001 821 1453 908 adolescens,
1498 830 1666 916 post
1704 828 1947 885 autem
1989 811 2378 883 Panaetium
2425 807 2779 892 audierat,

648 946 936 1027 Laelius,
984 961 1073 1008 eo
1110 932 1345 1004 dictus
1379 943 1488 1001 est
1527 927 1849 1025 sapien5‚
1894 921 2096 1020 quod
2141 945 2291 992 non
2318 918 2778 1015 intelligeret,

648 1054 828 1157 quid
873 1046 1367 1124 suavissimum
1414 1050 1600 1133 esset
1652 1037 1833 1133 (nec
1876 1034 2072 1104 enim
2119 1031 2484 1128 sequitur,
2536 1041 2621 1099 ut
2663 1029 2779 1098 cui

650 1192 777 1241 cor
810 1162 1073 1261 sapiat,
1113 1180 1147 1227 e
1226 1177 1376 1224 non
1415 1148 1642 1248 sapiat
1687 1136 2160 1245 palatum¹³);
2204 1138 2330 1212 sed
2371 1140 2544 1237 quia
2582 1140 2781 1237 parvi

650 1276 724 1351 id
753 1273 1069 1346 duceret.

916 1425 971 1480 Ο
997 1412 1257 1497 lapatlie,
1286 1423 1353 1470 ut
1367 1410 1590 1488 jactare
1606 1410 1654 1454 ¹⁴
1676 1424 1908 1465 neeesse
1933 1415 2052 1477 est,
2078 1402 2326 1482 cognitu'
2352 1402 2448 1461 eui
2468 1403 2571 1461 sis!

650 1582 959 1635 Corinthium
970 1615 985 1642 ,
994 1586 1080 1626 sut
1094 1573 1349 1624 Deliacum
1360 1605 1376 1630 ‚
1388 1565 1649 1618 edificium
1661 1598 1677 1623 ‚

652 1667 791 1714 loeus
811 1664 917 1727 ipse
936 1680 981 1707 ι.
1005 1659 1123 1705 Esm
1142 1652 1377 1701 rationem
1402 1663 1538 1696 susm
1561 1645 1680 1693 feeit

650 1742 820 1794 Lamb.
858 1738 1113 1799 eiquue
1146 1728 1357 1781 anthius
1401 1725 1644 1776 consentit
1662 1755 1677 1782 ,

652 1822 747 1871 nisi
776 1817 914 1885 quod
953 1830 1021 1863 σε
1040 1822 1155 1876 post
1183 1806 1436 1857 Deliacum
1462 1803 1681 1867 reponit.

653 1905 725 1951 At
761 1914 855 1948 nos
882 1896 987 1943 hec
1026 1886 1334 1938 festinantius
1366 1881 1469 1930 fleri
1512 1880 1682 1929 stetui·

654 1996 792 2036 mus,
821 1988 973 2040 quum
1008 1971 1097 2017 ists
1125 1961 1380 2030 glossatori
1413 1958 1579 2008 deberi
1603 1959 1680 2007 vi-

654 2059 878 2112 deantur,
905 2050 991 2116 qui
1016 2060 1164 2109 super
1188 2055 1356 2090 vocem
1384 2037 1681 2086 Corinthium

656 2145 874 2190 notent,
917 2139 1007 2177 aue
1054 2121 1312 2172 Deliacum
1341 2114 1526 2182 (quod
1565 2115 1683 2164 alibi

636 2192 869 2278 degent)
912 2202 1242 2258 orichalcum,
1276 2197 1310 2247 i.
1347 2213 1391 2245 e.
1430 2196 1534 2243 haec
1574 2197 1683 2242 aeris

658 2306 832 2359 genera
858 2285 981 2336 nihil
1006 2283 1068 2331 sb
1096 2277 1352 2335 ,orichalco
1380 2274 1594 2323 differre.
1624 2276 1682 2322 In

658 2372 843 2421 nostris
860 2403 876 2427 ‚
899 2374 1075 2432 praeter
1095 2359 1228 2410 Gud.
1251 2374 1281 2407 2
1300 2391 1318 2418 ‚
1344 2354 1468 2404 nihil
1479 2354 1573 2402 tsle
1589 2351 1682 2400 sd·

659 2449 812 2499 ditur.
839 2446 945 2495 Nee
982 2457 1107 2507 opus
1147 2449 1221 2487 est
1244 2452 1311 2485 απ
1344 2433 1484 2494 addi,
1529 2447 1684 2494 quum

666 2525 883 2578 Corinth.
909 2523 972 2573 nd
1010 2529 1266 2584 argentum
1293 2515 1562 2576 adjectum,
1594 2524 1686 2574 per

661 2625 712 2657 se
728 2609 827 2670 jam
855 2603 971 2652 satis
996 2599 1328 2662 dignoscatur.
1356 2595 1422 2641 At
1447 2608 1498 2639 v.
1524 2587 1685 2656 ‘’difi-

662 2687 791 2736 cinm
828 2698 929 2732 non
960 2676 1334 2740 concoquimus,
1361 2668 1498 2734 quod
1530 2668 1683 2715 Mars.

661 2766 856 2831 ignorat
872 2795 888 2818 ‚
914 2756 1143 2823 quodque
1185 2750 1327 2799 nobis
1368 2746 1688 2796 certissimum

665 2845 800 2893 vocis
837 2841 975 2888 Iocus
1017 2833 1254 2898 glossema
1304 2827 1517 2875 videtur.
1561 2824 1688 2872 Ubi·

664 2936 875 2985 cumque
907 2915 1037 2965 enim
1075 2926 1245 2959 vocem
1278 2908 1405 2956 hanc
1448 2904 1659 2953 colloces
1673 2937 1689 2962 ‚

664 3002 848 3066 ubique
868 2992 1105 3046 offendet.
1116 2990 1232 3038 Non
1250 2997 1410 3049 sutem
1426 2983 1530 3033 sine
1549 2998 1691 3030 cansa

665 3094 841 3131 suetos·
876 3089 1053 3139 vagum
1086 3067 1379 3118 vocabulum
1411 3063 1604 3129 posuit,
1638 3072 1695 3110 ut

666 3161 720 3210 id
745 3159 810 3207 sd
840 3151 1041 3206 triclinii
1063 3149 1246 3214 pariter
1263 3155 1413 3209 stque
1439 3145 1590 3192 totius
1609 3143 1698 3191 do-

669 3255 780 3288 mus
798 3233 1108 3301 splendorem
1128 3225 1364 3292 sppliesri
1384 3235 1565 3287 posset.
1590 3225 1695 3271 Un-

669 3319 744 3366 eis
761 3315 913 3380 igitur
936 3311 1146 3375 gloss-m
1161 3303 1459 3378 notavimus.
1488 3304 1552 3351 G.

748 3408 828 3441 ω.
871 3391 970 3438 Hos
1017 3402 1105 3453 ego
1146 3394 1312 3433 motos
1461 3380 1693 3430 dixerim.

670 3470 812 3524 Gnd.
851 3485 873 3516 1
926 3479 975 3516 et
1010 3468 1120 3514 Bss.
1169 3478 1283 3511 cum
1339 3471 1462 3509 vett.
1504 3460 1696 3509 excusis

673 3549 928 3619 plurimis,
956 3560 1085 3610 ergo.
1127 3543 1302 3605 Neque
1343 3539 1397 3587 id
1424 3539 1579 3598 msle;
1623 3550 1697 3588 est

673 3632 804 3681 enim
838 3627 946 3674 boe
983 3632 1112 3688 part.
1153 3637 1215 3669 ex
1240 3619 1516 3684 praegressis
1556 3617 1697 3665 eolli-

675 3710 845 3776 gentis.
869 3703 965 3754 Sed
986 3701 1131 3750 nimis
1153 3714 1280 3761 soepe
1306 3696 1376 3743 sie
1399 3710 1543 3758 pron.
1569 3695 1696 3743 illud

675 3797 965 3852 corruptum
981 3792 1069 3829 est.
1094 3777 1283 3826 Deinde
1297 3776 1399 3825 duo
1419 3774 1694 3821 nosti-icum

675 3869 796 3919 olim
831 3863 1025 3926 vulgate
1065 3869 1119 3907 at
1152 3856 1391 3922 prabent.
1438 3851 1535 3901 Sed
1564 3864 1696 3902 reete

676 3946 843 3999 stis.
871 3951 987 3999 aut,
1010 3952 1156 4002 qusm
1185 3936 1327 3983 etism
1347 3932 1500 3981 nostri
1522 3932 1696 3995 reliqui

676 4032 897 4083 servsnt,
941 4016 1176 4083 reposuit.
1203 4013 1327 4062 Nam
1357 4012 1458 4061 noli
1485 4023 1658 4076 putsre
1679 4048 1696 4074 ‚

678 4094 1315 4159 bench-Lexvulgisensu
1338 4091 1480 4140 diei:
1519 4107 1701 4155 quum,

1764 1572 1931 1612 ssotos
1964 1576 2068 1610 non
2092 1560 2215 1610 bene
2238 1560 2403 1609 vivere
2423 1593 2441 1620 ‚
2475 1558 2650 1609 Lucilii
2669 1558 2783 1608 loeo

1764 1640 2003 1691 firmetur.
2045 1643 2116 1690 At
2148 1649 2262 1688 ente
2296 1655 2563 1704 numquam
2598 1640 2782 1703 virgula

1765 1721 1996 1788 ponende
2026 1732 2132 1770 erst
2146 1757 2161 1782 ‚
2186 1721 2292 1769 sine
2315 1736 2411 1785 qus
2429 1719 2681 1785 particula
2706 1720 2783 1766 vis

1767 1801 2071 1850 obscuratur.
2086 1798 2263 1848 Verbis
2286 1814 2553 1863 numquam
2576 1796 2786 1847 delur-bn

1769 1892 2004 1945 reguntur
2029 1895 2113 1928 vv.
2159 1878 2424 1927 accusativi
2464 1893 2602 1926 ossus
2640 1892 2785 1943 supr·

1768 1961 1943 2024 posita
1969 1957 2198 2014 mundos,
2226 1958 2484 2021 elegantes.
2514 1956 2576 2004 G.

1850 2038 1937 2086 13.
1968 2035 2216 2086 Palatum.
2256 2036 2392 2084 Goer.
2419 2035 2642 2100 palatus.
2679 2035 2752 2082 Its
2773 2069 2789 2092 ‚

1774 2116 1970 2181 inquit,
1989 2117 2146 2163 nostri
2169 2130 2362 2174 omnes,
2400 2129 2512 2162 cum
2546 2113 2788 2178 plerisque

1772 2207 1893 2245 vett.
1915 2194 2159 2259 impressis
2178 2203 2228 2242 et
2243 2193 2391 2242 codd.
2417 2193 2638 2257 reliquis,
2661 2192 2791 2240 binis

1770 2275 1945 2325 Psriss.
1966 2273 2181 2338 exeeptis
2196 2307 2212 2331 ,
2244 2289 2271 2321 e
2292 2261 2471 2337 quibus
2501 2272 2669 2319 stis.
2687 2286 2788 2334 pa·

1771 2356 1925 2404 latum
1950 2352 2116 2409 dedit;
2154 2352 2296 2415 eique
2329 2350 2573 2400 sdhaesere
2599 2351 2717 2398 Ern.
2744 2358 2793 2396 et

1770 2434 1930 2485 Brenni
1946 2466 1962 2491 ‚
1994 2432 2108 2480 ideo
2125 2464 2141 2489 ,
2176 2430 2313 2494 quod
2331 2429 2532 2493 palatus
2551 2444 2791 2492 nusquam

1770 2513 1888 2564 alibi
1912 2520 2151 2559 occurret.
2183 2508 2278 2556 Sed
2314 2518 2443 2555 reete
2478 2516 2616 2555 notat
2643 2504 2789 2555 Rath.

1772 2592 1918 2641 verbs
1941 2605 2045 2638 esse
2068 2586 2315 2653 proverbii
2330 2621 2346 2644 ‚
2371 2597 2517 2651 stque
2550 2585 2667 2633 inde
2690 2622 2706 2647 ,
2736 2596 2794 2635 ut

1772 2671 1982 2736 prisesm
2009 2683 2179 2716 vocem
2197 2666 2401 2730 palatus
2436 2664 2651 2714 defendi.
2674 2663 2796 2713 Illo·

1774 2766 1881 2799 rum
1905 2747 2028 2796 rstio
2041 2747 2082 2795 si
2107 2744 2662 2810 vslebit‚corrigendum
2674 2760 2797 2809 quo·

1777 2843 1873 2893 que
1908 2825 1998 2874 erit
2020 2827 2189 2873 somn.
2217 2824 2352 2888 Scip.
2375 2823 2408 2872 6
2429 2858 2444 2883 ‚
2473 2846 2500 2866 or
2517 2833 2691 2871 terram

1778 2905 2122 2955 circumdatam
2139 2903 2358 2967 <nugulis
2369 2937 2384 2961 ‚
2401 2887 2428 2951 ἒ
2444 2902 2623 2967 quibus
2643 2903 2766 2951 duos
2779 2934 2795 2951 .

1780 2997 1872 3035 etc.
1895 3006 1920 3027 ιο
1948 2995 1996 3032 et
2020 2983 2107 3031 lib.
2135 2985 2185 3031 11
2211 2981 2274 3030 de
2296 2982 2465 3031 Gloria
2482 3016 2496 3038 ‚
2522 2980 2657 3047 apud
2674 2980 2797 3030 Clu-

1782 3067 1865 3115 ris.
1887 3081 1940 3130 p.
1966 3064 2029 3111 61
2048 3097 2063 3122 ‚
2095 3086 2122 3106 α
2143 3060 2494 3111 nuntiabantur
2519 3058 2798 3124 glsdistoris

1781 3146 1911 3196 sibili
1934 3166 1961 3188 ιο
1981 3181 1999 3208 ,
2030 3156 2089 3193 ut
2122 3142 2360 3205 ejusmodi
2403 3140 2798 3190 heteroclitorum
2859 3190 2866 3197 ⁸

1780 3226 1952 3288 mults,
1963 3224 2003 3271 si
2015 3223 2164 3271 semel
2183 3222 2425 3287 leguntur.
2442 3219 2584 3268 Adde
2597 3208 2799 3282 scripto:
2899 3240 2914 3253 ·

1782 3322 1919 3366 rum,
1941 3319 2151 3368 quorum
2168 3315 2309 3349 csuss
2337 3309 2576 3348 mutstum
2595 3296 2801 3356 est,vile
2975 3356 2982 3369 ,
3025 3328 3034 3336 .

1782 3385 1993 3448 pretium
2008 3416 2023 3441 ‚
2040 3392 2090 3429 et
2109 3380 2375 3428 scribarum
2396 3376 2801 3440 infrequentiores
2872 3372 2878 3377 ’
2933 3376 2952 3395 ‘2

1782 3464 1961 3510 fon-mss
1995 3462 2048 3507 in
2075 3458 2240 3508 solitss
2266 3456 2557 3505 vertentium
2574 3471 2757 3503 morem
2785 3469 2799 3504 :

1783 3542 1850 3589 its
1877 3538 2021 3588 facile
2043 3537 2262 3597 videbis,
2296 3535 2418 3585 eitra
2452 3535 2535 3596 jus
2559 3534 2800 3598 rnlgstsm

1784 3636 1885 3668 esse
1905 3618 2160 3666 abolitam.

1862 3705 1942 3754 14.
1977 3698 2040 3744 Ue
2056 3696 2252 3761 jactare
2399 3694 2458 3739 In
2486 3707 2603 3756 quo.
2645 3694 2705 3739 In
2728 3690 2807 3740 his

1785 3777 1973 3836 verbis,
2010 3790 2151 3840 pene
2180 3771 2413 3837 singulis,
2452 3770 2621 3836 scripti
2663 3769 2806 3818 vehe-

1783 3864 1970 3918 menter
1997 3855 2224 3913 tnrbsnt;
2270 3851 2339 3898 sie
2367 3860 2555 3908 tumen,
2588 3860 2644 3898 ut
2693 3866 2806 3897 vers

1784 3936 1933 3985 lectio
1948 3969 1963 3994 ,
1975 3950 2029 3982 es
2050 3932 2258 3996 vulgata
2274 3946 2375 3978 esse
2392 3920 2631 3977 v‘idestur.
2649 3929 2810 3977 Possis

1786 4014 1983 4081 quidem
2007 4028 2068 4061 ex
2095 4026 2262 4060 eorum
2281 4008 2500 4072 vestigiis
2534 4008 2659 4056 male
2673 4043 2692 4068 ,
2722 4024 2808 4055 co-

1785 4093 1928 4159 gnitu
1947 4089 2034 4156 qui
2047 4088 2143 4149 sis,
2167 4088 2203 4138 i.
2235 4104 2280 4137 e.
2304 4086 2477 4155 quale,
2499 4102 2595 4151 qus
2622 4085 2810 4152 egregia
