3217 4784
728 397 871 468 608
1408 397 1505 464 M.
1559 395 1637 463 Τ.
1691 392 2177 466 CICERONIS

729 520 1146 616 dignitatem
1174 516 1608 612 sequamur?
1638 522 1757 602 Et,
1801 517 1859 587 si
1899 515 2430 612 turpitudinem
2453 529 2514 563 ¹⁰
2544 516 2867 615 fugimus

730 634 804 701 in
857 644 1041 701 statu
1106 642 1177 698 et
1233 641 1437 696 motu
1494 626 1861 723 corporis3
1929 625 2109 721 quid
2167 621 2312 708 est,
2367 649 2499 696 cur
2552 626 2869 723 pulchri-

733 740 1055 812 tudinem
1115 761 1262 807 non
1327 736 1760 833 sequamur?
1810 739 2048 831 Atque
2094 739 2309 806 etiam
2353 735 2867 820 valitudinem,

729 849 1409 934 vires·,·vacuitate1n
1460 846 1733 918 doloris
1784 871 1933 917 non
1991 861 2291 944 propter
2331 845 2713 918 utilitatem
2761 862 2870 917 so·-

730 962 878 1031 lum
897 1014 916 1046 ‚
936 957 1060 1030 sed
1088 959 1367 1029 etiam11
1401 960 1593 1055 ipsas
1623 972 1924 1055 propter
1951 981 2026 1028 se
2054 958 2871 1054 expetemus.Quoniam

729 1070 922 1142 enim
953 1082 1208 1139 natura
1245 1069 1392 1140 suis
1420 1066 1767 1138 omnibus
1801 1067 2073 1165 expleri
2103 1064 2429 1165 partibus
2455 1068 2644 1152 vult,
2676 1067 2871 1137 hunc

728 1194 993 1249 statum
1018 1178 1339 1274 corporis
1370 1199 1500 1274 per
1522 1201 1597 1248 se
1636 1178 1874 1275 ipsum
1912 1179 2219 1275 expetit,
2256 1179 2387 1273 qui
2420 1191 2529 1248 est
2561 1179 2869 1248 maxime

693 1363 698 1370 ,
729 1314 770 1360 e
805 1303 1057 1360 natura
1089 1317 1105 1359 ε
1143 1313 1306 1385 quae
1333 1301 1484 1359 tota
1514 1286 1990 1383 perturbatur
2010 1340 2030 1371 ‚
2056 1290 2115 1358 si
2142 1301 2269 1359 aut
2302 1309 2571 1385 aegrum
2600 1310 2870 1384 corpus

734 1412 876 1483 est,
913 1412 1037 1468 aut
1086 1397 1318 1484 dolet,
1360 1410 1485 1466 aut
1527 1412 1720 1467 caret
1759 1395 2054 1468 viribus,

628 1530 695 1593 48
832 1513 1088 1579 XVIII.
1152 1506 1540 1579 Videamus
1595 1508 1816 1576 animi
1870 1522 2157 1605 partes;
2207 1531 2517 1604 quarum
2574 1523 2689 1614 est
2741 1506 2863 1578 ad-

731 1632 1023 1715 spectus
1058 1618 1442 1688 illustrior-¹
1474 1643 1489 1684 ε
1529 1641 1693 1714 quae
1725 1642 1877 1713 quo
1910 1632 2083 1688 sunt
2105 1617 2553 1702 excelsioreS,
2574 1643 2666 1688 eo
2699 1618 2869 1689 dant

733 1727 1034 1798 clariora
1068 1725 1330 1797 indicia
1377 1740 1675 1796 naturae.
1724 1730 1997 1798 Tantus
2048 1741 2155 1798 est
2210 1723 2425 1823 igitur
2462 1729 2757 1798 innatus
2798 1729 2869 1797 in

737 1837 995 1909 nobis²
1046 1838 1481 1933 cognitionis
1528 1860 1736 1907 amor
1772 1850 1844 1906 et
1882 1837 2235 1924 scientiae,
2279 1850 2363 1906 ut
2399 1859 2615 1908 nemo
2652 1836 2868 1908 dubi-

734 1967 885 2021 tare
929 1950 1199 2045 possit,
1253 1947 1433 2048 quin
1474 1944 1566 2015 ad
1618 1967 1735 2016 eas
1790 1967 1907 2017 res
1951 1946 2332 2016 hominum
2372 1962 2628 2017 natura
2667 1947 2868 2018 nullo

735 2060 1229 2131 emolumento
1276 2056 1568 2125 invitata
1612 2057 1951 2154 rapiatur.
1996 2053 2476 2144 videmusne,
2528 2070 2608 2126 ut
2664 2057 2867 2154 pueri

734 2195 826 2240 ne
855 2165 1279 2238 verberibus
1309 2165 1604 2262 quidem
1645 2192 1685 2237 a
1723 2165 2303 2264 contemplandis
2336 2164 2554 2237 rebus
2586 2168 2872 2265 perqui-

733 2282 1125 2379 rendisque
1180 2279 1726 2353 deterreantur?
1762 2287 1845 2352 ut
1899 2280 2090 2379 pulsi
2146 2282 2515 2379 requirant
2538 2278 2591 2368 3,
2635 2295 2709 2352 et
2755 2281 2872 2352 ali-

812 2489 891 2522 10.
936 2474 1034 2530 En·
1055 2471 1097 2520 si
1130 2470 1482 2534 turpitudinem
1500 2468 1751 2536 sugimus.

735 2557 871 2602 Goer.
915 2551 1081 2598 scribit
1112 2549 1379 2615 fugiamus
1401 2583 1417 2608 ,
1469 2560 1706 2613 notatque
1738 2562 1752 2596 ε

736 2635 853 2681 Ern.
877 2645 988 2678 cum
1026 2630 1079 2676 P.
1113 2630 1305 2677 Manat.
1319 2627 1580 2692 fugimus,
1604 2644 1755 2694 quum

733 2707 799 2758 si.
814 2719 1089 2774 ..putamus
1124 2708 1439 2771 praeceseerit.
1462 2709 1554 2756 Per
1576 2724 1628 2756 ee
1653 2723 1757 2756 non

735 2790 858 2837 male
899 2786 1098 2851 quidem
1130 2801 1144 2834 :
1198 2786 1286 2833 eed
1328 2798 1500 2834 contra
1545 2789 1758 2851 scriptos

635 2911 639 2916 .
737 2883 906 2916 omnes
933 2865 1128 2914 'mutare
1169 2865 1220 2913 h.
1261 2865 1295 2914 l.
1328 2875 1431 2912 non
1467 2865 1596 2913 licet.
1634 2866 1760 2914 Nam

739 2964 842 2996 non
891 2945 1049 2993 solum
1090 2944 1151 2993 ad
1186 2944 1463 2997 variandam
1489 2944 1760 2993 orationem

736 3039 910 3076 auctor
935 3028 1006 3073 sic
1034 3025 1178 3074 malle
1203 3025 1392 3089 potuit,
1425 3040 1591 3072 verum
1618 3025 1759 3072 etiam

737 3108 991 3155 discrimen
1006 3117 1079 3153 est
1095 3104 1220 3151 inter
1236 3104 1459 3169 superius
1462 3101 1760 3170 fugiendum

731 3198 994 3250 putamus,
1036 3194 1083 3232 et
1127 3184 1228 3231 hoc
1254 3181 1542 3248 fugiamus,
1576 3199 1760 3246 quum,

677 3262 682 3266 ’
738 3265 874 3329 quod
893 3277 1122 3329 putamus
1140 3299 1154 3319 ‚
1179 3279 1279 3310 non
1313 3262 1552 3310 continuo
1575 3273 1759 3310 certum

738 3347 800 3392 sit
820 3356 871 3394 et
894 3343 1214 3408 exploratum.
1241 3344 1313 3389 Ita
1341 3351 1470 3389 certe
1490 3342 1762 3404 subjuncti-

738 3440 852 3470 vum
881 3433 1071 3486 tempus
1093 3423 1207 3468 ntis
1235 3419 1527 3468 defenditur.
1756 3417 1759 3420 “

816 3519 836 3550 1
853 3517 897 3549 1.
926 3505 1087 3564 Atque
1112 3500 1282 3547 etiam.
1298 3531 1337 3545 ..
1360 3498 1451 3546 sed
1481 3498 1647 3548 etiam.
1686 3501 1761 3548 Ne

740 3586 790 3630 in
820 3581 1021 3645 repetita
1046 3579 1194 3627 etiam
1217 3578 1462 3637 offendas,
1489 3579 1762 3626 meminisse

741 3677 934 3708 neeesse
958 3670 1029 3705 est
1051 3696 1065 3719 ,
1091 3659 1331 3705 diversam
1352 3658 1403 3704 iu
1431 3670 1636 3721 utraque
1662 3658 1760 3706 vim

741 3755 872 3795 esse,
911 3752 1062 3799 quum
1110 3750 1261 3801 atque
1302 3736 1449 3784 etiam
1489 3753 1679 3801 semper
1720 3748 1767 3784 ee

742 3820 870 3867 adeo
905 3814 1088 3871 valeatz
1118 3817 1250 3865 cons.
1285 3814 1436 3865 offic.
1467 3819 1522 3877 1,
1567 3826 1656 3879 41,
1701 3830 1760 3877 7:

743 3897 864 3945 «sed
928 3896 1069 3943 etiam
1133 3895 1255 3959 quid
1299 3896 1506 3959 quisque
1552 3898 1762 3954 sentiat3

741 3991 886 4041 atque
925 3974 1094 4032 etiam,
1137 3989 1234 4036 qua
1278 3972 1339 4020 de
1381 3989 1522 4023 eausa
1558 3976 1763 4039 quisque

744 4061 915 4105 sentiat
935 4078 974 4105 ι».
1016 4053 1231 4119 Reponit
1273 4062 1432 4100 autem
1486 4056 1668 4102 variata
1713 4054 1764 4100 vi

745 4138 1023 4198 particulam
1069 4138 1196 4185 hanc
1236 4145 1406 4184 auctor
1457 4150 1611 4199 saepe3
1654 4134 1764 4182 vide

1845 2472 1991 2534 Legg.
2016 2472 2117 2528 111,
2153 2485 2206 2528 ι,
2245 2479 2302 2529 43
2335 2470 2530 2520 Acndd.
2560 2472 2641 2531 11,
2688 2474 2749 2530 4,
2794 2487 2872 2518 ιο.

1844 2549 1980 2598 Nihil
2007 2549 2155 2613 igitur
2182 2563 2307 2614 opus
2332 2561 2404 2600 eet
2423 2585 2437 2608 ,
2470 2561 2526 2597 ut
2561 2549 2671 2598 cuni
2703 2554 2868 2599 Oxou.

1844 2644 1896 2691 χ.
1917 2628 2131 2693 priorem
2154 2628 2300 2676 etiam
2325 2628 2500 2679 delen-«1.
2533 2630 2598 2678 G.
2766 2665 2773 2672 -

1878 2769 1883 2778 Ι
1917 2710 2105 2757 XVIII.
2158 2725 2202 2756 1.
2249 2712 2467 2773 Quarum
2510 2720 2583 2757 ese
2624 2710 2869 2772 adrpeceus

1847 2786 2098 2835 illustrior.
2127 2787 2255 2852 Spir.
2278 2789 2378 2837 Erl.
2409 2800 2458 2836 et
2486 2789 2620 2838 cm.
2645 2789 2694 2836 in
2723 2803 2867 2850 marg.

1848 2859 2131 2933 conspectus
2160 2884 2180 2914 .·
2209 2884 2321 2931 quae
2348 2883 2459 2917 vera
2486 2869 2635 2917 lectio
2666 2868 2870 2917 videtur.

1850 2946 2060 2994 Ponitur
2090 2947 2217 2995 enim
2255 2964 2382 3012 eaepe
2418 2964 2518 2996 vox
2554 2948 2683 3009 haec‚
2716 2949 2787 2995 sic
2812 2958 2867 2994 ut

1848 3042 1940 3090 pro
1966 3024 2196 3091 adspectu
2235 3026 2441 3075 dicatur.
2492 3030 2564 3075 Ita
2605 3027 2654 3074 ia
2691 3027 2872 3090 adspe-

1849 3118 2001 3167 ctum,
2028 3115 2076 3153 et
2124 3127 2149 3147 ιι
2182 3106 2236 3153 in
2281 3117 2622 3170 conspectum,
2665 3105 2873 3166 alicujus

1848 3187 2046 3232 venire»
2069 3183 2266 3234 dicitur.
2311 3185 2481 3245 Adde,
2525 3184 2663 3249 quod
2700 3195 2874 3233 auctor

1846 3265 1896 3312 h.
1925 3264 1959 3313 l.
1988 3263 2236 3312 facultates
2253 3265 2401 3312 animi
2415 3266 2647 3330 junctas,
2674 3279 2874 3327 unoque

1848 3341 1984 3408 quasi
2011 3343 2187 3391 obtutu
2206 3345 2495 3409 spectandae
2516 3344 2759 3408 inteuigit.
2777 3344 2844 3392 G.

1921 3438 1971 3470 2.
1995 3425 2162 3471 lemae.
2182 3423 2233 3471 in
2260 3423 2409 3473 nobit.
2433 3426 2513 3472 Sic
2533 3439 2703 3472 omnes
2721 3423 2875 3469 nostri

1849 3514 1899 3550 et
1919 3503 2118 3550 Oxonn.
2137 3519 2288 3565 quum
2311 3513 2424 3551 ante
2447 3505 2592 3552 Gmt.
2617 3501 2764 3565 vulgo
2785 3535 2800 3560 ,
2822 3501 2874 3548 in

1849 3580 2074 3629 omnibus
2093 3592 2388 3643 peccaretur.
2410 3583 2617 3632 Causam
2634 3581 2877 3628 varietatis

1849 3660 2012 3720 vide⁸3
2041 3676 2150 3707 nam
2176 3678 2207 3708 n
2234 3662 2519 3725 praecedena
2544 3662 2711 3711 eadem
2737 3661 2877 3708 litera

1850 3738 2035 3797 haunit,
2061 3753 2108 3788 et
2123 3727 2241 3788 «Thus
2259 3757 2319 3789 ex
2339 3741 2636 3805 compendio
2654 3740 2874 3788 omnibus

1852 3818 2085 3883 pingitur.
2107 3821 2173 3867 G.

1926 3900 1973 3946 3.
2000 3900 2063 3945 Ue
2079 3897 2209 3963 pulsi
2236 3898 2505 3962 requirant.
2534 3898 2777 3961 vulgatur
2805 3909 2884 3953 ut,

1853 3978 1931 4023 cui
1954 3961 2069 4023 Em.
2098 3988 2145 4022 ee
2170 3987 2254 4023 aut
2291 3976 2380 4024 vel
2411 3975 2529 4024 addi
2559 3975 2718 4036 jubet.
2745 3977 2881 4023 Goer.

1854 4054 1999 4102 scrib.
2023 4065 2112 4102 aut
2137 4072 2198 4102 cx
2228 4056 2326 4102 suis
2353 4055 2583 4103 omuibus
2599 4089 2613 4110 ‚
2633 4055 2891 4119 tribusque¹

1855 4136 2052 4182 Oxonn.
2073 4146 2121 4181 et
2147 4135 2293 4182 Mars.
2314 4133 2457 4196 Nam,
2474 4134 2653 4198 inquit,
2668 4132 2806 4196 pulsi
2823 4130 2884 4180 ad
