3217 4784
641 407 779 479 270
1306 382 1400 447 M.
1448 381 1527 447 T.
1577 381 2066 449 CleERole

636 518 910 602 spectat
945 502 1279 574 ultimum
1323 515 1609 598 tempus
1652 503 1929 571 aetatis:
1982 501 2179 597 quod
2225 506 2480 576 Croeso
2525 507 2772 579 scribit

636 614 1042 687 Herodotus
1079 625 1514 709 praeceptum
1550 637 1589 682 a
1628 611 1917 681 Solone.

739 730 823 795 At
866 721 1191 805 enimni,
1244 719 1863 821 quemadmodum
1942 734 2095 791 tute
2167 720 2490 812 dicebas»,
2558 742 2771 824 negat

636 838 993 934 Epicurus
1037 831 1581 904 diuturnitatem
1609 828 1675 874 ¹⁵
1722 831 2018 929 quidem
2051 835 2400 930 temporis
2434 835 2524 906 ad
2560 835 2770 909 beate

638 943 1025 1016 vivendum
1083 941 1352 1039 aliquid
1400 939 1695 1029 afferre,
1739 967 1872 1013 nec
1917 944 2271 1014 minorem
2327 944 2769 1042 voluptatem

638 1056 914 1155 percipi
948 1057 1024 1123 in
1058 1051 1407 1123 brevitate
1444 1053 1829 1149 temporis,
1872 1075 2089 1147 quam
2125 1053 2185 1122 si
2223 1052 2346 1124 illa
2387 1055 2479 1125 sit
2515 1056 2770 1151 sempi-

536 1186 604 1237 88
641 1183 868 1237 terna.
925 1168 1089 1233 Haec
1137 1161 1481 1233 dicuntur
1534 1162 2212 1233 inconstantissime.
2268 1165 2514 1253 Quum
2577 1168 2769 1235 enim

640 1298 1004 1347 summum
1034 1271 1313 1343 bonum
1340 1273 1415 1341 in
1444 1272 1815 1369 voluptate
1846 1286 2071 1369 ponat
2090 1327 2110 1360 ‚
2136 1270 2364 1371 'negat
2385 1269 2449 1319 ¹⁶
2481 1273 2770 1346 infinito

639 1402 969 1484 tempore
999 1386 1221 1454 oetatis
1250 1382 1699 1481 voluptatem
1731 1379 1893 1453 fieri
1919 1384 2261 1477 majorem
2279 1437 2298 1470 ,
2317 1409 2533 1480 quam
2564 1384 2773 1457 finito

640 1512 861 1595 atque
901 1493 1295 1566 modi0017.
1336 1495 1485 1583 Qui
1522 1492 1805 1565 bonum
1832 1516 2051 1563 omne
2074 1493 2149 1563 iu
2169 1496 2432 1564 virtute
2449 1498 2690 1592 ponit,
2715 1496 2772 1565 is

645 1667 833 1723 spectat
853 1690 869 1717 ,
896 1667 952 1704 ut
973 1662 1252 1719 permanen
1267 1674 1314 1702 ιι.
1337 1653 1462 1703 Aliis
1480 1652 1669 1701 verbis:

647 1752 669 1781 α
685 1753 847 1801 neque
865 1733 1213 1800 exspectanda,
1232 1749 1294 1781 ex
1311 1732 1505 1782 Solonis
1518 1732 1670 1790 dicto,

642 1833 777 1865 more
816 1824 917 1873 eat,
948 1823 1005 1860 ut
1027 1812 1140 1860 vitae
1167 1812 1320 1860 beate
1343 1811 1671 1875 perpetuitate

640 1894 816 1943 fruaris
836 1915 879 1939 υ.
923 1885 1322 1957 Προσωποποιΐαν
1366 1905 1512 1945 nemo
1567 1904 1671 1936 nou

642 1973 796 2022 videt.
810 1974 885 2020 De
901 1972 1072 2019 croeso
1093 1967 1304 2031 deniqne
1333 1983 1444 2031 qne
1459 1983 1674 2031 aequuu-

645 2064 726 2100 tur
744 2087 759 2110 ‚
790 2051 854 2098 cf.
893 2047 1134 2098 Herodot.
1163 2049 1222 2107 1,
1248 2064 1293 2094 e.
1320 2048 1385 2094 32
1404 2081 1420 2106 ‚
1464 2062 1671 2110 quaque

642 2131 693 2178 h.
722 2132 757 2178 1.
781 2127 1023 2190 congessit
1047 2127 1210 2173 Datis.
1233 2127 1295 2172 G.

724 2214 805 2261 14.
832 2208 904 2251 At
920 2203 1070 2250 enim.
1094 2205 1167 2250 Ita
1193 2202 1440 2250 veriaaime
1461 2206 1672 2266 conjecit

644 2288 699 2334 Ρ.
726 2286 920 2333 Manut.
947 2298 1268 2346 recepereque
1285 2299 1313 2330 a
1333 2283 1532 2332 Daviaio
1554 2284 1671 2333 iude

646 2366 972 2429 interpretem
1005 2378 1120 2410 uam
1142 2362 1363 2422 Etenim,
1390 2362 1530 2427 quod
1552 2363 1673 2413 acri-

644 2456 844 2508 ptorutn
864 2453 1178 2504 veterumque
1196 2441 1437 2489 editorum
1451 2443 1668 2491 omnium

643 2535 717 2572 eat
736 2557 752 2581 ,
789 2523 903 2570 ferri
922 2520 1020 2569 hoc
1048 2536 1176 2569 nexu
1200 2520 1392 2585 nequit.
1422 2522 1510 2570 Eat
1538 2522 1668 2569 euim

644 2602 931 2667 oppositio,
968 2617 1025 2649 ae
1065 2600 1182 2648 lieet
1217 2599 1415 2664 quidem
1449 2612 1499 2650 et
1540 2617 1668 2666 aaepe

641 2682 730 2731 sed
739 2682 894 2729 valeat
911 2697 926 2738 3
945 2695 1182 2745 unaquam
1206 2690 1365 2728 tamen
1382 2680 1670 2745 simpliciter

642 2776 737 2826 pro
761 2770 816 2806 at
836 2760 1063 2822 ponitur:
1084 2770 1306 2821 erratque
1326 2761 1406 2807 Fr.
1425 2760 1666 2821 Heusing.

643 2840 706 2889 ad
731 2840 836 2889 Off.
865 2842 968 2899 111,
1017 2840 1108 2899 15,
1143 2855 1232 2901 ta,
1270 2840 1310 2887 ei
1334 2837 1509 2887 etenim
1536 2839 1668 2887 nude

644 2937 741 2986 pro
780 2931 841 2968 at
878 2918 1001 2968 enim
1024 2953 1039 2974 ,
1084 2917 1322 2967 enimvero
1356 2918 1455 2967 dici
1491 2927 1634 2982 putat
1651 2950 1668 2978 ,

643 3001 780 3049 nulla
805 2998 996 3064 copulae
1010 2998 1059 3045 vi
1084 2998 1337 3047 obtinente
1355 3029 1371 3056 ‚
1398 3012 1507 3061 (χιιι
1524 2996 1668 3045 etiam

646 3080 699 3128 iu
725 3078 1056 3142 disjunctione
1077 3094 1179 3125 non
1198 3086 1374 3125 eeaaat.
1391 3078 1553 3138 Quare
1563 3090 1670 3127 nou

646 3160 913 3225 probamus
935 3159 1285 3220 Bottingerum
1300 3191 1318 3218 ‚
1335 3155 1377 3204 ai
1398 3154 1564 3205 Diviu.
1584 3157 1635 3204 11
1656 3190 1673 3217 ,

646 3240 742 3301 69,
770 3255 790 3287 ι
802 3239 889 3297 43,
904 3240 973 3286 At
992 3235 1119 3284 enim
1135 3236 1368 3299 corrigit,
1381 3235 1468 3284 ubi
1479 3235 1674 3284 Etenim

647 3332 739 3379 pro
782 3317 882 3364 Sed
912 3315 1040 3363 enim
1068 3315 1282 3373 dicitur,
1306 3326 1452 3381 atque
1478 3318 1673 3381 negatio

646 3396 789 3442 etiam
812 3393 1062 3460 precedit.
1102 3396 1213 3442 Hoc
1248 3404 1408 3443 autem
1442 3394 1557 3445 loco
1581 3396 1675 3445 alia

647 3484 765 3521 eunt
786 3473 974 3521 omnia.
998 3472 1197 3520 Etem‘m
1220 3484 1325 3520 tum
1348 3474 1553 3524 retinere
1579 3491 1677 3540 po·

648 3553 794 3611 teria,
821 3554 864 3600 ai
893 3563 1006 3601 aute
1043 3552 1482 3616 quemadmodum,
1526 3571 1676 3618 quum

647 3631 894 3680 addideris
904 3665 920 3689 ‚
948 3642 998 3679 et
1033 3631 1162 3679 hoee.
1175 3668 1189 3682 .
1201 3665 1216 3679 .
1235 3631 1677 3681 inconstantissimo

649 3713 701 3758 in
718 3710 927 3775 epodosi
941 3724 1026 3773 per
1044 3708 1350 3761 ἀνακόλουθον
1369 3711 1498 3760 dieta
1514 3723 1676 3776 putee.

648 3794 691 3839 G
704 3827 718 3839 .
738 3816 807 3827 —-
826 3790 1108 3837 Lectionem
1126 3789 1299 3839 etenim
1319 3792 1389 3838 aie
1404 3793 1461 3838 P.
1477 3792 1674 3842 Manat.

649 3870 735 3932 qui
763 3880 818 3917 at
850 3867 987 3917 enim,
1013 3869 1163 3916 euasit
1185 3902 1202 3928 ‚
1244 3879 1499 3933 oppugnat
1519 3885 1534 3916 ε
1559 3870 1676 3917 Non

652 3949 812 3998 reddit
870 3949 1052 3997 Noster
1116 3947 1351 3996 rationem
1413 3948 1677 4012 superioria

652 4029 905 4077 sententie
930 4061 946 4088 ,
1003 4024 1140 4089 quod
1195 4024 1381 4074 beatam
1442 4025 1677 4090 appellari

657 4110 805 4157 vitam
837 4105 1158 4173 perpetuitate
1186 4106 1421 4175 temporie
1451 4105 1676 4167 dixerat3

1758 1652 1845 1701 aed
1863 1653 2072 1718 apponit
2096 1654 2294 1717 Epicuri
2334 1653 2642 1717 opinionem,
2686 1674 2773 1705 ue·

1756 1734 1913 1799 gantis
1955 1733 2273 1782 diuturnitate
2326 1735 2556 1798 temporie
2603 1738 2770 1800 augeri

1755 1812 1946 1861 beatam
1972 1813 2121 1862 vitam
2158 1828 2172 1862 :
2208 1812 2342 1877 quod
2367 1813 2541 1862 refellit
2565 1815 2690 1863 infra
2716 1816 2771 1864 iu

1754 1909 1815 1941 eo
1840 1893 1953 1941 loco
1978 1930 1994 1955 ,
2023 1914 2051 1935 ιι
2074 1892 2192 1942 Haee
2221 1892 2454 1941 dicuntur
2491 1894 2772 1943 inconstan-

1756 1972 1937 2019 tiaaime
1955 1993 1999 2018 a.

1829 2046 1913 2099 15.
1948 2050 2122 2115 Negat
2152 2050 2390 2114 Epicurus
2414 2050 2776 2103 diuturnitatem

1759 2127 1956 2191 quidem
2125 2147 2252 2181 nee.
2300 2133 2436 2179 Goer.
2479 2133 2650 2181 inserit
2689 2149 2778 2183 nee

1755 2217 1869 2255 ante
1896 2207 2276 2259 diuturnitatem.
2307 2214 2408 2269 Ita,
2444 2211 2631 2276 iuquit,
2652 2212 2777 2260 refe·

1757 2297 1870 2335 runt
1898 2288 2024 2352 Spir.
2044 2289 2146 2336 Erl.
2167 2289 2300 2337 Gud.
2329 2305 2350 2336 1
2366 2323 2382 2348 ,
2410 2291 2541 2340 Crat.
2564 2291 2777 2341 haereba·

1756 2380 1962 2429 muaque
1978 2367 2080 2427 jam
2101 2367 2219 2414 olim
2245 2377 2370 2431 part.
2402 2368 2598 2431 quidem
2630 2371 2778 2418 vitio·

1755 2462 1856 2494 eam
1887 2445 2181 2506 iudicantes,
2217 2461 2368 2507 quum
2402 2460 2431 2492 a
2466 2447 2662 2509 vulgata
2688 2464 2778 2497 nee

1753 2524 1893 2588 prior
1913 2524 2118 2572 abesset.
2153 2525 2186 2571 J
2189 2523 2305 2570 ubet
2328 2522 2473 2569 etiam
2510 2524 2640 2572 Rota
2663 2525 2775 2587 qui.

1753 2601 1862 2649 dem
1906 2600 2054 2648 deleri
2074 2635 2091 2661 ,
2124 2609 2182 2647 ut
2217 2600 2332 2647 fecit
2379 2600 2544 2649 Lamb.
2581 2604 2652 2651 At
2685 2618 2777 2651 nee

1752 2680 1995 2743 reposita,
2040 2679 2203 2726 omnia
2250 2679 2436 2743 optime
2464 2692 2664 2729 coeunt.
2700 2683 2777 2731 De

1752 2769 1991 2807 structura
2018 2774 2145 2822 nego
2175 2793 2187 2804 .
2210 2793 2224 2805 .
2245 2790 2260 2806 .
2291 2774 2383 2806 nee
2399 2759 2516 2807 alibi
2537 2759 2777 2821 vidimus,

1753 2853 1801 2885 v.
1824 2853 1869 2885 c.
1889 2837 2078 2888 Acadd.
2097 2840 2144 2885 11
2159 2873 2174 2898 ,
2189 2840 2252 2897 47
2272 2871 2290 2897 ,
2317 2837 2435 2898 145.
2460 2839 2662 2904 Quidem
2677 2842 2778 2901 jam

1751 2934 1874 2966 sane
1894 2928 2035 2966 notat
2046 2952 2062 2979 ,
2080 2929 2134 2967 ut
2152 2934 2302 2981 quum
2319 2918 2454 2979 aliae,
2470 2930 2570 2968 tum
2585 2919 2775 2971 Acadd.

1752 3000 1831 3061 11,
1858 2997 1956 3056 26,
1980 2999 2043 3045 82
2062 3032 2078 3057 ,
2112 2998 2386 3046 docuimus.
2413 3000 2525 3048 VV.
2555 3001 2665 3048 DD.
2692 2998 2779 3063 qni

1754 3077 1808 3125 in
1827 3076 1910 3125 illa
1928 3077 2292 3125 constructione
2306 3076 2779 3141 nbiqueoffenduut,

1755 3155 1819 3203 ad
1845 3172 1935 3204 nee
1970 3156 2195 3215 alteram,
2228 3171 2380 3219 quum
2407 3156 2459 3203 iu
2489 3153 2779 3218 quibusdam

1759 3236 1910 3286 codd.
1959 3235 2340 3297 desideraretur,
2376 3250 2439 3282 ne
2471 3234 2780 3282 attenderunt

1762 3315 1987 3382 quidem.

1834 3397 1915 3444 ιθ.
1949 3395 2106 3456 Quum
2129 3393 2255 3442 enim
2283 3426 2297 3440 .
2318 3426 2331 3439 .
2354 3426 2367 3438 .
2391 3401 2577 3456 ponat,
2604 3401 2779 3454 negat.

1759 3475 1886 3525 Mire
1905 3483 2077 3538 peccat
2096 3471 2230 3521 Gud.
2251 3486 2278 3518 2
2300 3506 2317 3532 ,
2350 3486 2442 3535 pro
2470 3486 2645 3533 quum,
2671 3468 2784 3515 ani-

1758 3571 1839 3604 mo
1866 3552 2118 3602 exhibens.
2142 3551 2238 3602 Sed
2257 3550 2378 3599 nihil
2405 3548 2522 3598 iude
2546 3549 2783 3597 extrican-

1762 3633 1895 3683 dum.
1927 3634 2088 3695 Quum
2115 3643 2198 3694 est·
2214 3631 2352 3692 licet,
2393 3639 2441 3676 et
2461 3639 2573 3676 ante
2598 3637 2747 3692 negat
2765 3657 2781 3684 ‚

1766 3722 1932 3759 tamen
1960 3711 2201 3776 cogitabis
2216 3743 2235 3770 ‚
2260 3726 2369 3773 quae
2396 3724 2523 3772 eaepe
2545 3708 2614 3755 sic
2636 3707 2784 3754 omit·

1763 3789 1901 3838 titur.
1941 3791 2107 3836 Ponat
2138 3798 2299 3836 autem
2339 3785 2559 3850 optative
2591 3784 2786 3847 capien-

1765 3868 1901 3918 dum.
1926 3869 1990 3918 G.

1848 3964 1866 3994 1
1881 3964 1930 4008 7.
1953 3950 2120 4010 Atque
2140 3943 2351 3992 modico.
2365 3943 2491 4007 Spir.
2511 3953 2558 3990 et
2580 3939 2712 3989 Gud.
2737 3957 2782 3999 ι,

1765 4044 1826 4075 ae
1867 4023 2088 4084 melico,
2128 4024 2265 4088 quod
2297 4021 2494 4072 auribus
2533 4021 2685 4086 magis
2710 4037 2788 4067 ar·

1767 4107 1906 4156 ridet.
1925 4108 1988 4155 G.
2341 4138 2350 4171 f
