3217 4784
877 404 1000 470 DE
1050 403 1221 469 FlN.
1273 405 1479 472 BoN.
1536 407 1649 472 ET
1697 403 1912 470 MAI..
1969 403 2075 481 11,
2129 425 2196 495 9.
2458 404 2577 472 ι8ι

467 530 921 608 necessariam,
975 540 1047 595 et
1101 547 1249 593 non
1309 527 1741 595 necessarias
1783 552 1798 593 ε
1845 520 2171 594 confecta
2221 547 2335 594 res
2378 542 2582 595 esset.

462 640 603 726 Qui
646 636 796 707 haec
825 633 1236 705 didicerunt
1261 627 1293 676 ⁸
1340 659 1497 730 quae
1533 633 1651 704 ille
1700 633 2142 718 contemnit,
2182 633 2281 703 sic
2318 632 2584 705 solent:

457 753 789 821 vitiosum
823 763 930 818 est
966 748 1260 818 enimin
1288 743 1680 816 dividendo
1702 800 1721 828 ‚
1750 758 2026 841 partem
2056 745 2131 813 in
2158 766 2423 838 genere
2452 770 2582 814 nu-

460 885 756 931 merare.
800 857 937 928 Sed
989 856 1128 927 hoc
1172 879 1340 925 sane
1382 851 1887 925 concedamus.
1934 854 2349 923 Contemnit
2392 856 2582 924 enim

454 968 850 1041 disserendi
885 966 1356 1063 elegantiamo
1403 991 1421 1033 t
1467 962 1767 1034 confuse
1805 962 2153 1058 loquitur.
2207 963 2584 1035 Gerendus

455 1095 562 1149 est
595 1103 790 1163 mOS,
828 1073 1045 1146 modo
1086 1089 1275 1146 recte
1307 1075 1587 1146 sentiat.
1629 1077 1716 1144 Et
1742 1070 2038 1170 quidem
2079 1072 2260 1143 illud
2292 1099 2442 1144 non
2479 1075 2579 1144 ni-

455 1190 681 1256 mium
726 1184 999 1281 probo,
1048 1198 1119 1254 et
1170 1198 1449 1254 tantum
1509 1185 1764 1282 patior,
1811 1182 2328 1280 philosophum
2377 1183 2581 1281 loqui

452 1296 542 1367 de
573 1293 1082 1394 cupiditatibus
1111 1292 1443 1365 finiendis
1462 1304 1547 1363 ¹⁰.
1566 1297 1677 1364 An
1710 1307 1946 1391 potest
1976 1292 2325 1390 cupiditas
2345 1292 2582 1364 finiri?

447 1524 508 1570 ad
546 1522 656 1570 illos
690 1521 843 1571 libros
874 1519 1005 1568 haud
1045 1519 1191 1568 semel
1228 1519 1463 1575 viditniis3

446 1604 509 1652 cf.
529 1605 670 1665 Legg.
689 1605 736 1657 1,
764 1618 781 1647 1
798 1616 843 1659 1,
865 1600 949 1657 32,
967 1612 1060 1647 etc.
1081 1600 1161 1647 Sic
1181 1596 1463 1645 retrahenda

443 1682 547 1729 haec
561 1699 654 1746 que
671 1692 743 1729 est
756 1683 893 1728 Orat.
912 1679 976 1734 34
989 1712 1003 1736 ,
1025 1694 1043 1724 ι
1055 1694 1119 1724 20
1135 1692 1147 1725 :
1164 1698 1187 1716 ιι
1203 1678 1463 1738 Quumque

440 1762 521 1808 iun
560 1761 724 1809 divim
750 1759 1006 1822 cognorit,
1042 1755 1159 1803 nolo
1184 1755 1375 1818 ignoret
1400 1769 1462 1800 ne

440 1840 546 1889 hac
564 1842 761 1905 quidem
778 1838 986 1885 humana
1001 1858 1041 1884 ιι.
1062 1831 1257 1881 Schiitz.
1280 1849 1307 1880 e
1328 1831 1458 1881 Gnd.

444 1936 471 1968 2
491 1956 505 1977 ,
533 1937 626 1984 que
663 1920 856 1967 delevit.
896 1918 955 1963 In
983 1928 1174 1978 quoque
1198 1922 1459 1974 corrupta,

441 1999 712 2046 revocanda
735 2008 806 2044 est
825 2013 897 2059 pr.
920 1996 1029 2055 Leg.
1049 1990 1221 2039 Msnil.
1249 1992 1334 2047 18,
1360 1990 1451 2039 55:

443 2098 464 2118 ·
494 2094 614 2135 nos,
660 2091 867 2140 quorum
912 2072 1142 2132 majores.
1164 2106 1176 2118 .
1201 2105 1212 2117 .
1261 2084 1455 2133 supern-

440 2166 577 2204 runt.
602 2188 613 2201 .
636 2189 648 2202 .
673 2152 922 2209 vicerunt,
956 2151 988 2198 ii
1022 2149 1230 2212 (rectius
1259 2163 1321 2194 ex
1352 2162 1453 2194 uno

439 2247 608 2283 nostro
635 2233 707 2281 his
745 2235 764 2295 )
797 2231 933 2278 nullo
978 2232 1027 2277 in
1066 2229 1180 2276 loco
1204 2229 1302 2288 jam
1328 2243 1454 2291 prae·

437 2313 647 2361 donibus
688 2327 828 2377 pares
869 2325 971 2361 esse
1008 2318 1283 2372 poteramus
1312 2321 1324 2353 :
1363 2321 1454 2353 nos

433 2408 656 2454 quoque,
684 2400 776 2437 etc.
800 2409 822 2430 ι
852 2388 927 2436 vel
960 2386 1126 2435 invitis
1161 2383 1309 2433 codd.
1336 2400 1450 2431 nos-

432 2487 525 2533 que
542 2468 908 2532 corrigendum3
933 2466 1044 2513 vide
1060 2474 1303 2511 contexta.
1326 2464 1449 2510 leem

430 2549 651 2596 additum
680 2565 705 2595 s
731 2547 902 2594 scribis
929 2544 1134 2602 dixeris,
1170 2557 1321 2606 quum
1349 2542 1446 2588 vim

430 2627 733 2684 transeundi,
752 2643 860 2690 que
881 2627 935 2673 iu
956 2640 1050 2688 que
1075 2623 1198 2670 inest
1213 2657 1227 2680 ,
1252 2622 1446 2685 ignora-

428 2718 551 2753 rent.
578 2708 651 2753 Ita
669 2706 813 2754 simili
834 2705 1019 2753 ratione
1043 2704 1139 2749 Off,
1165 2704 1241 2760 11,
1267 2702 1323 2759 3,
1352 2717 1443 2748 12:

428 2808 450 2825 a
470 2788 740 2848 Earumque
759 2786 873 2832 item
896 2799 1079 2831 rerum.
1100 2815 1113 2828 .
1136 2817 1149 2829 .
1179 2781 1346 2829 endem
1369 2781 1443 2827 di·

426 2865 549 2913 visio
571 2875 640 2912 est
658 2887 698 2910 a.
719 2867 840 2911 Item
862 2862 929 2909 ibi
950 2861 1250 2926 probatiores
1272 2860 1442 2923 scripti

426 2943 566 2990 multi
601 2943 852 3005 ignorant,
881 2951 929 2987 et
953 2940 1005 2987 in
1032 2939 1107 2985 his
1142 2949 1237 2985 tres
1269 2939 1439 2986 nostri.

425 3023 603 3070 Recte:
629 3038 738 3069 nam
755 3019 936 3068 sufficit
953 3019 1139 3066 eadem.
1161 3019 1229 3064 Its
1243 3034 1439 3082 quoque

422 3100 535 3148 item
557 3100 869 3161 rejiciendum
886 3132 902 3156 ,
924 3096 1059 3161 quod
1077 3111 1134 3144 ex
1160 3098 1286 3146 Crat.
1313 3113 1439 3145 rece·

310 3214 321 3227 .
422 3181 494 3243 pit
514 3181 737 3243 Hotting.
752 3179 917 3226 Divin.
935 3180 982 3234 1,
999 3178 1048 3233 6,
1069 3177 1231 3233 103cs.
1247 3176 1437 3225 Acadd.

422 3261 496 3318 11,
527 3275 611 3321 17,
644 3261 727 3316 54.
756 3259 827 3305 Ex
849 3256 926 3304 his
952 3256 1098 3319 igitur
1122 3256 1218 3302 hoc
1240 3270 1438 3318 quoque

259 3345 271 3357 '
316 3352 319 3357 ·
417 3338 528 3385 loco
554 3337 949 3398 naturaliumque
976 3334 1071 3381 duo
1099 3333 1436 3397 corrigendum

419 3418 629 3467 videtur.
653 3417 984 3466 Necessarium
1015 3428 1146 3463 certe
1174 3415 1238 3463 ob
1261 3415 1437 3479 repeti-

421 3508 523 3544 tum
550 3497 648 3544 duo
668 3531 681 3555 ,
708 3498 810 3545 sine
849 3512 957 3543 vers
989 3511 1127 3542 causa
1155 3495 1268 3542 item
1299 3493 1435 3542 dixe·

418 3576 498 3624 ris.
522 3578 583 3624 G.

489 3656 537 3702 8.
564 3651 662 3717 Qui
678 3653 782 3701 lta-c
799 3644 1094 3701 dididerunt.
1117 3685 1130 3699 .
1153 3688 1164 3700 .
1178 3653 1247 3699 sic
1264 3653 1435 3702 solent.

417 3736 539 3781 Hoeo
554 3732 696 3781 verbe
716 3731 909 3779 reduxit
927 3733 1160 3779 Gruterus
1177 3748 1238 3779 ex
1256 3731 1360 3781 Pal.
1387 3732 1437 3791 3,

414 3813 678 3875 eademqne
698 3822 892 3875 praestat
910 3813 1049 3858 etiam
1065 3813 1196 3860 Crat.
1218 3813 1266 3859 in
1287 3828 1436 3875 marg.

414 3902 599 3956 reperta
629 3890 793 3938 itidem
818 3891 869 3937 in
893 3891 1021 3939 Rob.
1049 3891 1221 3954 Stepb.
1248 3891 1361 3939 cod.
1387 3903 1435 3939 et

414 3969 596 4018 Davisii
626 3968 905 4017 Mesdinno.
939 3969 1116 4017 Eadem
1150 3970 1293 4017 verba
1331 3971 1431 4019 Pal.

424 4064 438 4093 ι
453 4081 468 4103 ,
491 4064 601 4095 cum
626 4047 726 4096 Eri.
749 4059 799 4096 et
824 4048 952 4111 Spir.
973 4049 1261 4111 transposita
1291 4049 1435 4097 refert

414 4136 550 4187 ante,
576 4148 599 4167 α
617 4126 715 4190 Qui
738 4127 778 4174 si
800 4126 983 4175 diceret
1000 4140 1054 4186 »ς
1083 4126 1213 4175 unde
1240 4144 1433 4176 eorum·

1558 1517 1670 1565 dem
1684 1533 1884 1581 quoque
1901 1517 2231 1582 neglectorum
2248 1535 2387 1568 oense
2410 1522 2579 1586 liquet.

1554 1596 1748 1643 Omissa
1771 1596 1955 1643 scilieet
1981 1612 2008 1642 a
2032 1595 2228 1643 librario
2257 1610 2422 1660 erant,
2448 1613 2497 1648 et
2527 1604 2579 1650 in

1553 1675 1768 1735 margine
1800 1674 1991 1736 appictn
2020 1689 2033 1722 :
2068 1676 2133 1721 it·
2163 1674 2339 1724 deinde
2375 1677 2436 1725 ab
2470 1681 2577 1728 aliis

1552 1751 1726 1800 scribis
1743 1752 1903 1799 alieno
1919 1751 2030 1799 loeo
2049 1754 2222 1800 inserta
2239 1764 2352 1802 suut
2364 1788 2379 1812 ,
2395 1755 2457 1802 ab
2471 1755 2579 1805 aliis

1550 1830 1696 1895 plane
1713 1832 1967 1894 praeterits.
1987 1833 2135 1878 Suum
2155 1843 2316 1879 sutem
2335 1835 2388 1880 in
2413 1834 2580 1899 vulga·

1552 1910 1615 1956 tis
1648 1909 1812 1957 locum
1850 1926 1959 1957 vere
1989 1921 2212 1969 servant3
2251 1927 2361 1958 nam
2393 1914 2577 1963 Davisii

1548 1989 1739 2037 ratione
1759 2022 1776 2048 ,
1820 1986 1988 2036 eadem
2033 1990 2085 2036 in
2132 1990 2409 2053 parenthesi
2461 2007 2575 2057 post

1546 2068 1731 2115 diceret
1780 2069 1952 2130 reponi
1999 2068 2215 2127 jubentis
2232 2102 2247 2126 ,
2292 2069 2415 2117 nihil
2460 2088 2573 2121 sene

1547 2147 1690 2194 fuerit
1714 2149 1946 2195 coactius.
1977 2149 2043 2196 G.

1619 2241 1669 2287 9.
1707 2226 1982 2273 (butemnie
2022 2227 2151 2274 enim
2180 2227 2455 2276 disserendi
2477 2230 2572 2277 ele·

1536 2303 1778 2366 gantiam.
1801 2303 1902 2352 Erl.
1920 2315 1969 2352 et
1996 2307 2126 2368 Spir.
2154 2307 2284 2354 enim
2313 2306 2569 2370 ignorum

1543 2382 1680 2444 quod
1706 2385 1756 2429 in
1787 2383 1864 2431 his
1889 2382 2118 2432 brevibus
2139 2387 2404 2434 enuntiatis
2424 2403 2567 2451 quam

1542 2461 1750 2508 mxime
1793 2460 2073 2524 probamus.
2125 2464 2162 2509 F
2165 2465 2383 2526 tangitur
2422 2466 2566 2514 etiarn

1541 2542 1729 2598 oratio,
1755 2557 1817 2588 ex
1845 2542 2186 2605 oppositorum
2209 2541 2449 2593 brevitate
2470 2548 2564 2594 vim

1538 2635 1674 2665 suam
1695 2620 1968 2683 accipiens:
2005 2621 2282 2670 disserendi
2310 2624 2439 2672 enim
2473 2626 2563 2673 ele·

1529 2698 1705 2763 guntin
1719 2732 1735 2757 ‚
1757 2710 1805 2746 et
1823 2698 2023 2765 confise
2038 2701 2177 2764 loqui
2195 2701 2291 2749 sibi
2312 2720 2339 2749 e
2362 2705 2564 2768 regione

1536 2790 1807 2839 ponuntur.
1834 2782 1896 2828 G.

1615 2873 1692 2905 ιο.
1733 2860 1801 2906 Ee
1822 2859 2014 2923 quidem
2051 2861 2081 2910 i.
2103 2877 2200 2908 non
2230 2879 2289 2911 η.
2314 2899 2324 2910 .
2349 2898 2361 2909 .
2375 2861 2561 2929 finien-

1532 2934 1627 2982 dis.
1644 2939 1776 2986 Goer.
1790 2938 1895 2987 dat:
1914 2939 2135 3003 equidem
2150 2940 2281 2987 illud
2289 2942 2443 3005 ipsum
2462 2958 2561 2988 nou

1532 3031 1583 3060 n.
1609 3025 1701 3062 etc.
1724 3017 1908 3075 Primo,
1933 3018 2090 3082 inquit
2108 3054 2122 3077 ,
2150 3034 2211 3064 ex
2237 3019 2335 3065 Erl.
2356 3029 2406 3065 et
2428 3021 2555 3082 Spir.

1529 3101 1770 3164 Equidem
1785 3105 2107 3158 correximus;
2128 3102 2271 3166 vulg·
2278 3114 2356 3151 tur
2377 3105 2442 3151 Be
2458 3106 2559 3168 qui·

1530 3178 1642 3226 dem
1668 3197 1686 3223 .·
1724 3181 1858 3239 quod
1894 3197 1981 3243 per
2014 3197 2064 3227 se
2104 3195 2272 3244 perum
2313 3187 2556 3232 contextis

1528 3267 1697 3319 aptum
1711 3291 1725 3313 ,
1739 3259 2063 3321 soepissimein
2080 3258 2230 3306 codd.
2251 3276 2312 3308 ex
2331 3262 2552 3325 equidem

1529 3349 1812 3399 corruptum
1835 3337 1999 3386 videre
2027 3339 2154 3388 licet.
2189 3341 2255 3387 Ut
2279 3357 2431 3389 unum
2459 3359 2550 3406 po-

1531 3430 1699 3473 minus
1717 3451 1732 3476 ‚
1754 3432 1846 3480 pro
1870 3417 2026 3481 Ligur.
2059 3435 2143 3480 to,
2168 3419 2232 3467 30
2255 3432 2270 3468 τ
2302 3440 2324 3461 ι
2346 3422 2548 3481 caum,

1528 3495 1706 3556 Caeur,
1725 3497 1799 3559 egi
1820 3497 1993 3546 multas
2006 3534 2020 3557 ,
2037 3510 2086 3547 et
2106 3499 2303 3563 quidem
2329 3512 2485 3549 tecum
2505 3525 2548 3550 ιο.

1529 3576 1645 3622 Duo
1690 3574 1757 3622 ibi
1825 3578 1917 3625 mei
1979 3594 2089 3626 cum
2151 3579 2260 3626 aliis
2325 3580 2550 3643 pluribus

1527 3653 1773 3717 equidem,
1801 3655 1948 3719 idque
1972 3657 2270 3705 verissimum
2293 3673 2305 3706 :
2325 3660 2548 3723 equidem

1527 3733 1654 3780 enim
1680 3733 1904 3781 consulto
1929 3735 1992 3783 ad
2018 3745 2170 3782 tecum
2195 3735 2414 3783 additum
2441 3750 2548 3800 est;

1525 3828 1677 3875 quum
1735 3824 1902 3861 contra
1959 3826 2008 3862 ee
2061 3813 2258 3878 quidem
2308 3816 2548 3879 languent.

1524 3892 1713 3940 Deinde
1745 3905 1873 3942 recte
1910 3911 1962 3941 se
1998 3893 2181 3942 habent
2215 3893 2342 3942 illud
2367 3895 2547 3957 ipsum,

1524 3972 1555 4019 i.
1577 3988 1619 4019 e.
1642 3974 1746 4031 vel,
1763 3974 1890 4021 adeo
1915 3973 2063 4030 illud,
2086 3988 2293 4036 quorum
2311 3975 2552 4036 posterius

1522 4051 1688 4099 Duris.
1718 4068 1778 4099 ex
1816 4060 1843 4107 4
1885 4052 1987 4099 suis
2017 4051 2216 4100 delevit.
2258 4050 2352 4097 Sed
2394 4052 2549 4098 nostri

1520 4129 1651 4178 idem
1693 4146 1860 4178 omnes
1896 4142 2119 4185 serverin
2166 4128 2539 4193 defenditurque

2657 921 2687 972 7
