3217 4784
672 368 801 451 144

1339 369 1436 435 M.
1487 369 1563 436 Τ.
1618 371 2106 441 CICERONIS

656 512 911 560 sensns
936 488 1294 583 accipiens
1324 501 1683 576 movetur,
1717 505 1789 560 et
1810 491 2267 586 jucunditate
2291 495 2605 593 quadam
2634 524 2790 597 per·

588 643 620 694 7
657 597 1004 670 funditur.
1045 594 1241 685 Quid
1273 597 1496 693 ergo?
1530 600 1738 669 istam
1777 601 2254 699 voluptatem,
2283 607 2524 703 inquit
2539 597 2595 697 5,
2626 612 2788 707 Epi-

653 734 872 781 curus
907 705 1243 803 ignorat?
1285 710 1447 777 Non
1491 732 1801 806 semper,
1850 710 2170 807 inquam.
2210 717 2390 785 Nam
2420 716 2790 789 interdum

653 819 862 890 nimis
898 817 1113 887 etiam
1155 816 1397 901 novit,
1434 821 1710 916 quippe
1741 823 1869 917 qui
1902 821 2346 911 testificetur,
2390 851 2483 897 ne
2523 828 2786 900 intelli-

651 954 820 1026 gere
852 925 1145 1024 qnidem
1178 950 1255 997 se
1292 951 1540 1024 posse,
1578 929 1707 1001 ubi
1736 933 1865 1019 sit,
1887 947 2023 1002 'aut
2051 933 2230 1030 quid
2260 936 2352 1006 sit
2386 937 2614 1008 ullum
2651 938 2788 1010 bo-

653 1061 866 1123 num,
898 1050 1155 1135 praeter
1181 1035 1393 1123 illud,
1424 1037 1626 1134 quod
1659 1037 1859 1125 cibo,
1889 1054 1962 1110 et
1995 1045 2294 1138 potione
2311 1040 2368 1132 ⁶,
2397 1060 2470 1116 et
2504 1048 2788 1118 aurium

653 1145 1152 1229 delectatione,
1180 1160 1252 1217 ct
1280 1145 1624 1218 obscoena
1653 1147 2068 1246 voluptate7
2098 1152 2480 1251 capium-⁸.
2502 1162 2611 1228 An
2635 1157 2788 1229 haec

654 1255 747 1329 ab
777 1281 866 1328 eo
897 1280 1048 1326 non
1080 1253 1473 1326 dicuntur?
1514 1258 1739 1346 Quasi
1776 1282 1950 1328 vero
1987 1282 2105 1331 me
2135 1262 2404 1358 pudeat
2419 1274 2475 1351 9,
2509 1267 2786 1364 inquit,

652 1515 750 1564 alio
768 1515 947 1577 sensu)
979 1509 1316 1576 praecessisset.
1351 1511 1420 1558 At
1446 1508 1673 1556 hocloco
1707 1540 1713 1545 -

1831 1512 1884 1559 6.
1919 1512 2066 1576 Quod
2083 1513 2221 1573 cibo,
2239 1524 2288 1562 ee
2296 1515 2512 1579 potione.
2532 1518 2669 1567 Goer.
2699 1531 2795 1567 aue

651 1610 755 1643 nou
780 1594 938 1658 agitur
963 1589 1262 1654 voluptatem
1277 1622 1294 1648 ,
1317 1587 1508 1651 qualem
1529 1587 1674 1637 docet
1755 1602 1859 1654 poe.
1880 1592 2033 1639 Recte
2051 1592 2148 1650 sic,
2169 1593 2353 1656 iuquit,
2375 1596 2584 1643 restituit
2604 1598 2790 1654 Breuni,

652 1673 790 1738 Epic.
811 1687 922 1719 vere
943 1686 1069 1727 esse;
1092 1668 1180 1717 sed
1201 1684 1312 1715 vere
1335 1668 1503 1715 sentiri
1524 1667 1677 1714 omni-

652 1752 761 1801 bus.
791 1749 933 1799 Adde
957 1746 1094 1813 qnod
1122 1748 1327 1805 Cicero,
1358 1747 1398 1793 si
1425 1762 1527 1795 esse
1557 1745 1674 1794 addi

651 1832 913 1888 voluisset,
940 1830 1010 1877 sic
1034 1826 1291 1887 scriberet,
1323 1840 1426 1873 esse
1442 1826 1675 1891 volupta-

651 1923 747 1960 tem
764 1909 815 1959 ln.
839 1919 933 1956 etc.
959 1906 1096 1955 Nihil
1117 1907 1267 1968 igitur
1289 1904 1471 1968 ambigi
1495 1903 1643 1952 debet
1658 1940 1674 1966 ,

650 2001 781 2038 recte
803 1987 925 2035 illud
944 2000 1046 2033 esse
1066 1982 1295 2031 deletum.

724 2069 773 2115 5.
803 2064 935 2129 Quid
953 2080 1067 2128 ergo
1080 2067 1107 2109 ι’
1130 2061 1273 2108 istam
1295 2059 1482 2124 volupt.
1504 2059 1676 2126 inquit.

654 2148 790 2195 Goer.
820 2142 988 2208 Quid?
1010 2157 1123 2205 ergo
1149 2151 1243 2189 etc.
1270 2140 1463 2199 Primo,
1487 2140 1676 2203 iuquit,

652 2221 985 2286 interrogandi
1004 2221 1221 2285 signnm,
1247 2220 1382 2284 qnod
1410 2219 1558 2284 vulgo
1584 2237 1675 2269 ne-

655 2304 868 2368 gligitur,
894 2318 922 2349 a
948 2300 1141 2348 Bremio
1173 2311 1332 2347 autem
1368 2310 1481 2363 post
1517 2305 1677 2365 ergo?

654 2381 941 2440 collocatur,
970 2394 1061 2426 nos
1094 2377 1158 2426 ad
1196 2377 1370 2443 Quid?
1401 2377 1674 2444 applicavi·

653 2476 781 2509 mus.
806 2459 946 2518 Certa
979 2456 1107 2504 enim
1135 2456 1239 2504 haec
1266 2456 1678 2519 interpunctionis

653 2539 817 2604 regula
855 2537 1002 2585 scribi
1037 2535 1181 2583 debet
1197 2570 1212 2593 ,
1252 2536 1307 2582 in
1347 2537 1449 2598 ipsa
1489 2536 1676 2600 quippe

653 2620 832 2682 lingue
862 2626 1030 2663 natura
1056 2612 1154 2662 fixa
1187 2624 1236 2661 et
1267 2613 1497 2674 fundata,
1545 2614 1679 2677 Quid

653 2715 768 2764 ergo
790 2700 831 2746 si
853 2696 1101 2756 scribitur,
1125 2695 1391 2758 rogationis
1418 2705 1585 2742 notam
1612 2694 1675 2741 ad

656 2779 822 2842 Quid?
843 2777 1109 2842 pertinere,
1128 2776 1221 2822 nisi
1234 2785 1378 2838 parit.
1395 2775 1517 2831 iuae,
1539 2790 1674 2831 num,

653 2875 741 2919 ne,
767 2874 864 2912 an,
894 2867 941 2904 et
961 2870 1060 2902 non
1077 2890 1092 2915 ‚
1118 2853 1160 2901 si
1186 2869 1276 2917 pro
1298 2868 1460 2901 nonne
1477 2852 1676 2911 dicitur,

653 2949 750 2988 etc.
784 2945 1071 3000 sequentum
1112 2943 1214 2981 tum
1242 2928 1372 2980 enim
1400 2944 1534 2980 recte
1560 2947 1676 2997 ergo

650 3018 746 3067 sibi
772 3017 902 3065 illam
923 3012 1187 3061 vindicare.
1207 3010 1344 3059 Alibi
1365 3009 1428 3059 de
1451 3011 1677 3059 universa

650 3114 795 3164 pron.
841 3094 1006 3160 quid!
1049 3101 1290 3139 structure
1335 3088 1397 3137 de
1437 3089 1674 3137 industria

650 3189 876 3241 agemus:
900 3187 1032 3221 nunc
1054 3169 1250 3234 quidem
1272 3168 1384 3216 vide
1402 3170 1552 3216 Tusc.
1573 3170 1677 3227 111,

652 3272 751 3313 uo,
800 3254 896 3313 46,
941 3262 997 3299 ut
1040 3261 1170 3297 recte
1213 3248 1368 3297 Wolf.
1416 3247 1639 3296 distinxit
1657 3283 1672 3308 ‚

651 3331 846 3384 Aeadd.
873 3334 897 3378 1
913 3364 928 3389 ‚
959 3338 989 3387 4
1006 3364 1021 3387 ,
1054 3330 1111 3376 ι3
1130 3364 1146 3388 ,
1172 3340 1266 3377 etc.
1291 3326 1482 3376 Deinde
1505 3343 1675 3376 omues

651 3411 801 3461 codd.
844 3407 1001 3474 inquit
1041 3420 1153 3456 ante
1198 3409 1342 3456 theam
1387 3407 1640 3456 retrahunt
1658 3442 1675 3469 ,

650 3500 828 3556 preter
860 3487 998 3535 illum
1032 3487 1136 3535 Pal.
1171 3503 1216 3543 1,
1243 3489 1323 3534 cui
1343 3520 1358 3545 ‚
1387 3498 1442 3535 nt
1474 3487 1672 3547 solent,

650 3570 752 3618 Erl.
786 3578 833 3616 et
858 3566 985 3631 Spir.
1013 3564 1286 3613 accedunt:
1311 3564 1441 3613 unde
1467 3567 1537 3613 sic
1566 3566 1671 3628 pri·

648 3665 758 3697 mus
798 3648 1053 3694 Gruterus.
1097 3643 1249 3704 Cujus
1280 3644 1675 3707 transpositionis

650 3727 835 3791 duplex
853 3739 991 3771 causa
1010 3722 1214 3786 cogitari
1232 3732 1423 3785 potest:
1446 3722 1523 3769 vel
1539 3723 1671 3770 enim

648 3805 830 3855 scribas
856 3801 1054 3850 verbum
1078 3801 1207 3859 boc,
1236 3811 1334 3848 tam
1358 3801 1454 3848 alte
1481 3802 1672 3865 reposi-

649 3897 778 3941 tum,
800 3879 1104 3937 offendebat,
1124 3890 1182 3927 ut
1205 3879 1332 3927 infra
1359 3878 1390 3944 S
1419 3894 1481 3942 9,
1509 3891 1559 3927 et
1580 3895 1673 3927 sa·

645 3965 789 4029 pins:
814 3959 891 4007 vel
908 3959 1067 4023 ipsum
1085 3957 1355 4015 exciderat,
1369 3957 1505 4021 quod
1526 3959 1671 4007 toties

645 4062 709 4093 ex
726 4037 1020 4104 compendio
1039 4037 1190 4094 solet,
1213 4048 1358 4101 atque
1378 4039 1445 4085 ita
1463 4036 1524 4085 ad
1545 4037 1673 4086 arbi-

648 4125 795 4172 trium
813 4117 1078 4169 scribarum
1098 4116 1364 4181 repositum
1382 4127 1472 4165 est.

1761 1670 1963 1719 Davisio
1990 1682 2039 1718 ee
2064 1672 2364 1736 corrigente3
2401 1689 2551 1736 quum
2585 1674 2691 1723 baec
2724 1676 2789 1723 ad

1762 1764 1913 1796 unum
1966 1748 2235 1814 voluptatis
2298 1766 2447 1814 genus
2503 1753 2785 1803 referantur.

1761 1825 1904 1874 Adde
1925 1827 2062 1890 quod
2080 1829 2131 1875 in
2150 1829 2271 1894 ipsis
2289 1830 2486 1893 Epicuri
2508 1831 2664 1879 verbis
2683 1833 2788 1881 hec

1763 1904 1865 1952 duo
1896 1906 2281 1971 comprehensim
2313 1902 2403 1957 διὰ
2432 1913 2588 1973 χυλῶν
2614 1905 2790 1964 ἡδοναὶ

1763 1982 2009 2041 dicuntur,
2030 2001 2181 2050 eaque
2200 1988 2304 2049 ipsa
2323 2020 2339 2047 ,
2366 2004 2479 2052 quae
2493 2005 2664 2052 sapore
2675 2007 2789 2055 pcr-

1762 2060 2019 2125 cipiantur,
2062 2065 2113 2112 in
2149 2066 2297 2114 Tunc.
2339 2062 2500 2132 dispp.
2537 2067 2574 2117 l.
2607 2068 2645 2117 l.
2675 2084 2791 2117 ver·

1766 2150 1958 2191 tuntur.

1835 2236 1884 2287 7.
1930 2222 2172 2269 Obseoena
2207 2224 2478 2289 voluptate.
2520 2227 2605 2274 Est
2620 2262 2635 2282 ‚
2675 2244 2787 2291 quoe

1762 2298 1897 2348 dictu
1917 2302 2072 2364 turpis
2096 2312 2169 2349 est
2188 2316 2203 2360 3
2228 2318 2291 2349 ne
2309 2315 2453 2366 putes
2467 2305 2599 2352 hunc
2622 2306 2784 2354 locum

1761 2390 1930 2427 contra
1967 2381 2261 2427 verissimam
2288 2382 2659 2445 Wyttenbachii
2690 2385 2785 2433 ob·

1759 2460 2077 2506 servationem
2122 2458 2280 2505 valere
2299 2495 2314 2519 ,
2353 2459 2597 2508 obscoenus
2636 2463 2789 2526 magis

1762 2535 1823 2584 de
1863 2536 2148 2592 verborum,
2186 2552 2332 2599 qnam
2373 2554 2533 2587 rerum
2566 2542 2785 2605 turpitu-

1761 2613 1877 2663 dine
1915 2614 2031 2663 dici.
2075 2614 2153 2663 Cf.
2192 2613 2323 2664 Bibl.
2370 2617 2489 2666 Crit.
2528 2620 2584 2666 Ρ.
2631 2622 2783 2677 vm,

1759 2710 1812 2758 p.
1845 2693 1929 2756 76.
1958 2693 2019 2741 G.

1833 2773 1882 2820 8.
1911 2773 1990 2820 Ne
2007 2771 2274 2837 Intelligere
2292 2774 2486 2839 quidem
2499 2811 2512 2823 .
2535 2811 2546 2823 .
2570 2811 2582 2825 .
2610 2777 2787 2842 capia-

1762 2863 1854 2900 tur.
1879 2853 1999 2899 Haec
2026 2869 2087 2899 ex
2113 2851 2242 2901 libro
2270 2854 2468 2918 Epicuri
2490 2851 2600 2923 περὶ
2625 2852 2789 2912 raon<

1759 2947 1786 2978 a
1816 2932 1984 2994 graecis
2008 2932 2327 2997 scriptoribus
2352 2949 2480 3000 sepe
2506 2933 2785 2984 laudantur.

1760 3010 1876 3059 Vid.
1905 3012 2065 3060 Laert.
2095 3015 2144 3061 X
2161 3047 2177 3071 ,
2206 3015 2272 3061 6:
2300 3010 2480 3082 Οὐγὰρ
2507 3013 2663 3083 ἔγωγι
2688 3014 2784 3078 ἔχω

1759 3087 1807 3138 τί
1823 3087 1974 3143 νοήσω
1992 3089 2198 3161 τάγαθὸν
2214 3128 2228 3150 ,
2248 3090 2462 3160 ἀφαιρῶν
2479 3090 2563 3160 μὲν
2587 3089 2674 3152 τὰς
2695 3088 2787 3142 διὰ.

1758 3171 1911 3232 χυλῶν
1938 3163 2142 3229 ἡδονὰς,
2170 3168 2386 3239 ἀφαιρῶν
2413 3166 2579 3221 δὲκαὶ
2605 3168 2692 3230 τὰς
2716 3168 2785 3222 δι’

1761 3242 2051 3315 ἀφροδισίων
2068 3285 2083 3309 ,
2116 3247 2199 3299 καὶ
2232 3247 2319 3306 τὰς
2358 3243 2422 3299 δι’
2463 3249 2783 3319 ἀκροαμάτων

1759 3323 1842 3376 καὶ
1868 3321 1956 3384 τὰς
1984 3320 2070 3377 διὰ
2104 3332 2298 3397 μορφῆς.
2335 3329 2515 3378 Eadem
2544 3341 2617 3379 ter
2640 3331 2786 3378 refert

1759 3407 2027 3454 Athenaeus
2069 3409 2204 3466 vn,
2247 3424 2302 3472 p.
2353 3410 2486 3465 208,
2543 3411 2629 3472 qui
2673 3421 2787 3473 post

1760 3487 1940 3552 μορφῆς
1976 3482 2048 3533 ibi
2091 3485 2284 3549 plenius
2327 3485 2492 3543 addit,
2532 3491 2641 3536 κατ’
2685 3483 2786 3552 ὄψιν

1759 3556 1924 3618 ἡδείας
1942 3559 2153 3619 κινήσας.
2173 3564 2252 3614 cf.
2273 3564 2432 3613 eumd.
2450 3564 2572 3614 ibid.
2588 3583 2643 3630 p.
2662 3569 2787 3627 278,

1760 3655 1808 3692 et
1857 3647 1987 3703 ΧΠ,
2024 3660 2075 3710 p.
2127 3647 2256 3705 ⁵46,
2305 3647 2517 3709 itemque
2565 3648 2781 3712 Hesych.
2839 3694 2852 3711 ,

1761 3722 1946 3771 Illustr.
1963 3739 2016 3787 p.
2040 3739 2123 3786 ²9·
2144 3725 2319 3772 Cicero
2338 3725 2464 3788 ipse,
2491 3727 2576 3788 qni
2595 3742 2790 3773 eorum·

1761 3801 1870 3850 dem
1898 3804 2073 3867 saepius
2099 3804 2398 3851 mentionem
2426 3804 2566 3865 facit,
2593 3794 2785 3868 plenius
2853 3820 2857 3829 ·
2881 3804 2890 3809 ”
2913 3864 2920 3873 .

1759 3892 1806 3929 et
1848 3882 2119 3930 accuratius
2160 3883 2266 3945 ipsa
2309 3882 2454 3930 vertit
2490 3884 2636 3931 Tusc.
2674 3885 2784 3940 111,

1768 3961 1850 4018 18,
1880 3967 1965 4015 41.
1994 3962 2061 4009 G.
2891 3998 2896 4003 .

1831 4056 1884 4103 9.
1937 4039 2091 4102 Quasi
2124 4055 2248 4088 vero
2288 4056 2365 4088 mc
2398 4040 2601 4106 pudeat.
2657 4045 2784 4091 Vero
2881 4042 2892 4047 “

1757 4119 1923 4168 itidem
1951 4134 2013 4166 ex
2046 4118 2154 4167 solo
2190 4118 2290 4167 Pal.
2325 4132 2346 4168 ι
2377 4121 2677 4185 profectum,
2706 4122 2788 4170 iis·
