3217 4784
788 468 909 533 DE
956 466 1133 533 FIN.
1187 467 1401 534 BON.
1457 467 1570 533 ET
1621 466 1833 533 MAL.
1890 466 2008 545 lv,
2060 459 2204 531 ι5.’

2398 460 2538 546 485

417 588 766 688 principia
804 586 1236 658 dederimus.
1272 586 1393 655 Sin
1431 610 1512 655 ea
1550 609 1701 655 non
1749 584 2191 681 negligemus
2206 573 2261 671 ⁵,
2300 608 2541 681 neque

416 716 653 771 tamen
690 697 781 770 ad
816 695 1037 768 finem
1064 695 1328 767 summi
1363 694 1542 765 boni
1582 694 2012 781 referemus,
2041 720 2188 767 non
2228 696 2538 766 multum

416 810 508 881 ab
533 808 785 880 Herilli
812 808 1096 879 levitate
1123 801 1643 874 aberrabimus-³.
1662 807 1988 874 Duarum
2011 805 2207 875 enim
2235 807 2541 875 vitarum

415 918 628 990 nobis
661 931 874 989 erunt
899 918 1225 985 instituta
1248 911 1616 1009 capienda.
1649 913 1845 983 Facit
1874 914 2066 983 enim
2103 912 2224 985 ille
2260 914 2407 987 duo
2440 939 2546 985 se-

411 1029 663 1123 juncta
713 1025 960 1096 ultima
998 1022 1409 1093 bonorum:
1454 1047 1657 1119 quae,
1697 1036 1779 1091 ut
1828 1036 2066 1093 essent
2109 1048 2319 1112 vera,
2366 1048 2539 1094 con·
2619 1066 2628 1074 κ

414 1138 620 1232 jungi
654 1132 1088 1206 debuerunt.
1128 1136 1338 1202 Nunc
1386 1134 1520 1204 ista
1560 1144 2027 1230 separantur,
2072 1148 2155 1203 ut
2188 1133 2543 1229 disjuncta

421 1244 624 1317 sint⁶.
670 1248 839 1337 Quo
873 1242 1055 1314 nihil
1086 1255 1321 1341 potest
1350 1265 1502 1313 esse
1535 1243 1964 1339 perversius.
1998 1246 2252 1338 Itaque
2290 1258 2544 1314 contra
2580 1259 2639 1314 41
2689 1273 2693 1276 ⁴

422 1369 565 1440 est,
608 1379 690 1425 ae
724 1353 992 1442 dicitis3
1036 1379 1205 1424 nam
1248 1352 1592 1423 constitui
1634 1353 1859 1423 virtus
1902 1351 2106 1423 nullo
2150 1353 2371 1424 modo
2408 1378 2542 1451 po-

423 1479 595 1547 test,
623 1464 759 1537 nisi
794 1488 908 1551 ea,
948 1488 1107 1560 quae
1139 1466 1283 1534 sint
1313 1461 1544 1558 prima
1571 1476 1843 1531 naturae
1868 1472 1925 1547 7,
1956 1475 2036 1533 ut
2066 1461 2157 1532 ad
2191 1487 2542 1534 summam

424 1575 893 1673 pertinentia,
936 1570 1234 1644 tenebit.
1297 1573 1613 1659 Quaesita
1675 1574 1868 1642 euim
1919 1575 2147 1643 virtus
2210 1587 2350 1658 est,
2394 1598 2543 1643 non

424 1711 585 1780 quae
627 1684 1066 1781 relinqueret
1101 1694 1467 1767 naturam,
1503 1679 1631 1752 sed
1669 1705 1831 1778 quae
1875 1697 2216 1754 tueretur.
2257 1685 2350 1752 At
2387 1683 2540 1767 ina,

428 1809 511 1866 ut
554 1795 760 1865 vobis
795 1793 1058 1890 placet,
1099 1805 1373 1888 partem
1410 1788 1798 1886 quamdam
1837 1804 2081 1863 tuetur
2103 1845 2122 1878 ‚
2147 1786 2545 1888 reliquam⁸

429 1902 712 1975 deserit.

523 2017 758 2109 Atque
803 2013 956 2109 ipsa
1003 2010 1359 2081 institutio
1406 2007 1720 2080 hominis
1781 2012 1842 2081 si
1900 2010 2352 2106 loqueretur,
2398 2010 2549 2081 haec

428 2122 740 2194 diceret:
771 2121 1046 2191 Primos
1082 2144 1251 2191 suos
1281 2118 1486 2216 quasi
1510 2130 1837 2216 coeptus9
1873 2118 2262 2217 appetendi
2299 2118 2547 2205 fuisse,

431 2374 684 2422 accessisse
724 2384 896 2440 putare
922 2372 1093 2437 possis.
1134 2370 1230 2421 Sed
1260 2370 1448 2418 diversa

432 2452 662 2501 relatione
678 2487 692 2512 ,
732 2452 857 2501 vitia
883 2452 946 2499 ad
971 2467 1072 2499 rem
1089 2483 1106 2509 ‚
1142 2460 1353 2514 peecata
1384 2449 1449 2497 ad

433 2530 703 2594 hominem,
728 2531 988 2590 dicatum-3
1021 2541 1070 2578 et
1085 2531 1189 2595 pari
1208 2532 1316 2592 jure
1334 2531 1448 2591 jun-

434 2623 636 2674 guntur,
673 2627 772 2675 quo
823 2610 939 2659 alias
982 2608 1107 2657 vicia
1156 2622 1205 2656 et
1245 2624 1448 2657 errores.

433 2693 508 2739 De
532 2691 761 2738 Aristone
786 2690 898 2738 vide
924 2705 1070 2753 supra
1097 2690 1177 2746 11,
1220 2689 1279 2736 13
1305 2721 1320 2746 ‚
1358 2686 1452 2746 43,

435 2781 482 2816 et
519 2769 642 2821 infra
679 2768 709 2833 S
747 2770 809 2827 43
835 2803 851 2830 ,
894 2785 1031 2833 seqq.
1072 2768 1185 2817 coll.
1222 2769 1366 2831 Legg.
1397 2769 1449 2824 1,

442 2852 499 2903 13
522 2885 536 2909 ,
569 2851 652 2903 38.
683 2851 747 2903 G.

511 2930 557 2977 5.
584 2927 669 2977 Sin
693 2944 755 2977 ea
772 2943 868 2974 non
890 2926 1182 2991 negngmus
1214 2962 1226 2974 .
1249 2961 1263 2975 .
1285 2963 1298 2975 .
1330 2925 1453 2991 refie-

437 3021 614 3057 remus.
635 3008 705 3052 Ita
729 3016 856 3055 reete
878 3006 995 3055 Ern.
1020 3023 1083 3053 ex
1102 3006 1215 3054 edd.
1237 3017 1354 3055 vett.
1376 3022 1449 3052 re-

422 3087 643 3148 seremus
671 3094 782 3131 ante
804 3084 936 3131 huuc
956 3085 1058 3146 jam
1080 3084 1245 3132 Davis.
1268 3101 1329 3131 ex
1351 3087 1451 3133 suis

442 3162 655 3211 dederat.
690 3162 962 3224 Utrumque
1004 3162 1093 3209 sut.
1140 3173 1334 3210 servant
1379 3163 1452 3209 illi

440 3241 545 3288 hini
578 3242 734 3288 nostri
770 3256 880 3288 cum
921 3241 1050 3289 Crat.
1082 3240 1256 3304 reliqui
1285 3257 1454 3289 omnes

441 3320 492 3367 in
516 3321 781 3385 posteriore
802 3321 1132 3372 consentiunt.
1154 3321 1218 3368 G.

513 3401 564 3447 6.
603 3400 749 3448 Nunc
781 3397 876 3451 isca
908 3410 1230 3463 separantur,
1272 3409 1326 3446 ue
1358 3397 1459 3446 dis-

431 3481 607 3543 juncta
632 3478 745 3527 sine.
785 3478 885 3525 Vix
912 3478 1189 3527 dubitamus
1226 3477 1298 3525 ita
1335 3479 1457 3526 scri-

446 3557 661 3613 bendum
714 3572 842 3616 esse,
876 3567 933 3604 nt
976 3556 1103 3603 adeo
1148 3557 1305 3605 valeat
1330 3571 1345 3605 τ
1395 3557 1458 3606 de

446 3636 613 3684 harum
661 3645 822 3685 antem
878 3651 957 3682 vv.
1003 3637 1357 3699 permutatione
1406 3635 1461 3684 in

446 3716 618 3779 vulgus
644 3725 813 3762 notum
840 3724 931 3763 est.
957 3715 1039 3763 Cs-
1069 3716 1243 3764 Reuss.
1279 3716 1343 3763 ad
1361 3716 1460 3764 Off.

445 3796 519 3852 11,
552 3796 618 3856 6,
658 3810 704 3849 t.
737 3797 846 3848 ‚Iam
888 3792 959 3840 vis
992 3792 1089 3839 loci
1122 3793 1246 3852 erit,
1281 3810 1459 3842 -nunc

448 3884 697 3937 tantopere
724 3873 922 3919 differre
957 3871 1083 3918 inter
1111 3888 1161 3918 se
1189 3872 1420 3921 dicuntur
1443 3909 1458 3933 ,

450 3962 501 3998 ut
542 3952 591 3998 in
623 3950 878 4012 disjunctis
905 3951 1145 4013 (invicem
1184 3951 1462 4016 oppositis)

452 4040 694 4090 ponantur
720 4044 733 4078 :
765 4052 788 4071 ι·
812 4030 915 4079 vult
942 4031 1069 4078 enim
1101 4041 1270 4078 auctor
1289 4048 1343 4078 ea
1364 4032 1465 4079 dis-

444 4106 622 4170 juncta
652 4109 884 4172 intelligi,
909 4110 1069 4174 qualia
1100 4110 1152 4156 in
1177 4110 1369 4173 Logicis
1396 4109 1468 4157 di-

455 4198 656 4241 cunture
676 4187 752 4235 Cf.
777 4187 966 4238 Aeadd.
993 4191 1067 4250 11,
1097 4190 1162 4237 30
1179 4223 1195 4247 ,
1235 4204 1318 4253 97.
1338 4193 1401 4240 G.

1612 2388 1658 2431 7.
1710 2372 1830 2433 Qua·
1865 2369 1964 2417 sint
2005 2370 2176 2434 prima
2218 2382 2427 2418 παίειν-α’.
2471 2373 2552 2421 stc

1534 2454 1688 2500 nostri
1706 2468 1928 2516 qnoque,
1947 2452 2039 2499 nisi
2057 2451 2194 2516 qnod
2217 2453 2314 2500 Erl.
2347 2468 2402 2501 se
2439 2470 2552 2517 pec-

1535 2542 1630 2579 cat.
1649 2531 1771 2579 Inde
1788 2530 1910 2579 nihil
1934 2534 2224 2580 mutavimus
2244 2546 2257 2579 :
2291 2547 2394 2579 non
2418 2534 2552 2595 qnod

1537 2611 1653 2659 Em.
1681 2610 1779 2659 sinc
1822 2612 1875 2657 in
1922 2612 2109 2660 veriore
2140 2612 2190 2660 h.
2234 2611 2271 2659 l.
2315 2610 2556 2661 latinitate

1539 2691 1710 2752 ponit;
1729 2691 1780 2737 in
1797 2689 1896 2739 hoc
1915 2690 2042 2738 enim
2061 2691 2250 2755 egregie
2269 2701 2413 2739 errat.
2425 2692 2559 2739 Con-

1540 2768 1687 2818 textis
1698 2781 1825 2828 sune,
1838 2770 1929 2819 bac
1949 2773 2001 2818 in
2013 2771 2359 2831 asservatione,
2370 2786 2559 2819 accom-

1538 2847 1783 2896 modatius
1810 2860 1928 2897 erat.
1957 2852 2022 2900 G.

1615 2929 1664 2976 8.
1689 2928 1962 2992 Reliquam.
1979 2929 2055 2976 Ne
2074 2938 2268 2990 partem
2299 2927 2463 2976 denuo
2487 2929 2561 2973 in-

1537 3005 1725 3069 telligas
1743 3042 1759 3065 ‚
1811 3018 2041 3054 naturam
2099 3005 2336 3068 cogitabis
2378 3018 2393 3050 .-
2445 3005 2560 3051 alias

1538 3084 1726 3150 reliqua
1750 3085 2062 3133 scribendum
2088 3085 2232 3132 foret.
2257 3085 2321 3132 G.

1611 3179 1661 3227 9.
1688 3165 1891 3226 Coepcm.
1917 3165 2051 3212 Goer.
2087 3162 2256 3209 scribit
2292 3173 2561 3227 conceptus.

1541 3244 1615 3288 lta
1629 3274 1645 3301 ,
1661 3240 1846 3304 inquit,
1866 3257 1959 3305 pro
1984 3239 2181 3304 vulgato
2201 3252 2379 3304 coepeus
2397 3278 2413 3303 ,
2429 3243 2563 3305 quod

1543 3331 1750 3384 receptae
1773 3321 1910 3368 vocis
1945 3319 2289 3383 compendium
2321 3322 2566 3384 peperisse

1542 3398 1736 3445 videtur
1753 3432 1768 3456 ,
1794 3416 1858 3447 ex
1881 3410 2093 3463 quatuor
2112 3398 2290 3446 nostris
2309 3411 2358 3447 et
2374 3400 2564 3459 Marso,

1545 3478 1671 3525 Veu.
1706 3486 1866 3542 1494,
1901 3479 2034 3527 Crat.
2062 3477 2301 3527 dedimus.
2333 3478 2568 3526 Estenim

1546 3556 1643 3604 hoc
1670 3557 1914 3606 selectius.
1953 3558 2145 3606 Auctor
2183 3572 2302 3606 vcro
2337 3579 2364 3599 α
2391 3558 2570 3606 intelli-

1512 3695 1519 3703 ‘
1550 3637 1761 3699 gentias,
1796 3635 2114 3702 cupiditates,
2147 3635 2351 3700 flagitia,
2379 3636 2572 3685 fundes

1552 3706 1810 3779 concipere
1837 3733 1850 3763 ε
1879 3736 1901 3758 a
1931 3715 2104 3779 quidni
2141 3715 2286 3762 etiam
2320 3727 2573 3779 conceptus

1549 3792 1852 3858 appetendi?
1892 3795 1927 3843 i.
1974 3811 2017 3842 e.
2063 3793 2149 3841 ubi
2202 3795 2467 3858 appetendi
2504 3797 2575 3842 vis

1550 3874 1758 3935 primum
1816 3873 2000 3921 moveri
2066 3873 2230 3937 coepit.
2293 3875 2366 3920 Ex
2438 3875 2579 3936 quasi

1553 3961 1712 4000 antem
1735 3987 1750 4011 ,
1783 3951 2038 4016 mitigandi
2081 3951 2349 4015 particula,
2390 3963 2573 3999 certum

1556 4041 1888 4093 argumentum
1935 4030 2113 4079 deduci
2147 4030 2334 4078 nullum
2376 4041 2535 4093 potest
2563 4068 2578 4091 ‚

1556 4123 1707 4169 quum
1734 4126 1789 4156 ea
1812 4108 1877 4156 ob
1903 4111 2155 4173 utriusque
2182 4107 2471 4157 substantivi
2503 4110 2579 4157 in-

1563 4189 1818 4239 solentiam
1851 4188 2012 4254 posite
2046 4188 2142 4238 dici
2173 4187 2341 4253 possit.
2365 4213 2434 4225 -—-
2456 4188 2583 4253 Quas
