3217 4784
838 425 961 491 DF.
1008 424 1184 493 ΠΝ.
1234 425 1441 492 ΒΟΝ.
1494 425 1608 491 ΕΤ
1656 425 1875 491 MAI..
1928 425 2029 509 11,
2075 421 2189 492 32.

2443 421 2579 515 295

454 544 638 615 bene
695 544 789 616 ab
843 572 932 618 eo
977 546 1337 633 consulta,
1380 562 1601 643 atque
1652 544 1838 617 facta
1866 599 1886 633 ‚
1935 546 2160 643 ipsius
2214 542 2580 616 oblivione

453 653 958 729 obruentur14.
995 655 1135 729 Sed
1170 654 1377 728 vobis
1420 657 1876 754 voluptatum
1921 668 2425 753 perceptarum
2464 679 2578 725 re·
2615 678 2710 725 106

452 767 778 839 cordatio
820 768 1038 838 vitam
1075 766 1361 838 beatam
1398 764 1598 854 facit,
1630 779 1704 836 ct
1733 763 2033 861 quidem
2064 786 2368 862 corpore
2414 787 2580 863 per-

452 893 854 974 ceptarum.
887 880 1069 947 Nam
1106 877 1165 947 si
1199 900 1360 973 quae
1401 889 1574 946 sunt
1614 873 1805 961 aliae,
1849 872 2106 945 falsum
2151 889 2299 960 est,
2327 898 2581 944 omnes

452 988 673 1057 animi
715 986 1122 1083 voluptates
1174 1011 1326 1058 esse
1365 1012 1405 1058 e
1455 988 1784 1083 corporis
1829 987 2189 1056 societate.
2240 988 2582 1082 Corporis

453 1111 692 1168 autem
754 1097 1085 1194 voluptas
1140 1097 1197 1168 si
1259 1099 1473 1168 etiam
1528 1098 1889 1194 praeterita
1951 1093 2261 1165 delectat
2285 1087 2383 1181 ¹⁵,
2431 1119 2577 1163 non

454 1205 776 1304 intelligo
795 1262 814 1290 ‚
846 1230 978 1277 cur
1015 1208 1434 1280 Aristoteles
1467 1204 1929 1305 Sardanapali
1957 1210 2394 1302 epigramma
2426 1220 2582 1276 tan·

452 1331 703 1414 topere
743 1316 1110 1389 derideat:
1158 1321 1235 1389 in
1270 1344 1421 1417 quo
1453 1318 1573 1389 ille
1621 1343 1748 1389 rex
1786 1310 2171 1413 Assyriae¹6
2213 1315 2584 1411 glorietur,

352 1462 364 1472 ·
451 1453 526 1499 se
550 1451 801 1500 omnes
823 1454 1069 1502 secum
1092 1430 1479 1502 libidinum
1507 1427 1918 1526 voluptates
1937 1423 2333 1496 abstulisse.
2363 1425 2582 1515 Quod

451 1539 641 1609 euim
679 1564 770 1610 ne
796 1542 1001 1613 vivus
1037 1541 1360 1638 quidem,
1395 1541 1742 1637 inquit¹⁷‚
1776 1536 2047 1607 diutius
2079 1537 2345 1607 sentire
2376 1551 2580 1632 pote-

449 1663 597 1733 rat,
626 1674 843 1746 quam
885 1648 1061 1720 dum
1097 1649 1514 1734 fruebatur3

1558 1671 1709 1745 quo
1738 1644 1962 1716 modo
2002 1644 2074 1714 id
2107 1646 2348 1742 potuit
2386 1670 2578 1714 mor-

451 1773 580 1829 tuo
635 1760 1105 1857 permanere?
1158 1759 1344 1830 Fluit
1404 1760 1623 1856 igitur
1676 1756 2010 1853 voluptas
2073 1757 2402 1852 corporis
2433 1807 2452 1839 ‚
2511 1770 2580 1823 et

454 1870 682 1964 prima
731 1894 1039 1968 quaeque
1089 1862 1427 1960 avolat18,
1476 1871 1880 1967 saepiusque
1935 1865 2282 1962 relinquit
2336 1889 2582 1935 causas

450 2059 622 2106 neque.
644 2046 928 2103 Paruimus,
950 2046 1140 2110 inquit,
1165 2047 1347 2097 nostris
1366 2063 1469 2095 om-

453 2122 622 2179 nibus,
649 2122 795 2170 vien.
825 2125 1022 2185 Marso,
1049 2125 1180 2173 Crat.
1207 2126 1321 2176 edd.
1348 2138 1470 2177 vett.

450 2199 584 2259 aliis3
608 2201 760 2263 vulgo
783 2201 912 2248 enim
935 2218 1029 2250 nec
1048 2203 1230 2253 editur.
1258 2204 1354 2253 Sed
1377 2206 1470 2254 du·

450 2280 568 2327 dum
595 2280 760 2327 Davis-
787 2282 858 2329 sic
888 2282 1033 2331 tacite
1059 2282 1305 2341 ediderat,
1337 2285 1471 2333 haud

450 2358 598 2407 dubie
628 2359 747 2407 item
786 2376 847 2408 ex
873 2362 987 2409 suis.
1024 2364 1283 2411 Innumern
1308 2375 1470 2412 autem

449 2453 590 2503 pone
606 2438 713 2486 loc·
730 2441 930 2489 excitari
946 2442 1061 2490 licet
1075 2477 1090 2501 ,
1108 2443 1287 2506 quibus
1299 2455 1472 2492 auctor

450 2534 568 2566 nec.
585 2555 600 2567 .
622 2554 633 2564 .
669 2534 860 2583 neque,
889 2531 939 2568 et
963 2523 1071 2569 vice
1106 2539 1273 2586 versa,
1306 2524 1467 2587 pouit.

450 2598 651 2646 Exitum
675 2598 736 2645 de
763 2599 941 2663 quovis
968 2600 1038 2648 rei
1061 2601 1239 2650 effectu
1274 2613 1321 2650 et
1358 2584 1469 2667 [κει-ὲ

451 2679 659 2726 sectione
701 2677 799 2726 dici
815 2715 831 2741 ,
869 2691 1040 2728 uotum
1077 2697 1178 2729 esse
1217 2681 1358 2731 debet
1406 2683 1469 2731 ad

449 2757 732 2807 Ciceronem
756 2758 850 2807 rite
874 2760 1235 2810 accedentibus.

525 2846 607 2894 14.
640 2837 931 2885 Obrucntur.
964 2841 1076 2887 Hoc
1109 2837 1305 2889 firmant
1339 2841 1469 2905 Spir.

410 2905 427 2930 ⁹
454 2915 552 2963 Erl.
590 2914 726 2963 Gud.
761 2929 806 2973 ι,
833 2916 892 2964 Ε.
923 2926 973 2964 et
1021 2913 1060 2973 ξ.
1103 2935 1130 2966 a
1171 2920 1339 2970 Lamb.
1375 2937 1470 2986 pro

448 2995 791 3052 obruerentur,
818 2996 955 3058 quod
975 3007 1101 3045 stare
1133 3000 1331 3062 nequit,
1362 3016 1472 3047 cor-

452 3085 663 3133 rectum,
691 3084 742 3121 et
766 3090 793 3121 a
821 3075 987 3125 navis.
1014 3075 1068 3124 in
1098 3075 1228 3124 binis
1262 3080 1363 3127 suis
1394 3096 1471 3128 re·

450 3163 658 3216 pertum-
687 3155 751 3201 G.

528 3232 612 3279 15.
658 3231 714 3279 si
755 3231 901 3280 etiam
941 3233 1199 3296 proeeeriea
1241 3233 1468 3284 delectae.

451 3310 575 3358 Cum
598 3311 754 3359 tribus
775 3311 955 3360 nostris
976 3311 1097 3361 editi
1116 3323 1235 3362 vett.
1252 3315 1474 3378 plerique

451 3388 601 3437 ceiam
625 3389 684 3439 si.
712 3395 859 3439 Forte
881 3390 997 3439 olim
1020 3392 1254 3457 scriptum
1275 3404 1404 3456 erat,
1429 3391 1476 3440 si

444 3468 694 3533 prater-ita
738 3468 906 3517 etiam.
957 3472 1036 3519 Sic
1077 3471 1331 3535 praeten'ea
1375 3474 1475 3521 vim

450 3549 697 3598 contextis
718 3559 880 3613 aptam
901 3549 1110 3614 accipin
1134 3561 1280 3615 atque
1299 3550 1473 3612 etiam,

451 3630 491 3677 si
516 3629 645 3678 adeo
669 3640 873 3686 notans,
903 3627 1048 3676 altius
1084 3631 1367 3694 reponitur,
1389 3647 1478 3697 per

450 3709 632 3756 scribes
661 3723 790 3771 saepe
811 3707 976 3756 locum
1002 3724 1143 3756 suum
1171 3721 1358 3759 mutare
1385 3727 1475 3759 co·

450 3791 595 3851 gitur.
634 3789 712 3837 Cf.
751 3788 908 3851 Liger.
950 3802 979 3834 2
1001 3822 1017 3848 ,
1054 3795 1085 3844 4
1124 3802 1138 3837 t
1177 3810 1203 3832 α
1238 3791 1478 3854 profectio

452 3869 750 3915 voluntatem
792 3867 962 3915 habuit
998 3882 1099 3916 non
1143 3880 1365 3935 turpem,
1405 3887 1481 3919 re-

449 3949 636 3994 mansio
657 3948 803 3995 etiam
822 3947 1150 3997 necessitatem
1173 3949 1479 3998 honestam».

454 4025 655 4088 Repone
669 4042 783 4074 cum
802 4026 931 4075 binis
950 4029 1130 4077 nostris
1145 4028 1479 4078 necessitatem

454 4100 604 4150 ceiam
633 4102 683 4151 h.
702 4106 770 4154 G.

530 4182 613 4231 ιθ.
644 4181 737 4231 1110
773 4200 867 4234 rea:
898 4186 1136 4257 Assyria.
1168 4189 1302 4239 Goer.
1333 4189 1480 4239 scrib.

1556 2046 1641 2095 ille
1662 2061 1753 2093 rea:
1773 2043 1942 2106 Syrioe.
1967 2045 2038 2090 lt·
2054 2076 2070 2101 ,
2093 2041 2279 2105 inquit,
2306 2041 2459 2088 nostri
2480 2058 2584 2088 om·

1555 2142 1667 2183 nes,
1697 2125 1877 2188 aliique
1899 2122 2105 2171 aliorum
2120 2155 2136 2180 ,
2161 2121 2380 2184 editique
2399 2132 2583 2169 veteres

1555 2206 1774 2270 plerique
1796 2219 1810 2253 τ
1842 2219 1941 2251 non
1965 2201 2200 2263 Assyriae,
2228 2201 2364 2265 quod
2391 2200 2580 2265 vulgata

1555 2285 1716 2331 refert.
1731 2282 1916 2331 Eodem
1935 2283 2086 2330 modo
2099 2291 2229 2329 recte
2246 2280 2423 2345 legitur
2435 2282 2581 2328 Tusc.

1557 2365 1635 2422 V,
1667 2363 1768 2419 35,
1801 2376 1891 2409 101
1924 2375 1938 2408 :
1966 2382 1988 2404 ι
2010 2360 2349 2425 Sardanapali,
2376 2360 2580 2424 opulen-

1557 2442 1729 2490 tissimi
1745 2441 1901 2505 Syrie
1921 2441 2080 2502 regis»
2094 2474 2109 2499 ,
2130 2440 2356 2487 Ernestio
2375 2437 2585 2501 Assyria·

1556 2537 1620 2568 ex
1646 2519 1852 2568 Cot-radi
1877 2518 2179 2567 correctione
2202 2529 2495 2582 reponente,
2521 2520 2583 2567 li·

1557 2611 1635 2648 cet
1671 2595 1744 2647 ibi
1780 2599 1948 2646 Davis.
1982 2613 2161 2661 vagum
2194 2597 2366 2645 barum
2406 2612 2584 2644 vocum

1555 2679 1690 2744 apud
1715 2689 1832 2727 vett.
1853 2688 2073 2726 auctores
2092 2694 2232 2725 usum
2256 2677 2450 2725 abunde
2469 2694 2583 2742 pro-

1555 2758 1731 2807 basset.
1772 2758 1853 2806 Ad
1888 2774 2034 2821 quem
2076 2757 2240 2805 locum
2267 2757 2400 2805 hunc
2441 2757 2552 2805 vide
2572 2793 2584 2816 ,

1555 2839 1643 2903 qui
1680 2838 1756 2887 vel
1799 2824 1904 2904 ipse
1930 2837 1993 2885 nd
2027 2837 2126 2885 hoc
2158 2836 2436 2885 Aristotelis
2477 2838 2585 2900 epi-

1556 2934 1765 2984 gramma
1781 2918 2115 2965 commentarii
2133 2918 2285 2964 instar
2305 2917 2397 2963 erit
2415 2930 2429 2963 :
2451 2916 2585 2977 qnod

1556 3001 1716 3065 ipsum
1754 3016 1819 3047 ex
1848 2997 2104 3060 deperdito
2136 2994 2419 3043 Aristotelis
2459 2994 2587 3039 libro

1557 3090 1658 3138 est3
1677 3080 1764 3126 sed
1781 3092 1932 3140 quum
1949 3074 2011 3122 ab
2029 3073 2153 3131 aliis,
2182 3082 2284 3118 tum
2304 3071 2508 3118 maxime
2526 3071 2587 3117 ab

1558 3159 1799 3207 Athenaeo
1833 3154 2070 3216 Deipnos.
2114 3153 2270 3209 VIII,
2306 3164 2417 3214 pag.
2455 3151 2590 3216 336,

1557 3237 1714 3301 Lugd.
1739 3230 1982 3283 laudatur.
2012 3235 2078 3281 G.

1637 3331 1716 3375 17.
1755 3313 1960 3377 Inquit,
2001 3311 2175 3374 supple
2200 3310 2507 3370 Aristoteles,
2537 3313 2587 3358 in

1559 3394 1649 3441 illo
1675 3393 1790 3442 loco
1815 3409 1916 3457 quo
1950 3391 2266 3456 Sardanapali
2292 3391 2585 3455 epigramma

1563 3473 1768 3521 deridet.

1639 3554 1720 3600 18.
1743 3553 1809 3599 Ee
1824 3550 1987 3617 prima
2010 3566 2218 3616 quaeque
2245 3550 2426 3599 avolat.
2454 3552 2590 3599 Goer.

1562 3631 1708 3680 scrib.
1737 3647 1915 3696 prona.
1940 3634 2041 3689 Ita,
2064 3631 2255 3694 inquit,
2285 3641 2381 3679 tres
2407 3631 2591 3689 nostri,

1562 3711 1822 3776 pluresque
1845 3711 2079 3772 aliorum,
2104 3708 2322 3773 editique
2344 3720 2463 3756 vett.
2487 3710 2592 3773 ple·

1564 3793 1705 3857 rique
1730 3806 1927 3841 omnes:
1951 3791 2102 3854 vulgo
2113 3789 2282 3854 pritna
2306 3790 2482 3839 editur.
2502 3792 2594 3837 Da-

1564 3875 1661 3921 vis.
1690 3888 1779 3919 nec
1791 3869 1958 3935 prima
1973 3905 1988 3929 ,
2016 3886 2110 3917 nec
2134 3869 2231 3916 hoc
2255 3885 2283 3916 a
2305 3868 2448 3916 nobis
2471 3885 2596 3915 rece-

1566 3963 1707 4018 ptum
1732 3967 2075 4014 concoquens,
2096 3965 2247 4013 quum
2269 3949 2478 4012 scriptos
2501 3947 2596 3994 edi·

1569 4044 1742 4094 tosque
1760 4030 1923 4094 plures
1938 4028 2018 4078 his
2041 4028 2211 4089 verba,
2234 4050 2258 4070 e«
2271 4039 2324 4076 ut
2344 4027 2532 4075 aiebant
2545 4049 2569 4067 a
2581 4060 2596 4085 ,

1571 4111 1750 4159 addere
1793 4109 1983 4158 videret
1997 4145 2016 4168 ‚
2058 4132 2084 4153 α
2108 4119 2158 4157 et
2195 4123 2349 4173 prona
2399 4104 2597 4170 quidem

1570 4206 1697 4256 equa
1710 4224 1726 4250 ‚
1747 4199 1804 4239 ut
1825 4190 1991 4253 aiunt5
2012 4189 2313 4254 saepiusque,
2333 4195 2427 4234 etc.
2441 4207 2465 4226 ι·
2485 4199 2602 4232 cou-
