3217 4784
1072 372 1850 443 ΑΒῦυΜΕΝΤΠΜ.
2399 376 2521 463 5ω

483 492 807 551 comitatem
830 535 847 564 ‚
889 507 947 552 et
974 493 1147 571 hujus
1178 495 1404 572 generis
1435 495 1543 552 alia
1567 538 1584 567 ,
1618 497 1697 552 ita
1723 496 1960 574 propria
1991 515 2138 567 esse,
2184 510 2248 554 ut
2277 499 2391 556 sint
2428 502 2561 557 vir-·

484 603 667 648 tutum
692 591 1045 667 reliquarum
1070 593 1416 650 communia.
1442 592 1537 651 Sic
1559 592 1715 663 lieri,
1739 605 1803 650 ut
1825 592 1921 650 illa
1950 592 2282 669 conjunctio
2304 615 2539 673 quoqne

482 708 586 764 per
614 707 737 745 sese
777 689 851 745 sit
877 688 1227 767 expetenda3
1260 690 1393 746 licet
1436 709 1543 745 nec
1583 688 1661 745 sit
1704 689 1763 745 in
1809 690 1925 747 fine
1965 687 2286 761 bonorum,
2331 712 2436 750 nec
2480 696 2535 751 in

480 786 674 843 animo
702 806 1023 863 corpor-eve
1050 786 1272 864 posita,
1306 792 1336 857 S
1366 785 1577 856 65-67.
1602 789 1737 843 Duo
1760 786 1940 864 igitur
1962 808 2172 865 genera
2200 809 2324 847 esse
2349 810 2456 867 per
2479 812 2539 848 se

482 880 975 958 expetendorum:
1022 881 1289 939 nnumin
1325 899 1444 964 quo
1484 882 1559 937 sit
1591 880 1724 939 finis
1753 882 1884 953 ille3
1921 903 2051 959 qnae
2092 884 2206 942 sint
2235 898 2336 944 aut
2363 887 2542 944 animi

480 991 581 1035 aut
628 977 894 1055 corporis
931 999 944 1033 :
1001 978 1248 1035 alterum
1304 996 1501 1035 rerum
1561 977 1923 1036 extrinsecus
1969 981 2323 1057 positarum,
2383 1003 2539 1060 quae,

480 1074 739 1151 quamvis
773 1091 998 1132 summo
1036 1071 1194 1131 bono
1230 1093 1350 1131 non
1380 1073 1809 1147 contineantur,
1849 1087 2040 1134 tamen
2084 1077 2157 1135 ad
2196 1078 2347 1136 idem
2383 1082 2534 1136 rese-

480 1182 704 1238 rantur,
730 1189 912 1246 quum
946 1190 1042 1227 eas
1071 1168 1161 1227 his
1190 1170 1396 1229 officiis
1423 1183 1716 1242 tucamur,
1752 1190 1884 1248 quae
1910 1191 1943 1229 a
1974 1191 2082 1230 suo
2114 1173 2394 1252 cujusque
2427 1177 2542 1234 vir-

484 1267 620 1324 tutis
650 1286 859 1344 genere
893 1267 1418 1349 proficiscantur-,5
1444 1267 1643 1339 68-72.
1678 1269 1844 1325 Hanc
1871 1286 1994 1326 esse
2021 1270 2418 1347 Peripateticae
2456 1292 2540 1330 ra·

484 1364 655 1422 tionis
695 1383 1004 1431 summam,
1035 1385 1107 1422 ex
1147 1384 1262 1443 qua
1305 1365 1481 1423 ceteri
1526 1383 1730 1422 omnes
1769 1365 2108 1442 particulam
2151 1366 2540 1441 detraxerint,

480 1481 661 1538 quum
731 1481 894 1520 suam
965 1461 1212 1539 quisque
1279 1461 1618 1520 sententiam
1688 1461 1899 1520 afferre
1968 1461 2156 1520 videri
2227 1465 2539 1534 voluisset,

481 1565 512 1630 S
546 1567 746 1631 ’γα-74-

558 1656 806 1732 Reliqua
835 1654 1155 1733 disputatio
1182 1654 1442 1712 continet
1467 1674 1567 1726 ea,
1609 1674 1741 1732 quae
1774 1654 1982 1713 Cicero
2024 1675 2202 1732 quum
2243 1656 2540 1734 Peripate-

482 1752 645 1822 ticae,
689 1763 811 1808 tum
864 1750 1111 1808 maxime
1154 1750 1558 1809 Antiochianae
1603 1750 1904 1808 sententiae
1952 1749 2194 1829 objicit,
2247 1764 2540 1830 tamquam

483 1867 689 1923 parum
725 1845 835 1905 sibi
865 1860 1134 1905 constent
1163 1870 1177 1904 ε
1214 1846 1289 1904 ad
1328 1867 1460 1924 quae
1496 1846 1770 1905 diluenda
1797 1847 1931 1907 Piso
1959 1849 2287 1927 respondet.
2325 1848 2543 1926 Objicit

483 1944 579 2000 ille
604 1957 797 2003 autem
817 1986 836 2017 ‚
864 1944 1036 2002 nimis
1063 1945 1401 2002 festinanter
1427 1944 1677 2018 dictum,
1711 1944 1912 2003 beatos
1938 1966 2162 2024 semper
2189 1967 2389 2005 omnes
2417 1969 2541 2007 esse

483 2041 768 2118 sapientes
794 2063 808 2096 z
841 2040 956 2099 hoc
985 2060 1244 2118 pugnare
1272 2040 1423 2101 enim
1450 2042 1824 2100 vehementer
1848 2063 2039 2102 secum
2063 2088 2079 2115 ,
2121 2042 2356 2102 beatum
2384 2065 2540 2117 esse,

481 2151 539 2195 et
565 2139 733 2197 simul
758 2139 955 2196 multis
978 2139 1142 2197 malis
1170 2157 1539 2217 oppressum,
1577 2141 1614 2216 §
1650 2139 1844 2211 75-81.
1876 2140 2099 2199 Deinde
2127 2141 2279 2200 inter
2304 2140 2540 2206 beatum

477 2247 535 2291 et
563 2233 954 2292 beatissimum
984 2255 1166 2312 prave
1194 2234 1469 2315 distingui
1493 2258 1505 2291 :
1548 2234 1785 2294 minime
1809 2236 1961 2295 enim
1995 2238 2364 2315 probandum
2392 2259 2539 2311 esse,

483 2330 530 2387 si
557 2329 811 2403 dicatur,
840 2350 963 2389 esse
986 2332 1238 2407 aliquem
1262 2329 1497 2389 beatum
1514 2374 1531 2402 ,
1569 2350 1677 2388 nec
1704 2344 1893 2390 tamen
1918 2333 2054 2390 satis
2077 2332 2339 2406 beatum,
2360 2355 2544 2412 quum

484 2444 655 2484 nemo
686 2427 757 2483 sit
788 2424 962 2485 beato
993 2425 1239 2497 beatior,
1276 2432 1306 2497 S
1335 2427 1432 2494 81,
1474 2428 1566 2483 82.
1613 2431 1733 2485 Nec
1776 2439 1932 2484 recte
1974 2427 2083 2485 tria
2119 2426 2408 2487 bonorum
2437 2450 2541 2507 ge-

486 2543 625 2580 nera
656 2522 867 2592 statui,
908 2542 1088 2599 quum
1137 2522 1348 2580 rectius
1394 2523 1452 2579 in
1503 2522 1625 2579 sola
1662 2521 1876 2580 virtute
1913 2523 2082 2581 beata
2125 2524 2245 2581 vita
2283 2524 2540 2598 dicatur,

483 2626 515 2691 5
562 2620 770 2678 83-86.
830 2622 1073 2698 Reliqua
1117 2620 1190 2680 ad
1238 2621 1408 2678 finem
1455 2640 1638 2699 usque
1679 2622 1738 2678 in
1786 2620 1877 2679 his
1922 2640 1956 2679 a
2000 2622 2207 2680 Pisone
2253 2622 2540 2683 diluendis

485 2732 917 2778 consumuntur.
