3217 4784
697 346 792 435 46
1372 349 1466 416 Μ.
1519 349 1595 414 Τ.
1651 346 2134 416 CICERONIS

698 467 1084 566 aliquando
1148 469 1496 550 otiosum,
1556 480 1751 537 certe
1811 464 2128 550 audiam,
2187 464 2362 561 quid
2427 469 2556 552 sit,
2611 467 2808 564 quod

697 581 1087 676 Epicurum
1134 588 1502 659 nostrum,
1556 600 1709 646 non
1761 588 1844 646 tu
1889 573 2181 672 quidem
2239 573 2508 664 oderis,
2546 589 2627 645 ut
2667 575 2812 646 fere

698 687 1004 774 faciunt,
1036 686 1165 783 qui
1197 682 1290 756 ab
1322 708 1411 755 eo
1437 684 1902 773 dissentiunt,
1942 683 2069 755 sed
2098 698 2290 755 certe
2329 709 2481 756 non
2512 683 2812 784 probes;

698 821 907 883 eum,
941 818 1159 893 quem
1198 818 1333 893 ego
1369 792 1680 873 arbitror
1716 818 1945 865 uuum
1979 793 2234 865 vidisse
2272 819 2560 882 verum,
2591 796 2811 865 maxi·

696 908 978 1002 misque
1020 896 1385 976 erroribus
1442 905 1720 975 animos
1765 903 2145 974 hominum
2196 903 2607 975 liberavisse
2627 902 2686 991 4,
2740 916 2814 975 et

697 1018 942 1088 omnia
971 1013 1377 1099 tradidisse,
1420 1038 1582 1110 quae
1617 1015 2061 1112 pertinerent
2101 1014 2190 1085 ad
2227 1011 2419 1086 bene
2453 1013 2814 1110 beateque

695 1122 1082 1196 vivendum
1113 1149 1131 1193 :
1173 1120 1298 1193 sed
1334 1127 1665 1203 existimo
1703 1137 1809 1209 te,
1854 1124 2038 1194 sicut
2072 1138 2401 1195 nostrum
2437 1123 2815 1209 Triarium,

697 1240 941 1311 miuus
974 1263 1063 1309 eo
1106 1237 1445 1310 delectari
1461 1233 1516 1322 ⁵,
1564 1237 1765 1335 quod
1806 1242 1940 1309 ista
1973 1239 2288 1310 Platonis
2312 1237 2815 1325 ,.Aristotelis,

697 1347 1177 1446 Theophrasti
1231 1347 1579 1418 orationis
1625 1362 2048 1419 ornamenta
2110 1345 2570 1446 neglexeritfl.
2632 1351 2816 1421 Nam

696 1457 867 1528 illuc
895 1456 1187 1555 quidem
1226 1456 1487 1529 adduci
1516 1459 1635 1527 vix
1660 1481 1953 1555 possum
1973 1468 2026 1546 ⁷,
2061 1473 2145 1529 ut
2168 1482 2286 1545 ea,
2314 1482 2476 1555 quae
2514 1458 2817 1529 senserit

696 1566 854 1655 ille,
884 1564 1016 1645 tihi
1055 1590 1206 1637 non
1243 1591 1412 1638 vera
1446 1565 1852 1639 videantur.

767 1717 817 1766 4.
860 1708 1185 1774 Maxim‘sque
1209 1708 1471 1758 erroribus.
1492 1745 1507 1758 .
1528 1744 1542 1758 .
1593 1709 1717 1759 libe·
1803 1736 1918 1768 men
1936 1719 2196 1784 scriptores
2212 1753 2227 1775 ,
2264 1735 2416 1783 quum
2441 1734 2609 1767 eorum
2638 1718 2816 1784 scripu

696 1786 891 1836 rasisse.
921 1789 999 1837 Ex
1032 1791 1146 1838 Bas.
1189 1788 1364 1836 omissa
1405 1805 1501 1853 que
1534 1791 1717 1856 (quam

695 1868 839 1916 etism
872 1866 1009 1916 Gud.
1038 1883 1059 1914 1
1096 1866 1355 1931 ignorat),
1393 1877 1441 1914 et
1463 1868 1718 1916 terroribus

696 1955 945 2004 enotatur,
973 1944 1106 2009 quod
1129 1945 1290 2009 primo
1308 1960 1410 1992 esse
1444 1945 1631 2009 aliquid
1649 1947 1720 1994 vi·

696 2025 886 2083 dentur,
913 2040 1067 2089 quum
1099 2023 1329 2086 Epicurei
1354 2039 1419 2072 ex
1435 2039 1495 2071 eo
1512 2027 1720 2074 maxims

695 2104 982 2168 magistrum
1000 2118 1142 2150 suum
1161 2100 1720 2166 celebrabant‚quodille

696 2183 836 2246 ipsos
853 2199 881 2230 a
907 2180 1211 2245 sempiternis
1232 2180 1436 2229 deorum
1454 2183 1718 2232 terroribus

700 2260 1013 2309 liberavisset.
1032 2259 1109 2308 cf.
1132 2259 1250 2308 Nat.
1271 2261 1417 2307 Deor.
1437 2260 1459 2306 1
1478 2296 1494 2324 ,
1515 2275 1580 2309 ao
1597 2295 1613 2321 ,
1634 2260 1717 2312 56.

698 2337 796 2388 Sed
816 2339 941 2387 utb.
961 2340 997 2387 l.
1024 2337 1079 2385 id
1103 2337 1248 2386 altius
1274 2341 1532 2403 quaesitum
1557 2341 1685 2390 foret
1704 2375 1720 2401 ,

698 2418 770 2467 its
794 2415 995 2466 fulcitur
1012 2416 1203 2481 vulgata
1221 2416 1319 2466 alio
1343 2417 1457 2467 loeo
1475 2419 1680 2468 inferius
1699 2454 1719 2481 ‚

704 2497 976 2555 13‚42:«
1002 2511 1163 2544 errore
1189 2496 1439 2557 maximo,
1476 2498 1721 2563 siEpicu-

700 2590 808 2623 rum
827 2573 994 2623 audire
1017 2573 1263 2624 voluerint
1276 2610 1291 2634 ,
1317 2575 1656 2626 liberabuntur
1675 2598 1718 2627 ι.

699 2653 867 2702 Solent
900 2652 1042 2701 etism
1085 2652 1205 2700 alibi
1242 2654 1417 2703 scribae
1452 2655 1540 2704 bss
1572 2672 1719 2704 voces

700 2731 1017 2781 confundere.
1048 2732 1115 2781 G.

774 2811 823 2859 5.
840 2811 1004 2860 Minus
1023 2826 1082 2859 eo
1101 2810 1349 2860 delectari.
1374 2814 1513 2863 Goer.
1551 2813 1723 2862 scribit

701 2889 858 2939 minus
883 2889 947 2937 ab
981 2906 1040 2937 eo
1072 2890 1165 2941 del.
1196 2889 1307 2947 Sic,
1342 2891 1535 2954 iuquit,
1571 2892 1720 2941 codd.

700 2970 797 3016 mei
816 2984 1012 3032 quoque
1028 3002 1043 3027 ‚
1081 2980 1130 3017 et
1149 2984 1318 3017 omues
1336 2971 1538 3018 omnino
1551 3005 1568 3031 ‚
1598 2987 1723 3035 ιιι-ω-
1765 2978 1774 2985 “

702 3058 775 3096 ter
799 3047 924 3096 duos
952 3048 1229 3106 Parisinus,
1269 3050 1357 3111 qui
1398 3048 1462 3096 ab
1502 3051 1725 3112 ignorare

701 3127 901 3175 Davisio
943 3126 1207 3186 dicantus-3
1250 3143 1397 3190 quem
1449 3130 1585 3194 prius
1623 3130 1725 3190 jam

700 3206 982 3263 Victorius,
1022 3204 1211 3264 Aldus,
1236 3205 1406 3256 Lamb.
1442 3210 1501 3259 P.
1531 3210 1724 3258 Manat.

700 3286 965 3345 rejeceram
1013 3297 1030 3333 ε
1080 3285 1353 3346 rejecerunt
1407 3286 1550 3336 etiam
1613 3304 1725 3337 cum

701 3362 908 3413 Davisio
946 3362 1070 3411 Em.
1107 3373 1158 3410 et
1185 3363 1361 3412 Bremi.
1402 3366 1497 3415 Hic
1532 3368 1639 3431 ipss
1671 3382 1725 3414 re

703 3441 974 3491 accuratius
989 3456 1183 3490 escum
1194 3475 1210 3500 ,
1221 3441 1428 3492 laudatis
1445 3444 1568 3493 locis
1584 3448 1722 3496 Orat.

707 3521 802 3583 57,
846 3532 895 3569 et
922 3519 977 3568 in
1013 3519 1183 3570 Caecil.
1215 3522 1316 3582 13,
1358 3522 1430 3570 sic
1465 3522 1724 3574 decemit:

705 3621 733 3641 σι
763 3599 995 3648 Delector
1032 3599 1095 3647 ab
1132 3599 1364 3659 homine,
1403 3602 1480 3650 vel
1526 3619 1579 3651 re
1618 3619 1729 3666 quo

662 3688 669 3697 ’
705 3678 871 3739 adest,
897 3689 987 3727 aut
1005 3679 1171 3727 adesse
1192 3678 1422 3744 fingitur,
1457 3692 1507 3729 et
1538 3692 1727 3745 gratnm

707 3759 759 3806 in
776 3775 854 3806 me
873 3757 1025 3807 effic-it
1048 3774 1240 3807 sennan
1278 3780 1319 3806 ι.
1347 3761 1461 3807 Sine
1486 3762 1729 3825 preposi-

707 3836 844 3884 tione
871 3848 976 3886 tum
1002 3836 1127 3896 dici,
1177 3837 1253 3885 «si
1295 3853 1505 3903 persone
1543 3840 1619 3887 vel
1654 3856 1729 3889 ms

706 3931 807 3967 non
821 3914 971 3973 adsit,
988 3916 1074 3964 sed
1092 3927 1251 3965 tamen
1264 3919 1564 3983 voluptatem
1581 3931 1727 3970 creet.

707 3993 1226 4055 ltsabhocloco‚ut
1260 3996 1323 4046 cb
1357 4009 1590 4057 mor-tuo,
1625 4015 1728 4047 non

708 4074 864 4124 valere
886 4097 927 4123 ο.
951 4075 1049 4125 Sed
1066 4077 1109 4125 si
1134 4077 1213 4126 vel
1236 4076 1341 4126 bne
1358 4078 1578 4126 steterint
1599 4113 1614 4138 ,
1651 4088 1726 4129 ta·

1803 1798 2168 1864 intelliguntur,
2186 1809 2244 1847 ut
2270 1809 2531 1863 pmsentes
2551 1835 2567 1860 ,
2598 1808 2656 1846 nt
2687 1797 2817 1858 vivi,

1806 1879 2030 1928 Ciceroni
2072 1877 2257 1942 ubique
2294 1888 2562 1943 ponuntur.
2602 1877 2654 1925 Si
2700 1874 2821 1924 dicit

1803 1958 1942 2006 Plato
1960 1993 1976 2017 ‚
2018 1968 2154 2005 errat
2198 1957 2503 2022 Chrysippus
2523 1990 2538 2015 ‚
2589 1967 2685 2006 etc.
2732 1970 2819 2003 cur

1805 2037 1953 2100 igitur
1972 2068 1987 2094 ,
2025 2035 2132 2083 «sb
2168 2036 2382 2100 Epicuro
2424 2035 2693 2085 delectari·
2712 2069 2729 2095 ,
2777 2034 2820 2081 is

1804 2124 1934 2162 recte
1986 2114 2088 2162 dici
2137 2130 2240 2163 non
2299 2116 2485 2180 poterit
2500 2150 2517 2176 ,
2575 2116 2666 2180 qui
2715 2116 2819 2177 ejus

1804 2193 1983 2258 scripte
2003 2189 2164 2259 leget?
2196 2220 2269 2232 -
2303 2195 2397 2243 liic
2426 2197 2632 2245 Goerens
2655 2194 2822 2258 dispu-

1804 2274 2036 2322 tationem
2079 2272 2320 2336 instituit,
2357 2290 2502 2338 quam
2550 2289 2693 2321 nemo
2744 2272 2823 2320 in·

1804 2350 2017 2416 telligere
2037 2352 2195 2415 possit
2210 2385 2225 2409 ,
2262 2351 2354 2399 nisi
2380 2366 2616 2415 germane
2641 2351 2820 2415 linguae

1804 2430 2019 2493 peritus,
2050 2429 2116 2476 ob
2134 2427 2353 2493 exempla
2385 2444 2448 2476 ex
2472 2428 2568 2475 boc
2603 2442 2823 2475 sermone

1805 2518 1973 2556 meu.

1878 2586 1928 2632 6.
1949 2583 2265 2649 ΠεοΡΙινωεί
2279 2582 2515 2632 oratione&
2532 2595 2825 2631 ornamenta

1808 2662 2093 2728 neglexerit.
2123 2665 2178 2712 P.
2209 2665 2359 2711 Mars.
2383 2679 2493 2712 cum
2514 2664 2621 2711 Bas.
2640 2685 2666 2705 α
2683 2677 2824 2710 orna-

1807 2753 1968 2790 menta
2011 2741 2246 2790 orationis
2263 2765 2306 2791 ιο.
2330 2743 2602 2806 Utrumque
2626 2740 2825 2805 probari

1807 2819 1941 2869 licet.
1966 2819 2041 2868 Cf.
2070 2819 2226 2883 Liger.
2248 2820 2304 2878 5,
2337 2835 2396 2867 ια
2420 2854 2435 2879 ,
2458 2842 2484 2862 ιι
2502 2819 2662 2868 studia
2687 2818 2827 2868 deni·

1809 2915 1904 2962 que
1929 2899 2118 2963 generis
2134 2914 2191 2946 ac
2211 2899 2403 2949 famil'm
2425 2910 2595 2948 vestrae
2615 2899 2824 2953 virtutis.

1809 2979 2143 3038 humanitatis,
2167 2990 2259 3028 etc.
2281 3002 2306 3022 ·
2325 2981 2467 3028 Tusc.
2493 2983 2582 3039 lv,
2605 2996 2664 3042 ¹7
2685 3014 2700 3039 ‚
2724 2988 2825 3036 40:

1811 3072 1964 3121 «egre
1974 3056 2138 3106 tulisse
2152 3061 2206 3106 P.
2223 3058 2475 3124 Rupilium
2492 3058 2651 3106 fratris
2666 3054 2828 3121 repul-

1811 3152 1914 3184 sam
1938 3136 2216 3187 consulatus
2249 3160 2291 3187 1».
2325 3137 2454 3187 Illud
2487 3147 2645 3185 tamen
2679 3136 2829 3184 usits·

1812 3215 1928 3264 tius.
1957 3217 2032 3265 De
2061 3216 2138 3264 his
2170 3228 2330 3266 sutem
2353 3216 2633 3283 duplicibus
2658 3217 2826 3280 genitt.

1812 3295 1890 3342 vel
1916 3295 2048 3358 apud
2071 3297 2270 3345 Graeeos
2292 3297 2423 3346 haud
2444 3294 2828 3360 infrequentibus

1812 3373 1924 3421 vide
1951 3374 2119 3423 nosad
2142 3377 2253 3440 Leg-
2278 3378 2356 3434 11,
2383 3391 2475 3436 17,
2507 3384 2595 3432 4²·
2629 3400 2698 3410 —
2731 3375 2828 3421 Pno

1814 3452 2087 3517 neglexerit
2102 3452 2235 3501 Gud.
2255 3468 2286 3501 a
2315 3464 2365 3502 et
2394 3455 2596 3501 Oxonn.
2636 3466 2675 3501 ι.
2711 3461 2761 3499 et
2781 3446 2827 3509 ξ.

1814 3533 2184 3597 contempserim
2211 3532 2348 3596 quod
2383 3533 2437 3581 in
2477 3532 2703 3596 Epicurei
2743 3546 2832 3580 ore

1814 3610 1983 3675 ntique
2008 3610 2178 3659 melius
2195 3609 2405 3660 videtur.
2426 3611 2521 3660 Sed
2547 3612 2612 3659 ita
2637 3611 2831 3675 vulgsts

1817 3688 2009 3737 defendi
2027 3700 2188 3753 potest
2201 3723 2219 3749 ‚
2235 3699 2294 3737 ut
2311 3688 2436 3738 illud
2452 3688 2586 3737 verb.
2614 3690 2834 3753 Torqua·

1819 3776 1894 3814 tus
1920 3784 1983 3815 ex
2007 3777 2168 3816 mente
2200 3767 2450 3817 Ciceronis
2472 3779 2522 3817 et
2550 3768 2725 3816 Triarii
2743 3782 2835 3832 po·

1817 3846 1967 3894 suisse
1988 3846 2196 3895 dicatur.
2219 3849 2288 3896 G.

1889 3940 1939 3986 7.
1969 3923 2169 3972 Addua·
2189 3924 2283 3973 νὴ·
2313 3942 2511 3991 possum
2533 3962 2549 3986 ,
2584 3937 2640 3973 ue
2664 3942 2751 3975 ea.
2771 3960 2786 3972 .
2808 3959 2821 3972 .

1816 4000 1903 4050 cibe·
1925 4019 2024 4051 non
2044 4019 2171 4052 vera
2188 4003 2468 4054 νίᾰσαηων.
2488 4009 2627 4054 Hanc
2638 4003 2834 4053 dicendi

1815 4082 2019 4131 formam
2071 4094 2294 4132 accurate
2327 4085 2616 4150 explicatam
2652 4084 2763 4133 vide
2803 4099 2833 4130 a
