3217 4784
476 404 834 425 mmm
845 404 1652 430 mmmmm

2352 421 2528 443 m

936 670 2014 782 ARGUMENTUM

724 924 1017 992 LIBRI
1073 925 1535 997 SECUNDI
1592 929 1730 997 DE
1784 932 2240 1005 FINIBUS.

424 1168 641 1228 Eadem
674 1168 889 1246 dialogi
926 1187 1098 1227 scena
1119 1182 1373 1241 servata,
1405 1170 1681 1230 continuo
1706 1192 1769 1232 se
1802 1174 2005 1234 Cicero
2030 1176 2104 1235 ad
2132 1197 2200 1237 ea
2231 1181 2543 1243 refellenda
2575 1164 2580 1171 “

501 1278 700 1343 parat,
722 1264 937 1343 quibus
963 1264 1114 1324 libro
1140 1264 1329 1344 primo
1348 1270 1679 1345 Torquatus
1706 1270 1944 1348 Epicuri
1962 1270 2036 1329 de
2054 1272 2293 1335 Finibus
2316 1290 2547 1338 senten-

505 1363 642 1420 tiam
669 1362 1029 1443 probandam
1062 1375 1410 1441 susceperat.
1441 1363 1634 1423 Primo
1661 1365 2024 1444 deprecatur,
2052 1389 2126 1429 ne
2148 1371 2402 1433 scholam
2431 1376 2543 1434 ali-

501 1479 673 1537 quam
716 1461 1211 1540 philosophorum
1244 1479 1437 1533 more,
1468 1461 1568 1519 vix
1607 1464 1669 1520 in
1710 1463 1802 1522 his
1842 1464 2076 1542 quidem
2118 1467 2458 1543 laudandos
2487 1494 2549 1533 se

498 1557 917 1633 explicaturum
943 1569 1168 1634 putent.
1202 1555 1603 1632 sophistarum
1637 1556 1750 1615 hoc
1779 1578 1933 1631 esse,
1958 1580 1994 1619 a
2016 1564 2233 1641 Gorgia
2255 1566 2390 1625 inde
2407 1612 2425 1641 ,
2451 1569 2547 1627 in-

499 1655 782 1722 stitutum.
819 1659 1149 1731 Numquam
1175 1652 1256 1710 sic
1283 1657 1619 1722 Socratem3
1662 1655 1880 1733 quippe
1900 1658 2002 1734 qui
2029 1658 2089 1717 id
2116 1661 2307 1738 ipsum
2335 1665 2546 1724 riserit.

500 1755 668 1809 Hunc
688 1749 1086 1829 percontando
1106 1747 1635 1826 intes-rogandoque
1661 1749 1906 1811 aliorum
1930 1757 2240 1816 sententias
2262 1760 2549 1833 elicuisse,

501 1846 573 1905 ad
617 1867 829 1927 easque
864 1845 1254 1924 respondisse3
1286 1844 1526 1923 ejusque
1569 1866 1819 1919 morem,
1862 1850 2217 1929 aliquamdiu
2258 1856 2548 1929 relictum,

502 1943 581 2001 ita
614 1962 916 2001 revocasse
949 1940 1297 2012 Arcesilam,
1337 1954 1433 2012 ut,
1466 1943 1565 2019 qui
1592 1962 1726 2002 eum
1753 1946 2054 2024 audirent,
2083 1969 2247 2009 suam
2272 1952 2383 2031 ipsi
2409 1973 2547 2012 sen-

488 2039 738 2097 -tentiam
791 2050 1160 2117 promerent,
1215 2057 1456 2115 eamque
1505 2053 1706 2098 contra
1766 2041 1889 2118 ejus
1931 2046 2220 2118 rationes,
2272 2062 2549 2127 quantum

501 2146 768 2212 possent,
796 2145 1120 2199 tuerentur;
1156 2134 1391 2210 reliquis
1422 2133 1791 2213 philosophis
1822 2139 1894 2196 ad
1925 2143 2304 2218 quaestionem
2331 2145 2407 2204 ab
2434 2149 2550 2206 alio

501 2249 620 2307 quo
647 2228 893 2306 positam
915 2227 997 2285 sic
1023 2216 1526 2305 respondentibus,
1559 2241 1625 2286 ut
1652 2233 1830 2289 ceteri
1859 2248 2146 2311 tacerent,
2176 2239 2288 2316 ipsi
2314 2242 2551 2302 alterius

462 2311 479 2323 ⁸
502 2324 683 2402 magis
709 2323 1083 2394 sententiam,
1115 2341 1290 2400 quam
1320 2341 1480 2379 suam
1512 2321 1907 2388 defenderent.
1941 2334 2320 2395 Commodam
2355 2352 2552 2398 autem

502 2420 784 2479 rationem
806 2439 960 2491 esse,
993 2438 1167 2495 quam
1193 2422 1524 2494 Torquatus
1546 2433 1823 2495 sequutus
1848 2424 1952 2498 sit,
1972 2428 2113 2504 quid
2137 2430 2263 2509 ipse
2288 2434 2553 2509 sentiret,

501 2530 559 2576 et
581 2519 725 2574 cur?
748 2514 1094 2595 exponendo
1120 2536 1134 2570 :
1167 2514 1266 2573 sed
1295 2513 1749 2575 commodiorem
1771 2518 1882 2597 ipsi
1907 2521 2118 2595 videri,
2136 2527 2187 2584 si
2208 2541 2408 2588 mutuo
2431 2551 2558 2593 ser-

502 2632 672 2671 mone
700 2611 759 2669 id
793 2612 925 2682 fiat,
973 2629 1092 2668 non
1136 2622 1421 2688 perpetua
1451 2610 1745 2684 oratione,
1777 2632 1907 2690 quae
1937 2617 2139 2697 rapide
2171 2626 2554 2705 praeterfluat,

502 2710 584 2767 sic
614 2721 714 2782 ut,
742 2727 871 2785 quae
897 2704 1335 2785 apprehendere
1361 2705 1531 2779 velis,
1558 2706 1632 2765 ad
1663 2729 1733 2767 ea
1756 2712 2034 2773 continuo
2061 2720 2413 2797 respondere
2437 2743 2554 2783 non

510 2808 714 2877 liceat,
746 2813 777 2877 S
806 2826 828 2860 1
852 2848 869 2877 ,
897 2825 965 2876 ²,
998 2805 1056 2861 3·

582 2902 808 2961 Deinde
841 2920 1020 2978 quum
1060 2921 1093 2957 a
1123 2904 1407 2961 concessis
1442 2904 1731 2980 proficisci
1770 2907 2090 2987 disputatio
2119 2911 2279 2987 justa
2311 2914 2552 2987 debeat,

505 3002 634 3079 ipso
653 3000 713 3059 id
740 3000 992 3078 Epicuro
1014 2998 1297 3075 probante
1316 3042 1333 3069 ,
1358 3000 1514 3059 haud
1544 3018 1701 3063 recte
1730 3006 1803 3064 ab
1833 3008 1946 3066 hoc
1971 3028 2164 3066 rerum
2193 3009 2553 3070 definitiones

507 3098 684 3175 rejici.
730 3098 849 3175 Ipsi
892 3101 1193 3172 Torquato
1232 3095 1627 3158 definitionem
1668 3104 1798 3161 finis
1836 3104 2190 3182 imprudenti
2235 3105 2551 3181 excidisse,

505 3213 753 3271 eumque
787 3193 962 3262 forte,
985 3189 1205 3261 bouum
1241 3191 1430 3267 ipsum
1457 3194 1598 3270 quid
1633 3197 1737 3270 sit,
1767 3202 1814 3255 si
1847 3218 1938 3257 res
1974 3199 2325 3276 requireret,
2351 3201 2553 3263 defini.

509 3305 700 3349 turum
745 3288 934 3347 fuisse.
981 3286 1240 3344 Postulat
1278 3286 1456 3364 igitur
1495 3288 1568 3347 ab
1619 3289 1732 3348 hoc
1776 3294 2090 3372 voluptatis
2126 3294 2552 3374 definitionem,

505 3389 723 3466 quippe
750 3384 823 3443 ad
850 3403 1024 3462 quam
1040 3382 1282 3460 quaestio
1308 3385 1494 3443 omnis
1524 3389 1810 3464 pertineat
1827 3431 1844 3462 ,
1868 3396 1899 3462 5
1923 3399 1989 3464 4,
2015 3392 2068 3451 5.
2095 3393 2340 3453 Diversa
2367 3398 2553 3477 accipi

505 3487 567 3543 vi
593 3503 794 3543 vocem
814 3483 964 3540 hanc
980 3480 1132 3559 apud
1154 3482 1487 3559 Epicurum,
1509 3502 1691 3560 quum
1709 3487 1799 3545 vel
1819 3507 2012 3548 crasso
2039 3491 2211 3550 etiam
2233 3510 2404 3551 sensu
2426 3513 2552 3552 eam

508 3582 791 3659 accipiat,
831 3580 952 3652 56,
995 3598 1048 3651 7.
1080 3584 1276 3655 Atque
1305 3579 1353 3637 si
1390 3581 1481 3638 vel
1527 3585 1848 3643 communis
1890 3588 2205 3666 voluptatis
2245 3591 2437 3664 notio,
2484 3611 2554 3650 ea

508 3678 745 3757 Epicuri
771 3689 1073 3747 statuatur,
1102 3687 1289 3733 tamen
1311 3674 1383 3733 ad
1412 3694 1537 3741 eam
1570 3698 1688 3736 non
1717 3679 1951 3740 dolendi
1971 3694 2190 3742 ‘statum
2214 3690 2419 3762 (quem
2445 3687 2554 3747 iste

507 3780 566 3836 in
599 3794 821 3836 summa
845 3775 1142 3851 voluptate
1165 3771 1453 3852 ponebat)
1486 3775 1632 3833 nihil
1661 3778 1980 3856 pertinere,
2006 3781 2425 3861 dissimilesque
2463 3805 2554 3844 res

504 3876 589 3934 sic
611 3872 811 3932 eadem
836 3891 980 3931 voce
1001 3871 1215 3949 signari
1229 3913 1245 3942 ,
1268 3876 1299 3942 S
1325 3871 1456 3947 8,9.
1473 3876 1595 3932 Nec
1616 3875 1753 3933 satis
1776 3876 2014 3955 dispici,
2038 3894 2219 3956 quare
2235 3892 2416 3940 status
2435 3902 2551 3941 non

508 3970 756 4029 dolentis
783 3960 958 4027 modo
982 3968 1237 4026 varietur
1257 4009 1276 4036 ‚
1307 3984 1426 4025 non
1458 3981 1765 4048 augeatur3
1798 3993 2016 4051 curque
2043 3976 2150 4035 iste
2174 3976 2285 4054 ipsi
2312 3978 2374 4035 in
2397 3978 2556 4035 volu-

512 4080 669 4144 ptate
686 4077 957 4145 ponatur,
980 4083 1158 4142 quum
1188 4063 1279 4122 hae
1304 4082 1397 4122 res
1420 4065 1534 4123 sint
1555 4066 1710 4126 inter
1729 4089 1793 4128 se
1811 4052 2076 4133 'diversa
2101 4072 2336 4133 Rectius
2362 4072 2553 4146 fuisse,

2465 4152 2512 4213 N
