3217 4784
818 476 941 544 DE
988 476 1163 546 FIN.
1216 478 1425 547 BoN.
1477 478 1590 546 ET
1637 480 1853 548 MAL
1905 482 1962 565 1,
2007 479 2112 550 ιε.

2417 476 2547 546 ‘103

432 595 922 695 voluptatibus
960 625 977 667 ε
1014 597 1365 670 videtisne
1380 603 1438 683 ⁴,
1469 624 1688 697 quam
1721 600 1903 671 nihil
1941 601 2546 699 praetermittatur,

423 705 623 802 quod
659 708 876 778 vitam
925 707 1216 803 adjuvet
1240 760 1259 794 ,
1306 732 1458 805 quo
1502 706 1777 780 facilius
1823 708 1936 796 id,
1983 708 2184 806 quod
2224 710 2548 807 proposi·

425 831 579 887 tum
645 832 785 902 est,
830 841 1192 889 summum
1258 815 1539 889 honum
1593 822 2167 916 consequamur?
2225 815 2545 890 Clamat⁵

421 927 814 1025 Epicurus,
852 930 953 1015 is,
988 951 1207 1023 quern
1251 952 1382 1000 vos
1415 926 1673 1000 nimis⁶
1703 928 2196 1027 voluptatibus
2232 952 2387 1000 esse
2421 925 2544 1003 de-

426 1034 658 1106 ditum
696 1035 928 1108 dicitis
949 1090 970 1124 ,
1008 1061 1157 1108 uon
1182 1060 1392 1135 posse
1422 1038 1746 1134 jucunde
1781 1043 1965 1125 vivi,
1994 1041 2130 1110 nisi
2160 1039 2543 1136 sapienter,

425 1144 767 1232 honeste,
803 1146 1145 1245 justeque
1217 1150 1537 1235 vivatur3
1580 1173 1717 1220 nec
1777 1151 2159 1247 sapienter,
2202 1149 2542 1235 honeste,

418 1256 643 1350 juste,
672 1258 808 1327 nisi
822 1256 1140 1351 jucunde
1162 1268 1215 1327 ⁷.
1239 1262 1491 1354 Neque
1518 1260 1713 1329 enirn
1743 1261 1986 1331 civitas
2004 1255 2034 1301 ⁸
2054 1261 2129 1328 in
2158 1257 2535 1345 seditione,
2574 1266 2645 1318 ⁵8

422 1364 637 1437 beata
690 1390 842 1437 esse
892 1382 1170 1464 potest,
1208 1392 1343 1440 nec
1386 1372 1464 1438 in
1498 1368 1852 1441 discordia
1897 1369 2357 1441 dominorum
2409 1367 2540 1439 do·

422 1499 581 1546 mus
614 1502 630 1545 :
670 1501 820 1573 quo
846 1476 1088 1549 minus
1122 1478 1404 1548 animus
1442 1501 1485 1546 a
1520 1501 1598 1549 se
1633 1480 1789 1576 ipse
1822 1476 2170 1550 dissidens
2186 1488 2242 1565 9,
2276 1503 2542 1550 secum·

490 1679 538 1728 4.
571 1671 830 1720 Videtisne.
853 1671 1079 1720 Dubitari
1107 1670 1278 1726 licent,
1311 1684 1436 1716 suue

417 1763 589 1799 auctor
606 1750 785 1799 videtis
807 1787 822 1811 ,
850 1766 912 1798 ne
932 1751 1107 1798 omissa
1121 1785 1137 1807 ,
1159 1747 1406 1812 scripserit
1420 1781 1436 1806 ,

417 1846 509 1895 pro
536 1852 563 1871 ‹-
593 1829 756 1877 videre
796 1830 935 1878 vobis
969 1829 1085 1876 licet
1114 1850 1170 1891 n,
1209 1838 1267 1875 ut
1293 1828 1436 1875 toties

416 1909 541 1957 solet
563 1924 578 1958 z
608 1909 800 1973 ignoret
817 1910 946 1957 euim
966 1908 1097 1972 spir.
1120 1923 1210 1967 ne,
1236 1922 1345 1971 qun
1371 1906 1435 1955 sd

416 1986 584 2048 vides,
621 1988 713 2036 hsc
757 1989 808 2035 iu
842 2000 1080 2037 structura
1097 2023 1112 2047 ,
1139 1986 1256 2034 sddi
1291 1985 1431 2035 solet.

418 2065 514 2112 Sed
543 2076 645 2114 tum
674 2068 845 2115 Cicero
867 2102 883 2127 ,
911 2069 1001 2115 nid
1028 2066 1171 2132 plene
1196 2066 1433 2127 filiisunt,

419 2160 568 2202 sane,
604 2145 682 2193 vel
706 2145 846 2193 slism
884 2147 1197 2195 usevmntis
1218 2146 1431 2210 perticu-

417 2224 539 2282 lam,
557 2224 828 2286 adjecisset.
851 2226 917 2274 G.

491 2303 541 2351 5.
562 2303 770 2352 ΟΙαηιαι.
790 2306 834 2352 1.
859 2319 903 2352 e.
934 2325 961 2345 c
981 2301 1255 2351 clarissimi·
1271 2302 1431 2349 verbis

416 2381 561 2430 docet
578 2404 603 2423 ι·
625 2396 639 2431 :
676 2392 733 2430 nt
753 2383 882 2431 euim
900 2382 1094 2432 clamat
1112 2381 1175 2429 de
1194 2380 1321 2428 cisra
1337 2415 1354 2440 ,
1382 2390 1432 2429 et

413 2476 525 2508 cum
547 2461 598 2508 vi
622 2477 862 2527 expressa,
876 2477 996 2511 voce
1020 2461 1215 2519 dieitur,
1231 2461 1298 2508 its
1314 2461 1369 2509 h.
1388 2459 1427 2509 l.

412 2539 472 2587 sd
496 2539 623 2588 clare
643 2551 694 2590 et
721 2542 929 2606 graviter
945 2554 1216 2605 expressum
1243 2549 1431 2588 seuten-

414 2622 527 2668 tism
553 2620 796 2684 eleganter
815 2621 1112 2670 transfertur.
1128 2619 1189 2667 G.

420 2730 427 2735 -
484 2700 536 2747 6.
569 2699 739 2748 Nimis.
768 2703 825 2748 Iu
854 2699 950 2747 hoc
977 2699 1186 2757 herens,
1220 2698 1261 2745 si
1283 2697 1429 2762 iguo-

411 2788 568 2825 rstutu
589 2794 617 2825 s
642 2777 774 2827 Gud.
805 2793 832 2825 2
856 2777 1049 2838 videssg
1080 2778 1264 2841 quippe
1290 2777 1426 2840 quod

412 2871 515 2903 nou
531 2872 621 2903 suo
636 2856 752 2904 loco
764 2857 981 2920 positum
1005 2855 1242 2905 videatur.
1265 2860 1428 2920 Atque

410 2949 502 2982 nos
528 2935 726 2997 quidem
763 2951 878 2982 ssne
914 2936 1033 2983 olim
1072 2935 1203 2983 haud
1244 2936 1426 2983 sbsous

412 3016 687 3075 conjecturs
713 3014 937 3062 nimirum
960 3013 1215 3077 legendum
1236 3025 1429 3079 putere.

409 3108 548 3149 tuus,
585 3094 723 3152 cuius
747 3108 911 3157 comp.
940 3092 1101 3141 nimir.
1132 3093 1297 3154 facile,
1336 3111 1426 3143 uec

410 3172 514 3220 sine
541 3173 798 3236 exemplo,
835 3172 900 3221 cf.
935 3174 1080 3235 Legg.
1110 3174 1164 3230 1,
1201 3186 1293 3235 19,
1327 3175 1426 3232 50,

410 3268 523 3300 cum
543 3250 686 3300 ηὑηίε
702 3251 957 3299 confusum
984 3251 1139 3298 videri
1164 3253 1333 3315 possit.
1357 3257 1426 3302 At

408 3348 538 3396 sepe
561 3330 705 3379 nimis
728 3348 755 3379 s
775 3331 945 3379 scribis
969 3329 1227 3390 shjicitur3
1254 3339 1309 3378 ut
1327 3331 1365 3380 l.
1390 3332 1425 3379 1.

408 3412 472 3459 sb
497 3412 607 3475 ipso
633 3411 764 3459 Gud.
793 3427 821 3458 u
852 3411 1033 3460 fuctum
1063 3409 1203 3458 vides
1228 3424 1243 3460 ε
1269 3411 1426 3459 offen·

409 3489 535 3538 dunt
561 3491 718 3549 enim,
762 3501 818 3538 ut
855 3493 967 3539 VV.
996 3491 1109 3538 DD.
1148 3491 1214 3538 its
1254 3490 1425 3539 sceibus

407 3584 634 3634 quoque,
674 3571 725 3616 iu
753 3571 857 3630 ejus
881 3571 1074 3634 positu,
1117 3569 1180 3617 sb
1206 3569 1423 3634 ipsorum

406 3665 551 3697 sensu
599 3648 907 3697 abhorrente.
946 3650 1026 3696 Sic
1064 3665 1221 3713 nuper
1242 3651 1421 3698 factum

407 3739 511 3786 est,
536 3739 592 3777 ut
616 3727 721 3777 hec
738 3744 837 3776 vox
854 3731 958 3777 siue
970 3730 1100 3790 justu
1126 3744 1266 3775 csuss
1291 3728 1421 3777 dele-

406 3818 539 3856 retur
563 3809 702 3856 Orst.
726 3810 804 3865 11,
839 3823 930 3870 71,
966 3810 1102 3860 288:
1144 3829 1170 3851 κ
1195 3807 1290 3857 Sed
1316 3810 1423 3861 δυο

407 3886 511 3952 ipss
536 3887 682 3936 nimis
720 3887 840 3934 mihi
880 3886 1050 3935 videor
1087 3887 1237 3937 mults
1264 3890 1313 3937 in
1342 3907 1423 3955 ge·-

410 3980 521 4013 uers
549 3965 858 4030 descripsisse
874 3987 914 4013 a.
932 3968 1177 4014 Premisss
1200 3967 1326 4015 enim
1354 3969 1423 4015 ibi

411 4059 519 4090 cum
548 4047 599 4092 vi
626 4044 861 4109 particula
898 4060 958 4092 eo
986 4046 1146 4094 miuus
1175 4045 1421 4095 offendere

409 4120 555 4171 debet
568 4159 584 4185 ‚
602 4125 643 4170 si
654 4123 994 4172 creberrimum
1010 4124 1220 4173 suctoris
1237 4141 1421 4174 morem

409 4214 572 4252 teneus
588 4236 604 4262 ,
624 4219 724 4267 quo
742 4203 886 4253 verbs
904 4205 1152 4270 opinionis
1162 4216 1212 4255 et
1230 4205 1425 4254 dicendi

1522 1668 1694 1717 mediis
1719 1671 2007 1720 accusativis
2041 1687 2154 1718 cum
2185 1669 2293 1719 infr.
2319 1671 2539 1736 interpo-

1521 1759 1719 1797 nuntur.
1749 1752 1815 1800 G.

1594 1845 1642 1888 7.
1683 1830 1799 1876 Non
1842 1845 1988 1893 posse
2036 1862 2048 1875 .
2072 1864 2083 1876 .
2106 1863 2121 1877 .
2168 1826 2265 1876 nt'n‘
2297 1828 2537 1894 jucunde.

1518 1907 1671 1955 Recte
1702 1908 1829 1957 vidit
1864 1908 2029 1957 stis.
2068 1907 2145 1956 his
2195 1907 2298 1973 ipss
2341 1908 2538 1972 Epicuri

1517 1984 1665 2034 verbs
1690 1988 1897 2052 exprimi
1919 2022 1934 2046 ,
1984 1987 2049 2036 cs.
2101 2002 2163 2034 ex
2214 1988 2320 2047 ejus
2356 1984 2540 2054 πυρίαις

1517 2058 1685 2124 δόξαις
1702 2067 1834 2132 spud
1859 2068 2015 2115 Lsert.
2039 2067 2116 2125 X,
2156 2069 2252 2126 140
2272 2079 2284 2113 :
2308 2065 2410 2115 Οὐκ
2436 2064 2535 2122 (etv

1515 2137 1670 2202 ἡδέως
1688 2143 1767 2212 ζῇν
1791 2144 1899 2195 ἄνευ
1923 2149 2005 2195 τοῦ
2029 2141 2290 2213 φρονίμως,
2329 2139 2412 2193 καὶ
2443 2160 2534 2193 κα-

1514 2227 1635 2283 λῶς,
1680 2221 1764 2274 καὶ
1816 2220 2016 2283 δικαίως
2034 2240 2048 2253 ·
2098 2218 2211 2274 οὐδὲ
2265 2222 2497 2293 φρονίμως
2517 2259 2531 2281 ,

1515 2299 1598 2350 καὶ
1648 2308 1836 2362 καλῶς,
1890 2301 1971 2353 καὶ
2017 2298 2213 2360 δικαίως
2237 2339 2253 2364 ,
2299 2302 2407 2353 ἄνω
2448 2307 2532 2353 τοῦ

1514 2376 1690 2439 ἡδέως.
1722 2384 1853 2432 Vide
1878 2385 2043 2432 eadem
2077 2398 2300 2448 expressa
2335 2383 2423 2430 iuf-
2454 2384 2529 2441 11,

1521 2464 1583 2511 16
1598 2497 1615 2522 ,
1639 2472 1688 2510 et
1706 2463 1758 2510 iu
1775 2465 1920 2512 Tuse.
1945 2463 2118 2527 Dispp.
2137 2464 2333 2526 sepius.
2361 2463 2531 2510 Grec-⁶·

1513 2541 1661 2590 verbu
1690 2556 1753 2590 ex
1777 2553 1914 2606 perte
1938 2541 2197 2590 lsudsutur
2223 2542 2370 2589 Divv.
2401 2543 2529 2599 XV,

1513 2636 1594 2684 ep.
1621 2637 1700 2684 19.
1723 2622 1946 2670 Ceterum
1967 2622 2160 2684 ignorat
2182 2621 2312 2670 Gud.
2333 2638 2361 2669 α
2384 2622 2529 2671 verba

1517 2717 1655 2749 suec
1693 2717 1798 2765 ssp.
1958 2699 2178 2761 iucunde
2211 2721 2235 2743 n
2269 2715 2283 2749 :
2314 2700 2530 2750 itssolet

1512 2780 1699 2828 scilicet
1723 2781 1773 2828 in
1795 2779 2204 2845 oppositionibus.
2223 2781 2285 2828 G.

1581 2860 1631 2907 8.
1656 2860 1829 2924 Neque
1854 2859 1980 2908 enim
1997 2858 2179 2906 civitas.
2207 2859 2327 2906 Tres
2353 2860 2528 2922 optimi

1511 2939 1605 2986 mei
1632 2940 1757 2986 enim
1784 2938 1962 2986 delent.
1991 2937 2089 2986 sed
2127 2935 2314 2983 librarii
2348 2937 2399 2983 iu
2435 2936 2532 2985 hsc'

1509 3017 1751 3083 psrticuls
1767 3016 1899 3064 hsud
1927 3014 2037 3062 r‘sro
2061 3013 2345 3071 offendunt,
2371 3015 2436 3069 si,
2462 3031 2526 3062 ex

1509 3097 1653 3160 greci
1697 3091 1793 3163 γὰρ
1834 3109 1951 3151 usu,
1977 3090 2252 3153 exemplum
2279 3091 2526 3142 afferentis

1510 3185 1608 3235 est,
1629 3185 1688 3222 ut
1715 3173 1767 3221 h.
1786 3172 1820 3220 1.
1843 3174 2021 3239 Neque
2041 3171 2095 3217 id
2120 3170 2296 3217 mirum
2313 3205 2329 3232 ‚
2372 3186 2522 3235 quun

1510 3268 1616 3300 eam
1641 3263 1745 3300 tum
1771 3250 1850 3298 vel
1876 3252 1984 3298 VV.
2009 3250 2119 3297 DD.
2145 3247 2432 3300 sollicitent:
2452 3253 2521 3303 cs.

1509 3347 1601 3396 pro
1627 3331 1735 3378 Mil.
1762 3333 1822 3390 3,
1853 3331 1881 3378 8
1911 3330 2163 3392 :oeNeque
2193 3330 2322 3378 enim
2358 3345 2523 3396 posset

1509 3420 1593 3457 sut
1639 3409 1789 3457 Ahsls
1812 3446 1827 3470 ,
1875 3421 1968 3458 etc.
1987 3432 2041 3469 a,
2089 3409 2178 3457 uhi
2231 3410 2355 3458 em’m
2400 3415 2517 3462 Eru.

1509 3489 1749 3549 Scheller,
1773 3490 1880 3551 alii,
1911 3489 1988 3538 vel
2010 3489 2240 3538 dsmnsut
2258 3525 2271 3549 ,
2309 3491 2386 3538 vel
2413 3508 2522 3556 per-

1506 3586 1643 3618 verse
1666 3569 1926 3634 explicent.
1972 3568 2152 3617 Eadem
2194 3570 2319 3618 rstio
2361 3583 2434 3619 est
2469 3571 2522 3618 in

1506 3666 1654 3710 nam,
1681 3666 1790 3713 qun
1827 3661 1928 3698 tum
1971 3649 2070 3697 fere
2107 3649 2157 3696 in
2181 3649 2293 3715 sam
2336 3651 2524 3713 pravus-i

1507 3730 1659 3787 solet,
1678 3730 1741 3778 cf,
1763 3728 1826 3776 sd
1852 3728 2040 3778 Acsdd.
2063 3730 2087 3775 1
2102 3764 2116 3788 ,
2143 3746 2202 3791 9,
2233 3731 2314 3786 34.
2335 3732 2398 3778 G.

1581 3826 1633 3872 9.
1653 3812 1700 3857 A
1723 3824 1776 3856 se
1804 3809 1902 3874 ipse
1926 3808 2182 3856 dissidens.
2204 3811 2335 3858 Ante
2355 3811 2522 3861 stis.

1509 3889 1769 3947 edebstnr,
1793 3910 1818 3930 ιι
1835 3904 1861 3935 s
1884 3905 1935 3937 se
1950 3889 2059 3953 ipso
2086 3886 2321 3936 dissidens
2339 3889 2443 3953 ipse
2460 3913 2484 3932 v·
2506 3904 2521 3938 t

1511 3967 1756 4033 duplicem
1812 3982 1985 4031 nempe
2033 3966 2294 4015 lectionem
2343 3968 2525 4016 scribas

1504 4050 1723 4109 iunxisse
1741 4046 1945 4111 putabis.
1976 4045 2104 4094 Gud.
2130 4061 2152 4093 1
2175 4080 2189 4105 ,
2214 4044 2316 4110 ipso
2338 4045 2527 4093 dissen-

1510 4127 1634 4175 tiens
1649 4162 1666 4185 ,
1689 4144 1748 4175 ex
1767 4126 1922 4191 glossa
1942 4125 2140 4173 scilicet.
2157 4123 2251 4174 Sed
2269 4123 2364 4172 hoe
2383 4134 2526 4172 testu·

1512 4216 1614 4253 tum
1651 4206 1924 4263 voluimus,
1970 4214 2164 4253 nostros
2204 4216 2372 4250 omnes
2418 4202 2526 4268 ipso
