3217 4784
677 378 813 447 228

1351 378 1447 447 M.
1500 378 1576 447 Τ.
1632 378 2114 450 CICERONIS

2545 362 2556 396 Ι

670 526 792 573 mo
814 556 833 588 ,
869 527 1033 573 eum
1080 516 1406 597 rogatum
1450 526 1490 571 a
1527 504 1603 571 C.
1650 501 1916 589 Plotio,
1946 505 2188 599 equite
2221 527 2525 578 romano
2557 506 2795 606 splen-

667 613 879 699 dido,
915 613 1257 693 Nursino‚
1302 611 1495 682 ultro
1529 608 1619 681 ad
1667 612 2038 683 mulierem
2085 615 2321 700 venit,
2361 616 2573 711 eique
2614 619 2790 689 nihil

661 723 990 820 opinanti
1047 721 1181 789 viri
1242 719 1663 791 mandatum
1730 724 2103 819 exposuit,
2173 722 2788 824 hereditatemque

658 829 991 903 reddidit.
1052 829 1191 902 Sed
1244 854 1378 927 ego
1433 854 1516 901 ex
1572 845 1641 901 te
1701 855 1949 927 quaero
2005 832 2394 927 (quoniam
2453 834 2641 906 idem
2703 852 2788 908 tu

653 957 848 1012 certe
901 937 1267 1036 fecisses),
1321 966 1568 1011 nonne
1616 939 2059 1037 intelligis¹¹‚
2103 966 2192 1014 eo
2245 944 2593 1038 majorem
2637 949 2781 1017 vim

614 1054 619 1057 ’
653 1075 808 1121 esse
842 1064 1114 1120 naturae
1136 1104 1155 1136 ,
1198 1049 1400 1146 quod
1440 1050 1576 1148 ipsi
1608 1074 1775 1136 vos,
1809 1051 1938 1146 q'ui
1968 1053 2210 1122 omnia
2236 1063 2296 1095 ¹²
2333 1052 2420 1124 ad
2466 1070 2781 1128 vestrum

649 1158 1157 1244 commodum,
1200 1174 1307 1243 et,
1356 1173 1437 1230 ut
1482 1161 1619 1256 ipsi
1660 1157 1935 1245 dicitis,
1982 1159 2073 1230 ad
2117 1161 2565 1261 voluptatem
2594 1165 2778 1239 refe·

648 1272 818 1341 ratis
837 1324 855 1353 ,
902 1283 1143 1340 tamen
1171 1293 1253 1339 ea
1280 1267 1583 1355 faciatiS,
1616 1293 1657 1339 e
1690 1268 1959 1366 quihus
1988 1288 2362 1369 appareat,
2394 1299 2546 1345 non
2571 1277 2777 1349 volu-

644 1395 917 1479 ptatem
993 1404 1157 1467 νος,
1224 1378 1348 1449 sed
1423 1376 1745 1449 officium
1817 1380 2065 1476 sequi?
2133 1380 2444 1480 plusque
2505 1402 2775 1458 rectam

541 1506 608 1573 59
647 1506 975 1561 naturam
1000 1545 1019 1577 ,
1068 1513 1286 1587 quam
1324 1490 1680 1559 rationem
1726 1511 2016 1585 pravam
2053 1489 2340 1562 valere?
2378 1494 2453 1564 Si
2494 1495 2773 1581 scieris,

642 1604 884 1699 inquit
918 1600 1351 1686 CarneadeS,
1394 1596 1719 1696 aspidem
1762 1598 2042 1669 occulte
2075 1600 2295 1672 latere
2328 1604 2604 1701 uspiam
2629 1656 2651 1690 ‚
2696 1620 2770 1675 et

639 1714 820 1785 velle
878 1713 1194 1809 aliquem
1228 1707 1284 1754 '³
1344 1707 1878 1808 imprudentem
1929 1732 2148 1807 super
2207 1736 2362 1783 eam
2418 1712 2764 1801 assidere,

639 1825 846 1919 cujus
875 1847 1070 1894 mors
1100 1821 1235 1892 tibi
1264 1820 1835 1890 emolumentum
1874 1817 2149 1891 factura
2182 1824 2272 1891 sit
2293 1826 2395 1909 ¹43
2431 1823 2765 1920 improbe

641 1931 928 2019 feceris,
974 1932 1106 2001 nisi
1157 1928 1564 2015 monueris,
1611 1952 1702 1997 ne
1741 1927 2042 1999 assideat
2090 1956 2106 1999 ε
2153 1929 2278 2001 sed
2315 1932 2612 2028 impune
2655 1950 2763 2007 ta-

640 2065 845 2123 men3
882 2042 1093 2111 scisse
1129 2040 1320 2109 enim
1361 2053 1431 2108 te
1469 2039 1632 2133 quis
1666 2060 2051 2133 coarguere
2086 2042 2315 2137 possit
2339 2032 2445 2113 ¹⁵?
2474 2043 2617 2116 Sed
2652 2049 2760 2116 ni·

637 2235 890 2283 Ciceronis
909 2245 960 2282 et
975 2234 1211 2299 Torquati
1237 2233 1506 2292 familiaris,
1530 2249 1657 2298 saepe

640 2313 923 2378 simpliciter
944 2316 1120 2363 Sextus
1137 2314 1421 2379 appellatur.
1449 2314 1526 2363 Cf.
1549 2315 1613 2362 At
1621 2326 1652 2362 t.

637 2394 713 2453 X,
733 2409 813 2458 ep.
840 2407 861 2441 1
876 2427 892 2451 ,
920 2393 1008 2462 qui
1026 2392 1165 2441 locus
1190 2393 1334 2442 simul
1361 2393 1655 2442 documento

635 2483 729 2529 est,
757 2483 990 2536 quantum
1022 2472 1198 2521 Cicero
1226 2484 1277 2521 et
1305 2476 1430 2537 patri
1466 2485 1513 2521 et
1546 2471 1651 2521 filio

634 2551 874 2601 tribuerit.
905 2553 968 2601 G.

712 2647 733 2677 1
751 2647 792 2677 r.
842 2632 1020 2693 Quaero
1063 2666 1076 2678 .
1099 2667 1111 2678 .
1130 2665 1141 2678 .
1193 2647 1354 2679 nonne
1396 2630 1645 2697 intelligis.

630 2710 837 2757 Goerenz
861 2710 1012 2759 scrib.
1038 2710 1304 2774 intelligas.
1331 2713 1428 2769 Ita,
1452 2711 1612 2774 inquit
1626 2745 1644 2770 ,

627 2806 654 2836 a
678 2784 904 2838 victorio
924 2789 986 2837 ad
1008 2789 1260 2838 Davisium
1279 2806 1435 2853 usque
1460 2789 1643 2837 editum

626 2878 699 2917 est
724 2883 738 2917 ε
767 2868 854 2917 sed
879 2869 960 2917 hic
976 2886 1003 2918 e
1029 2868 1183 2918 tribus
1196 2870 1295 2918 suis
1309 2868 1533 2933 intelligis
1559 2867 1643 2915 de-

626 2947 731 3008 dit,
749 2948 887 3012 quod
902 2949 954 2995 iu
971 2950 1164 3014 scriptis
1188 2960 1235 2996 et
1259 2946 1372 2995 edd.
1396 2958 1513 2994 vett.
1536 2946 1645 2994 aliis

624 3038 867 3092 repertum
885 3063 901 3088 ‚
919 3029 1109 3093 sequuti
1128 3038 1242 3076 sunt
1257 3029 1376 3075 Ern.
1400 3036 1447 3073 et
1483 3026 1642 3076 Brem.

622 3110 691 3153 At
714 3106 990 3156 defenditur
1006 3106 1251 3171 intelligas
1272 3122 1299 3152 s
1319 3106 1447 3169 Spir.
1470 3103 1566 3151 Erl.
1592 3116 1643 3153 et

621 3186 726 3235 Bas.
777 3184 1075 3249 reliquisque
1127 3185 1429 3243 Davisianis3
1481 3199 1640 3248 neque

621 3279 729 3311 raro
747 3274 937 3326 auctor,
955 3280 1147 3328 quoero,
1184 3279 1347 3311 nonne
1380 3278 1491 3310 cum
1518 3263 1636 3310 sub·

614 3342 843 3403 junctivo
886 3344 1044 3407 ponit.
1092 3343 1168 3391 Cf.
1211 3345 1346 3391 Orat.
1374 3343 1468 3401 63,
1498 3352 1599 3399 214
1619 3360 1633 3392 ε

618 3444 643 3462 «
666 3422 846 3483 Quaero
866 3454 880 3478 ‚
918 3435 1082 3467 nonne
1107 3420 1160 3467 id
1202 3436 1429 3468 numerus
1454 3422 1635 3469 effece-

617 3499 679 3545 rit
714 3520 758 3546 ιο.
806 3497 992 3545 Acadd.
1035 3501 1120 3559 11,
1167 3508 1259 3556 24,
1292 3500 1388 3559 76:
1420 3517 1636 3548 nexum

1742 2233 1918 2284 ctivus.
1946 2236 2004 2283 In
2032 2236 2309 2285 Ernestiam
2357 2253 2384 2286 ε
2423 2236 2540 2302 quia
2576 2237 2758 2289 editum

1740 2324 1842 2372 αις
1873 2331 2128 2380 operarum
2152 2316 2285 2364 baud
2312 2315 2460 2364 dubie
2481 2318 2619 2366 vitio.
2642 2320 2707 2368 G.

1817 2395 1901 2442 13.
1951 2395 2207 2457 Aliquem,
2232 2394 2366 2456 quod
2397 2396 2541 2443 Grut.
2577 2411 2605 2442 e
2631 2396 2759 2444 binis

1737 2472 1841 2519 suis‘
1869 2472 2008 2520 dedit
2028 2509 2044 2534 ‚
2084 2481 2296 2536 quatuor
2325 2474 2482 2519 nostri
2525 2488 2754 2537 compro·

1735 2550 1869 2599 bant.
1889 2553 1955 2599 G.

1811 2637 1867 2683 τί.
1883 2666 1896 2678 .
1922 2625 2521 2689 Emolumentumfaewra
2540 2629 2618 2677 sie.
2643 2633 2712 2678 Ita
2734 2665 2749 2688 ‚

1732 2708 1926 2771 vulgata
1963 2716 2123 2774 vetere
2157 2704 2385 2766 reducta,
2440 2718 2572 2756 mete
2617 2708 2751 2758 dedit

1731 2786 1848 2832 Bru.
1879 2798 1990 2831 nem
1999 2780 2182 2849 futura
2196 2817 2212 2842 ,
2231 2784 2369 2849 quod
2391 2786 2535 2836 Grut.
2559 2787 2617 2836 in
2641 2789 2744 2839 Pal.

1740 2882 1760 2912 ι
1782 2900 1797 2925 ,
1825 2865 1990 2912 Davis.
2016 2865 2070 2911 iu
2090 2864 2269 2912 Elieusi
2295 2864 2749 2930 deprehenderunt,

1729 2942 1960 3008 quodque
1979 2942 2163 2991 dudum
2188 2946 2438 2993 Victorius
2460 2947 2615 2995 edidit
2634 2986 2649 3010 ‚
2687 2951 2750 2998 li-

1728 3035 1806 3072 oet
1826 3023 1956 3071 idem
1986 3023 2113 3087 Spir.
2138 3034 2188 3071 et
2212 3024 2315 3072 Erl.
2345 3025 2588 3085 reserent,
2623 3028 2746 3076 nihil

1726 3119 1840 3151 saue
1864 3115 1960 3159 est,
2003 3103 2096 3150 uisi
2120 3103 2292 3151 scribe
2319 3105 2588 3164 correctio,
2615 3123 2744 3155 νει-ω

1726 3183 1863 3231 vocis
1902 3183 2000 3229 vim
2043 3197 2145 3228 non
2184 3185 2496 3246 assequentis.
2523 3183 2600 3232 Ne
2625 3200 2743 3232 vero

1726 3261 1943 3321 dubites,
1993 3270 2120 3308 recte
2144 3259 2242 3308 dici
2265 3262 2740 3325 emolumenmmsa-
2765 3264 2786 3275 ³

1715 3334 1833 3388 'cere
1853 3376 1868 3398 ,
1908 3353 2085 3390 auctor
2104 3343 2234 3390 enim
2256 3343 2433 3407 sepius
2470 3363 2492 3385 ιι
2520 3342 2709 3392 lucrum
2724 3379 2741 3404 ,

1727 3418 2068 3469 detrimentum
2088 3459 2104 3483 ,
2131 3421 2285 3469 facere
2305 3443 2355 3480 a,
2377 3422 2536 3486 pouit.
2563 3425 2631 3471 G.

1796 3500 1878 3547 15.
1907 3499 2006 3546 Sed
2027 3500 2219 3564 impune
2262 3511 2424 3548 tamen
2438 3518 2458 3557 ,-
2485 3498 2630 3547 scisse

615 3576 894 3641 quaesieras,
913 3592 1079 3623 noune
1095 3587 1316 3640 putarem
1330 3598 1355 3618 n
1376 3612 1391 3635 ‚
1408 3576 1496 3625 ubi
1515 3580 1630 3624 Em.
1711 3577 1867 3640 possit
1883 3583 1910 3625 ι’
1927 3581 2064 3627 Goer.
2089 3579 2174 3626 dat
2191 3579 2443 3643 impunite.
2460 3579 2548 3638 lta,
2560 3580 2736 3644 inquit,

611 3656 717 3719 ipse
764 3670 955 3713 nonne,
996 3670 1090 3720 pro
1143 3671 1210 3702 an
1248 3671 1346 3702 non
1387 3656 1629 3720 positvm»,

609 3732 742 3781 haud
770 3732 1014 3796 improbat
1041 3748 1054 3779 :
1095 3733 1209 3781 add.
1244 3736 1391 3781 Tusc-
1423 3736 1498 3795 V,
1532 3749 1588 3779 ια
1612 3768 1626 3791 ,

610 3815 698 3867 34.
726 3802 1029 3860 Βοᾶιικίὼω
1055 3813 1233 3876 igitur,
1270 3811 1406 3875 quod
1444 3811 1626 3859 scriba-

608 3907 715 3939 rum
744 3890 936 3951 minus,
987 3906 1132 3955 quam
1178 3892 1392 3939 auctoris
1430 3906 1626 3939 manum

604 3968 790 4032 prodit.

682 4066 758 4098 ra.
787 4049 883 4113 Qui
904 4047 1071 4096 omnia
1217 4047 1450 4112 referatis.
1489 4049 1591 4112 Qui
1609 4084 1626 4107 ‚

601 4146 747 4192 queem
786 4145 876 4178 vos
899 4139 1036 4177 notat
1060 4147 1073 4189 ;
1094 4139 1239 4192 atque
1277 4128 1393 4176 inde
1420 4130 1626 4187 conjun-

1719 3657 1871 3704 uostri
1907 3673 2095 3705 omues.
2121 3661 2273 3707 Recte
2292 3658 2443 3722 igitur
2468 3657 2539 3705 sic
2561 3659 2730 3707 Davis.

1716 3750 1778 3782 ex
1812 3735 1913 3783 suis
1928 3737 2115 3801 recepit
2127 3772 2142 3796 ,
2164 3737 2478 3800 neemiasque
2495 3748 2734 3803 sequutus

1716 3823 1815 3874 est,
1854 3816 2077 3863 Eme-tio
2121 3816 2184 3863 ad
2220 3815 2464 3879 vulgatam
2503 3814 2728 3880 relapso:

1716 3909 1825 3941 nam
1859 3893 1962 3942 haee
1995 3909 2096 3942 vox
2113 3911 2177 3942 ex
2205 3894 2376 3941 scribis
2401 3894 2623 3942 inusitata
2642 3906 2729 3943 est.

1717 3972 1798 4020 Sic
1816 3982 1975 4021 autem
2020 3986 2093 4021 est
2126 3974 2178 4020 in
2214 3973 2357 4020 Mutii
2393 3973 2535 4037 epist.
2577 3970 2726 4022 Divv.

1715 4052 1816 4109 XI,
1840 4054 1930 4098 28:
1959 4072 1980 4093 ι
1999 4051 2107 4098 aliis
2133 4068 2195 4099 ne
2218 4051 2383 4099 dolere
2409 4051 2603 4115 quide-
2639 4054 2729 4100 im·

1715 4133 1885 4195 punite
1909 4130 2111 4179 licere».
2162 4134 2279 4181 Rost
2317 4143 2481 4181 tamen
2526 4137 2692 4199 scripti
2712 4170 2727 4194 ,
