3217 4784
817 488 940 555 DE
981 487 1154 556 FIN.
1208 487 1414 555 BON.
1471 487 1582 554 ET
1631 486 1851 554 MAL.
1903 485 2034 568 111,
2093 508 2196 577 ¹9·
2427 481 2566 567 405

447 609 650 678 initio
684 605 1078 705 profectam
1113 630 1573 679 communem
1617 606 1916 677 humani
1954 606 2236 701 generis
2271 609 2567 675 societa-

448 733 593 789 tem
649 720 1222 816 persequimur2.
1278 715 1493 805 Quod
1551 717 1863 812 primum
1902 712 2247 812 intelligi-⁹»
2314 714 2568 800 (lebet,

449 826 711 924 figura,
762 827 1250 923 membrisque
1310 848 1738 922 corporum;
1780 848 1942 920 qnae
2003 826 2157 922 ipsa
2210 822 2572 896 declarant

451 936 876 1035 procreandi
932 962 973 1007 a
1018 949 1273 1006 natura
1315 933 1632 1007 habitam
1685 958 1840 1005 esse
1886 936 2260 1005 rationem.
2316 938 2571 1033 Neque

449 1072 619 1118 vero
665 1045 817 1116 haec
859 1046 1049 1116 inter
1089 1068 1165 1115 se
1220 1068 1622 1141 congruere
1659 1056 1955 1140 possent
1970 1045 2027 1131 ⁴,
2064 1057 2145 1113 ut
2203 1057 2457 1114 natura
2503 1059 2575 1116 et

450 1157 810 1251 procreari
870 1153 1125 1243 vellet,
1184 1169 1256 1226 et
1324 1153 1521 1252 diligi
1579 1167 1999 1252 procreatos
2059 1177 2212 1223 non
2267 1168 2571 1225 curaret.

448 1268 682 1360 Atque
748 1266 960 1334 etiam
1025 1266 1101 1334 in
1159 1262 1405 1336 bestiis
1459 1265 1562 1334 vis
1615 1278 1887 1334 naturae
1948 1261 2252 1360 inspicis*
2297 1279 2573 1362 potest:

448 1398 759 1471 quarum
786 1377 864 1444 in
896 1373 1079 1445 foetu
1114 1390 1186 1446 et
1221 1375 1298 1445 in
1338 1373 1766 1445 educatione
1801 1371 2125 1442 laborem
2159 1396 2388 1467 quum
2420 1397 2574 1444 cer-

451 1487 720 1569 nimus,
759 1500 1029 1556 naturae
1071 1486 1297 1582 ipsius
1341 1508 1592 1555 vocem
1636 1481 1967 1553 videmur
2010 1478 2285 1553 audire.
2333 1485 2574 1571 Quare

449 1610 529 1666 ut
578 1599 1038 1694 perspicuum
1089 1609 1227 1681 est,
1266 1608 1519 1664 natura
1569 1618 1703 1663 nos
1761 1617 1800 1663 a
1841 1591 2094 1662 dolore
2144 1589 2577 1677 abhorrere3

448 1708 548 1778 sic
574 1721 907 1804 apparet,
934 1731 975 1776 a
1008 1720 1261 1775 natura
1292 1706 1444 1803 ipsa
1460 1702 1518 1791 ⁶,
1553 1719 1636 1775 ut
1669 1728 1791 1774 eos
1814 1759 1832 1791 ‚
1868 1727 2055 1801 quos
2088 1703 2571 1804 genuerimus‚

443 1839 808 1901 amemus,
856 1814 1150 1912 impelli.
1206 1819 1311 1884 Ex
1357 1813 1498 1885 hoc
1548 1815 1892 1899 nascitur,
1944 1827 2020 1884 ut
2061 1814 2330 1884 etiam7
2375 1838 2574 1884 com·
2615 1823 2682 1875 63

450 1928 691 1995 munis
709 1925 1086 1997 hominum
1111 1927 1298 1997 inter
1328 1925 1660 1996 homines
1677 1915 2065 1996 naturalis⁸
2088 1925 2179 1995 sit
2219 1947 2580 1994 commen-

447 2033 673 2121 datio,
713 2050 794 2106 ut
831 2051 1166 2134 oporteat
1210 2035 1579 2106 hominem
1621 2032 1710 2105 ab
1745 2033 2038 2104 homine
2070 2032 2166 2103 ob
2202 2031 2273 2102 id
2306 2033 2578 2130 ipsum,

522 2253 570 2285 2.
622 2241 670 2284 A
718 2255 817 2301 quo
863 2238 1003 2287 inicio
1050 2239 1324 2303 profectam

440 2316 795 2380 persequimur.
820 2320 860 2367 1.
884 2334 925 2365 e.
958 2340 983 2359 α
1006 2319 1249 2367 Βοοειοω
1276 2317 1338 2365 ab
1368 2318 1465 2365 hoe

446 2395 593 2443 initio
775 2398 1045 2461 profectam
1085 2413 1186 2445 ene
1242 2417 1287 2445 a.
1343 2395 1464 2443 Inde

1551 2253 1719 2292 mnnnt
1732 2244 1900 2292 Davin.
1922 2255 1971 2291 et
1988 2245 2146 2292 Brem.
2169 2260 2181 2291 ε
2210 2259 2366 2308 neque
2389 2243 2502 2290 ferri
2527 2244 2578 2291 id

1552 2323 1656 2371 ullo
1678 2322 1827 2370 modo
1845 2332 2024 2385 potent.
2041 2324 2101 2372 F..
2125 2318 2166 2378 ξ.
2192 2334 2240 2370 et
2264 2323 2369 2371 Bon.
2392 2322 2578 2387 respici.

1552 2401 1789 2450 Dedimus
1805 2436 1818 2455 ‚
1855 2401 1991 2464 quod
2037 2401 2215 2463 optimi
2258 2400 2405 2449 codd.
2453 2417 2577 2464 proe-

450 2473 571 2521 nihil
607 2475 776 2523 madet
816 2477 932 2523 Ern.
967 2474 1182 2541 pmsecei
1219 2490 1463 2522 commen·

448 2551 569 2599 dans
594 2565 609 2601 ε
633 2570 723 2601 nec
743 2569 869 2618 opus
897 2564 968 2601 est
986 2570 1044 2602 ex
1069 2555 1249 2602 Eliens.
1274 2569 1302 2600 α
1317 2588 1332 2611 ,
1354 2570 1463 2601 cum

447 2631 615 2680 Davis.
650 2645 1012 2696 persequuntur
1046 2634 1324 2698 corrigere;
1353 2633 1465 2682 vide

448 2727 542 2759 nos
567 2728 713 2777 snpra
742 2715 801 2774 5,
850 2714 936 2771 18,
957 2725 1189 2777 peccamus
1332 2712 1463 2761 arbi-

446 2802 656 2840 tramur.
682 2791 828 2840 Adde
844 2791 877 2855 S
897 2793 990 2850 54,
1025 2801 1226 2840 censent
1262 2827 1302 2840 ..
1320 2827 1332 2839 .
1366 2808 1463 2839 an·

446 2880 743 2932 reponamus.
768 2871 1012 2917 Sententia
1030 2871 1172 2918 etiam
1191 2873 1461 2919 communis

446 2958 548 3008 ert,
584 2963 686 2995 non
710 2947 912 3012 propria
937 2949 1210 2995 Stoicorum
1228 2982 1241 3005 ,
1267 2948 1326 2996 de
1353 2953 1461 3014 qni-

446 3025 537 3074 bns
562 3030 686 3093 tho
724 3027 823 3074 fere
863 3026 1001 3074 tertia
1046 3042 1252 3090 persona
1296 3028 1460 3092 loqui-

445 3115 541 3156 tur.
572 3107 634 3155 G.

516 3187 568 3234 3.
591 3187 737 3250 Quod
751 3183 960 3250 primum
983 3185 1190 3250 intelligi
1206 3185 1358 3235 debet.
1382 3189 1458 3235 Sc.

446 3274 666 3311 naturam
694 3264 903 3312 voluisse
926 3263 1105 3311 liberos
1125 3280 1153 3311 ι
1176 3265 1460 3327 parentibus

444 3342 608 3405 diligi3
631 3359 741 3390 mm
760 3358 869 3407 quae
894 3359 1100 3408 corpora
1121 3344 1237 3390 fecit
1266 3354 1379 3408 apta
1398 3344 1461 3391 ad

444 3423 799 3486 generationem
820 3456 837 3482 ,
872 3422 1028 3471 voluit
1061 3423 1305 3487 procreari
1346 3439 1360 3471 ε
1412 3433 1463 3471 et

443 3518 554 3565 qne
583 3502 740 3550 voluit
765 3503 1042 3566 procreari,
1081 3518 1182 3549 uon
1220 3501 1327 3550 fieri
1370 3518 1462 3566 po-

445 3591 554 3642 test,
577 3591 633 3629 nt
658 3597 758 3628 non
778 3581 983 3629 voluerit
1000 3592 1282 3645 procreatos
1302 3581 1457 3645 diligi.

515 3667 564 3717 6.
594 3663 806 3708 Possem.
835 3661 1160 3709 Consentiunt
1178 3661 1351 3725 scripti
1366 3677 1461 3708 no-

442 3741 529 3787 stri
553 3755 721 3788 omnes
744 3740 797 3787 in
817 3752 1030 3804 possent.
1052 3743 1155 3789 Nec
1180 3740 1320 3788 aliter
1347 3756 1458 3788 cnm

444 3818 598 3865 tribus
622 3822 821 3868 Oxonm
846 3819 1085 3887 Davisius.
1119 3816 1248 3868 Olim
1269 3818 1465 3883 possint

444 3896 697 3960 vulgatum
725 3908 813 3946 eut.
838 3899 900 3947 G.

513 3977 563 4023 5.
587 3976 772 4040 Inspici
789 3988 956 4040 potest.
988 3978 1122 4027 Goer.
1166 3978 1312 4026 scrib.
1347 3993 1462 4042 per-

445 4050 578 4113 spici.
624 4057 695 4101 lta
715 4089 729 4111 ,
772 4055 931 4120 inquit
959 4091 973 4115 ,
1018 4055 1242 4119 praebent
1290 4069 1461 4119 praeter

450 4130 627 4180 Eliem.
657 4148 686 4179 a
707 4167 722 4190 ,
748 4134 875 4198 Spir.
903 4144 951 4182 et
978 4136 1074 4184 Erl.
1112 4137 1225 4183 item
1251 4139 1380 4185 Crat.
1410 4136 1461 4184 in

447 4225 594 4273 nmrg.
630 4213 967 4276 vulgatumque
1007 4214 1180 4279 inspici
1225 4228 1354 4264 recte
1383 4215 1461 4264 da-

1553 2479 1672 2527 bent
1703 2493 1716 2526 :
1739 2478 1824 2526 sed
1846 2479 2048 2527 fatemur
2063 2493 2152 2524 non
2179 2478 2413 2541 suspicari
2431 2481 2576 2537 ,·cic.

1553 2557 1771 2622 conspici
1790 2557 2073 2620 scripsisse3
2101 2557 2239 2618 cnjus
2265 2558 2577 2621 praepositio,

1554 2654 1616 2685 ex
1632 2636 1927 2701 compendio
1947 2637 2126 2701 scripta
2140 2671 2154 2694 ,
2181 2652 2398 2700 persepe
2413 2636 2576 2685 turbas

1554 2716 1806 2765 excitavit.

1623 2797 1673 2846 6.
1693 2799 1738 2844 A
1759 2808 1940 2844 natura
1958 2797 2066 2861 ipsa
2200 2794 2399 2859 impelli.
2427 2797 2575 2843 Mars.

1551 2878 1675 2924 Ven.
1702 2877 1998 2938 1494‚Cnt.
2026 2875 2133 2924 aliae
2162 2891 2244 2922 vv.
2266 2872 2378 2922 edd.
2398 2873 2580 2935 impelli

1549 2966 1665 3020 post
1687 2955 1793 3019 ipsa
1812 2955 2090 3011 collocant;
2117 2951 2330 3017 probato
2350 2967 2466 2998 sane
2485 2968 2574 3013 po-

1551 3034 1677 3089 situ,
1724 3034 1804 3081 cni
1834 3044 1992 3081 tamen
2028 3031 2191 3078 nullus
2224 3029 2452 3079 codicum
2488 3044 2576 3074 no-

1551 3122 1760 3159 strornm
1779 3113 1920 3158 favet.
1936 3109 2153 3157 Tertium
2168 3105 2545 3170 comparationis
2560 3143 2575 3167 ,

1551 3189 1688 3252 quod
1731 3191 1783 3237 in
1820 3189 1909 3236 hae
1951 3185 2300 3235 consecutione
2345 3184 2575 3232 omissum

1548 3279 1655 3327 est,
1693 3267 1833 3314 facile
1868 3266 1964 3313 hoc
2009 3282 2059 3313 ne
2099 3262 2322 3328 proebet,
2369 3284 2394 3303 οι
2420 3279 2574 3327 qnmu

1551 3362 1720 3393 eorum
1752 3360 1895 3392 canan
1932 3342 2129 3392 dolores
2154 3342 2444 3406 laboresque
2472 3360 2576 3391 sns-

1551 3424 1788 3489 cipinmne
1802 3445 1844 3470 ιι.
1872 3426 1936 3473 G.

1625 3520 1650 3565 7
1662 3537 1674 3550 .
1692 3505 1775 3551 Ea:
1793 3502 1885 3550 hoc
1907 3502 2150 3562 nascitur,
2166 3513 2219 3549 ue
2246 3503 2411 3550 ceiam.
2431 3505 2572 3552 Goer.

1551 3595 1737 3648 transp.
1782 3583 1954 3637 ceiam,
1999 3576 2068 3630 ui.
2118 3580 2322 3644 Seqnuti
2371 3596 2543 3629 snmus
2561 3615 2577 3638 ‚

1549 3662 1735 3725 inquit,
1767 3662 1984 3726 spirens.
2014 3671 2062 3708 et
2095 3660 2288 3723 Erlnng.
2316 3660 2482 3723 Vulgo
2526 3673 2579 3708 ue

1549 3740 1696 3788 eciam
1716 3739 1890 3789 editur.
1904 3739 2123 3787 Turbam
2143 3740 2271 3786 enim
2289 3739 2578 3802 plerumque

1551 3820 1747 3879 scribae,
1774 3821 1815 3866 ai
1834 3818 1979 3866 eciam
2010 3820 2063 3866 in
2089 3818 2327 3866 enuntiati
2354 3818 2575 3866 clausula

1548 3899 1767 3964 ponitur.
1792 3897 1952 3945 Etiam
1979 3913 2095 3945 vero
2120 3896 2184 3945 nd
2208 3896 2441 3945 nascitur
2466 3912 2575 3959 per-

1553 3979 1729 4038 tinere,
1749 3977 1826 4025 vel
1848 3994 1908 4025 ex
1937 3993 1998 4025 eo
2023 3975 2280 4040 probabile
2301 3985 2374 4023 est
2391 4009 2406 4033 ‚
2442 3973 2574 4036 quod

1551 4066 1885 4122 praecesserat,
1911 4078 1937 4097 ιι
1972 4072 2122 4120 quare
2161 4068 2215 4104 ut
2265 4055 2574 4118 perspicuum

1552 4149 1626 4186 est
1765 4137 1836 4183 sic
1861 4147 2062 4201 apparet
2087 4158 2127 4183 ι.

1624 4219 1671 4264 8.
1702 4215 1973 4264 Cornumnis
2103 4209 2341 4262 eeaeuralis
2446 4227 2576 4258 com-
