3217 4784
815 395 936 460 DE
987 392 1157 461 rm.
1216 390 1416 459 ΒΟΝ.
1470 393 1586 459 ΕΤ
1635 393 1852 461 MAL.
1907 397 2009 477 11,
2048 392 2109 462 5.

2400 397 2528 493 157

398 521 524 611 qui
582 507 1022 585 crucietur²⁶
1080 512 1378 581 summis
1435 508 1848 598 doloribuS‚
1923 538 2076 585 esse
2133 540 2336 603 eum,
2403 522 2530 617 qui

401 641 715 722 utroque
732 633 798 685 ²7
838 635 1093 695 careat.

496 741 578 805 V.
634 737 907 807 Satisne
945 735 1164 829 igitur
1198 728 1447 801 videor
1483 732 1628 801 vim
1676 721 2064 806 verborum
2096 751 2391 809 tenere:
2438 763 2530 810 an
2577 747 2637 801 15

398 870 559 917 sum
586 847 797 917 etiam
829 867 1026 915 nunc
1047 841 1162 913 vel
1189 864 1418 937 graece
1447 840 1690 937 loqui,
1727 844 1842 913 vel
1874 843 2089 918 latine
2121 847 2538 922 docendus?

400 962 487 1027 Et
515 970 756 1028 tamen
788 954 988 1039 vide,
1023 978 1116 1023 ne
1139 1007 1157 1037 ‚
1198 953 1257 1022 si
1293 975 1431 1049 ego
1475 976 1626 1021 non
1671 953 2062 1051 intelligam
2087 1012 2106 1045 ‚
2149 958 2327 1055 quid
2364 963 2537 1060 Epi-

402 1092 622 1139 curus
664 1068 1026 1163 loquatur,
1074 1087 1302 1160 quum
1356 1085 1619 1158 graece‚
1665 1077 1745 1133 ut
1799 1063 2086 1150 videor,
2131 1068 2541 1142 luculenter

404 1181 662 1264 sciam;
721 1178 812 1247 sit
863 1175 1103 1271 aliqua
1152 1171 1363 1270 culpa
1421 1172 1616 1266 ejus,
1667 1175 1795 1269 qui
1850 1176 1948 1245 ita
2001 1175 2415 1273 loquatur¹‚
2464 1198 2546 1252 ut

407 1313 555 1358 non
595 1287 1052 1384 intelligatur.
1090 1282 1305 1373 Quod
1349 1279 1643 1352 duobus
1683 1285 1919 1355 modis
1957 1288 2112 1357 sine
2150 1290 2544 1388 reprehen-

409 1399 613 1468 sione
660 1396 744 1467 fit
784 1423 804 1466 .·
844 1398 900 1466 si
953 1409 1076 1466 aut
1113 1394 1205 1465 de
1263 1388 1618 1463 industria
1664 1392 1917 1481 faciaS,
1976 1412 2061 1467 ut
2113 1401 2546 1485 Heraclitus,

411 1518 904 1601 cognomento
933 1502 1110 1599 qui²
1141 1502 1436 1577 σκοτεινὸς
1480 1497 1934 1593 perhibetur,
1970 1504 2141 1598 quia
2173 1502 2263 1575 de
2296 1522 2548 1579 natura

411 1761 464 1807 iu
482 1758 573 1806 hae
591 1775 714 1807 voce
728 1773 931 1823 peceare
948 1755 1184 1814 vidimns3
1202 1754 1267 1802 cf.
1289 1754 1435 1817 Legg.

411 1843 460 1895 1,
490 1854 574 1897 αι,
603 1840 687 1888 55.
722 1841 788 1887 G.

484 1920 570 1966 26.
610 1917 875 1965 Crueae’eeur.
913 1915 1048 1962 Goer.
1074 1913 1159 1960 dat
1188 1910 1438 1958 exet-neie-

413 2006 511 2041 οων.
551 1996 661 2054 Sic,
697 1995 882 2059 inquit,
926 2009 988 2041 ex
1022 2002 1232 2056 quatuor
1261 1990 1436 2038 nostris

416 2073 666 2121 dedimus:
694 2085 896 2136 augetur
917 2073 1043 2120 enim
1068 2070 1215 2119 verbo
1236 2085 1436 2133 compo-

416 2155 511 2201 sito
563 2153 816 2200 sententiae
857 2152 960 2209 vis,
1002 2152 1150 2214 idque
1197 2150 1438 2197 contextis

416 2233 559 2298 plane
575 2231 934 2279 convenienter.
954 2230 1242 2278 subtrahere
1259 2228 1439 2275 scribas

417 2311 576 2360 verbis
595 2309 966 2374 praepositiones
978 2343 992 2366 ,
1009 2307 1330 2355 notissimum.

490 2407 576 2453 ⁹⁷7·
610 2392 823 2453 Utroque
840 2403 940 2435 uon
959 2387 1021 2434 ad
1042 2386 1186 2434 verba
1210 2387 1311 2449 ipsa
1325 2420 1339 2443 ‚
1355 2383 1443 2431 sed

418 2469 481 2519 ad
504 2483 671 2516 eorum
691 2469 942 2513 notionem
964 2466 1198 2513 refertur:
1231 2464 1294 2510 ita
1318 2461 1442 2509 nihil

418 2559 515 2606 est,
562 2563 652 2595 cur
691 2561 801 2593 eum
842 2543 1009 2591 Lamb.
1048 2543 1255 2606 teu-isque
1287 2541 1441 2589 malis.

419 2631 570 2677 Recte
592 2626 720 2673 idem
739 2624 863 2672 vidit
882 2624 1061 2671 Bremi.
1084 2622 1268 2670 Eodem
1292 2619 1443 2668 modo

421 2705 646 2754 utrumvis
674 2719 819 2768 supra
847 2706 898 2762 1,
926 2717 1005 2762 17,
1044 2702 1136 2761 56,
1173 2701 1293 2765 poni
1318 2700 1445 2749 vidi-

422 2802 545 2834 mus.
574 2787 637 2833 G.

493 2868 559 2912 V.
599 2879 642 2910 ι.
690 2860 788 2924 Qut*
822 2860 893 2906 ita
935 2860 1185 2925 quuatur.
1224 2859 1446 2906 Potior-es

424 2957 522 2993 tres
548 2944 705 2991 nostri
730 2940 974 3003 quuitur,
1002 2938 1136 3001 quod
1160 2939 1289 2986 malo
1307 2952 1320 2985 :
1340 2954 1446 2986 non

424 3035 522 3073 tam
542 3031 745 3086 propter
765 3017 1069 3085 κακέμφατον
1084 3028 1166 3077 ‚ut
1180 3018 1346 3066 Davis.
1360 3017 1447 3065 sed

322 3132 327 3135 -
424 3103 561 3167 qnod
601 3102 727 3148 inter
758 3100 851 3148 hos
890 3097 1235 3158 conjunctivos
1276 3097 1446 3144 scribae

396 3238 403 3247 ,
426 3184 711 3249 plerumque
735 3180 794 3228 de
816 3193 906 3226 suo
931 3179 999 3225 sic
1025 3176 1244 3224 scribunt
1263 3190 1276 3233 ;
1298 3174 1448 3239 qnod·

427 3279 523 3326 que
548 3271 721 3309 auctor
745 3259 836 3305 hac
870 3257 1056 3304 ratione
1077 3256 1337 3319 saepissime
1362 3269 1450 3300 so-

343 3333 367 3386 ”.
426 3341 511 3391 let.
531 3342 668 3388 Brut.
697 3336 761 3394 45
781 3371 798 3398 ,
830 3339 927 3386 185
949 3353 962 3383 ε
982 3335 1271 3383 «Efficiatur
1287 3344 1448 3382 autem

427 3421 492 3469 ab
512 3430 735 3475 oratore,
766 3433 857 3465 nec
880 3432 966 3473 ne,
984 3427 1041 3463 nt
1067 3415 1098 3461 ii
1121 3415 1204 3478 qui
1227 3413 1450 3472 audiunt,

429 3500 494 3548 ita
522 3497 827 3554 afficiantur,
855 3507 910 3544 nt
937 3503 1103 3542 orator
1131 3493 1300 3540 velit».
1330 3494 1450 3539 Ern.

431 3581 491 3629 de
517 3594 609 3627 sno
638 3576 877 3634 audiant,
920 3573 1005 3621 sed
1042 3584 1169 3621 recte
1197 3570 1453 3619 Schiitzius

431 3658 679 3722 vulgatum
706 3652 948 3717 reposuit.
985 3652 1163 3699 Eadem
1191 3652 1315 3698 ratio
1344 3661 1419 3698 est
1436 3691 1450 3713 ,

430 3740 479 3786 si·
508 3735 761 3785 indicativi
787 3748 889 3781 aec.
927 3747 1037 3779 cnm
1076 3730 1187 3779 inff.
1231 3732 1453 3797 interpo-

432 3828 632 3866 nuntur.
658 3814 741 3863 cf.
767 3812 1007 3875 Heusing.
1032 3811 1095 3858 ad
1122 3811 1224 3859 Off.
1250 3814 1272 3859 1
1290 3848 1304 3871 ,
1329 3831 1374 3873 7,
1406 3817 1456 3864 6,

431 3898 659 3945 Ceterum
685 3891 810 3942 vidit
832 3891 1016 3951 Brenni,
1051 3891 1165 3955 quia
1194 3890 1264 3939 sic
1294 3891 1459 3942 videre

436 3976 617 4035 voluit,
644 3986 797 4023 totam
822 3973 949 4020 banc
988 3970 1335 4019 enuntiationis
1362 3972 1458 4020 sor-

438 4069 564 4100 mam
585 4052 952 4114 conjunctivum
975 4050 1190 4114 flagitare
1211 4064 1226 4099 τ
1246 4066 1337 4098 nos
1364 4051 1457 4100 tale

439 4131 702 4195 quidquam
718 4131 842 4180 nihii
861 4132 1097 4180 videmus.
1117 4130 1272 4178 Immo
1292 4130 1458 4195 potius

1525 1753 1726 1815 proprie
1767 1754 1837 1801 sic
1879 1757 2066 1804 auctori
2093 1756 2350 1808 indicativ.
2377 1762 2428 1808 in
2456 1762 2550 1809 eir·

1526 1831 1887 1882 enmlocutione
1921 1837 2136 1897 ponitur.
2164 1838 2229 1886 G.

1601 1926 1648 1957 n.
1669 1912 1941 1961 Heraclitus
1957 1948 1971 1971 ,
1988 1928 2314 1980 cognomento
2342 1917 2441 1981 qm'.
2461 1921 2551 1967 Pn-

1526 2001 1581 2039 to
1622 1989 1879 2054 legendum
1915 1996 2225 2044 «Heraclitus
2242 2033 2256 2053 ‚
2297 1997 2367 2054 is,
2405 2015 2548 2063 cogn.

1526 2070 1611 2134 qni
1627 2092 1651 2111 n
1672 2071 1817 2119 :alias
1842 2073 1928 2119 vix
1951 2086 2081 2123 reete
2110 2074 2399 2139 probabitur
2418 2114 2431 2137 ,
2460 2095 2552 2125 co-

1521 2161 1791 2215 gnomento
1808 2167 1908 2199 esse
1926 2156 2429 2218 praepositum.Hujns
2441 2173 2557 2221 pro·

1528 2228 1741 2275 nominis
1760 2241 1976 2277 naturum
1990 2268 2003 2290 ‚
2024 2249 2116 2296 qua
2139 2251 2245 2281 eum
2269 2234 2377 2282 dico
2396 2248 2554 2291 notat,

1532 2306 1708 2355 docuit
1723 2342 1738 2366 ‚
1764 2320 1942 2372 praeter
1966 2311 2089 2359 alios
2105 2350 2119 2373 ,
2140 2314 2368 2378 Botting.
2387 2316 2553 2365 Divin.

1532 2388 1587 2441 1,
1619 2402 1712 2448 19,
1748 2403 1908 2450 neque
1937 2390 2027 2437 hae
2064 2403 2300 2440 structura
2329 2395 2555 2444 Ciceroni

1532 2465 1834 2527 frequentior
1873 2470 2124 2531 reperitur.
2166 2471 2260 2518 Sed
2305 2475 2470 2522 multis
2499 2492 2554 2523 ea

1533 2542 1696 2591 modis
1726 2560 1753 2591 a
1782 2545 1954 2592 scribis
1981 2546 2279 2600 obliteratur.
2323 2554 2395 2600 Ita
2427 2571 2474 2603 v.
2512 2572 2554 2603 e.

1533 2623 1803 2671 sanandum
1838 2623 2002 2673 locum
2051 2638 2276 2690 putamus
2320 2633 2464 2682 Tusc.
2505 2638 2557 2693 1,

1537 2702 1565 2748 8
1579 2718 1597 2749 1
1621 2737 1635 2759 ‚
1663 2710 1756 2758 ¹04
1777 2717 1832 2752 :-
1846 2704 2033 2753 Durior
2049 2708 2295 2771 Diogenes
2313 2722 2361 2759 et
2378 2712 2430 2760 id
2450 2713 2556 2777 qui·

1535 2782 1646 2828 dem
1670 2783 1907 2843 sentiens,
1934 2783 2045 2842 sed,
2071 2796 2128 2831 ut
2149 2788 2391 2850 Cynicus.
2418 2807 2557 2855 aspe-

1535 2861 1663 2919 rius,
1702 2862 1877 2925 projici
1922 2879 1973 2910 se
2004 2864 2147 2922 jussit
2183 2866 2556 2918 inhumatum».

1535 2940 1689 2989 Wolf.
1737 2957 1898 3005 nuper
1932 2953 2019 2989 «et
2059 2944 2100 2989 is
2141 2944 2338 3006 quidem
2366 2946 2556 3003 idem-;

1535 3034 1649 3066 nam
1664 3034 1832 3066 omnes
1850 3018 2018 3082 scripti
2043 3040 2064 3060 ι
2083 3030 2129 3065 et
2151 3021 2191 3066 is
2209 3022 2405 3083 quidem
2427 3043 2471 3071 ι.
2491 3026 2560 3074 At

1536 3096 1761 3160 equidem
1780 3096 2029 3143 maluerim
2043 3131 2057 3154 ,
2072 3108 2122 3144 et
2134 3098 2287 3146 deleta
2303 3135 2317 3157 ‚
2348 3101 2561 3166 «Dioge.

1536 3191 1640 3231 nes‚
1660 3176 1701 3222 is
1713 3211 1727 3233 ,
1744 3176 1830 3238 qui
1845 3210 1859 3234 ‚
1880 3174 2007 3220 idem
2027 3176 2239 3224 sentiens
2254 3199 2294 3225 a.
2319 3180 2560 3244 Copulatu

1540 3265 1670 3301 certe
1695 3264 1806 3301 ante
1825 3253 1887 3311 1⁶5,
1909 3254 1999 3301 hac
2022 3254 2072 3300 in
2096 3255 2245 3303 forma
2260 3291 2275 3315 ‚
2300 3258 2560 3320 inculcari,

1539 3344 1674 3398 patet
1700 3347 1760 3380 ex
1793 3333 1957 3381 Divin.
1987 3334 2039 3392 1,
2078 3332 2111 3382 l.
2135 3333 2169 3383 l.
2198 3337 2343 3384 Mars.
2379 3340 2466 3404 qui
2487 3358 2563 3389 co·

1537 3427 1705 3478 gnum.
1730 3411 2038 3474 transponit,
2080 3414 2216 3475 qnod
2245 3431 2436 3466 necesse
2459 3436 2560 3468 non

1540 3503 1630 3541 est.
1659 3491 1725 3538 G.
1749 3516 1820 3527 —
1846 3490 2013 3540 Lamb.
2041 3491 2147 3539 haec
2174 3506 2332 3557 poetae
2358 3497 2561 3561 alicujus

1542 3571 1689 3620 verba
1725 3586 1826 3618 esse
1864 3570 2111 3634 opinatur.
2147 3575 2283 3621 Goer.
2315 3577 2400 3639 qni
2433 3577 2563 3628 hanc

1544 3655 1827 3718 opinionem
1846 3654 2006 3717 primo
2028 3654 2314 3703 refutaverat
2329 3657 2379 3704 in
2398 3662 2529 3708 notis
2548 3696 2564 3721 ‚

1545 3751 1649 3784 eam
1679 3745 1849 3783 contra
1871 3734 1921 3780 in
1951 3732 2310 3783 Additamentis
2338 3754 2437 3785 suae
2463 3739 2566 3788 edi.

1543 3813 1694 3861 tionis
1716 3810 1835 3861 calci
1857 3812 2095 3876 appositis
2113 3813 2388 3879 confirmat,
2411 3819 2565 3868 Reizii

1545 3894 1887 3942 anctoritatem
1943 3890 2152 3940 afferens
2169 3928 2183 3951 ,
2236 3898 2319 3959 qui
2369 3897 2419 3945 iu
2473 3916 2568 3949 suo

1546 3972 1813 4036 exemplari
1844 3970 1907 4018 ad
1932 3971 2037 4017 haec-
2065 3971 2324 4038 adscripsit
2350 3990 2364 4024 ε
2401 3999 2423 4021 ι
2444 3979 2568 4028 Sunt

1547 4053 1648 4100 duo
1704 4066 1899 4112 versus,
1940 4065 2063 4114 quos
2107 4052 2252 4099 Ennii
2292 4070 2394 4102 esse
2428 4066 2570 4119 putat

1548 4136 1774 4183 Muretus
1799 4130 1860 4177 ad
1891 4131 2091 4179 Aristot.
2132 4131 2242 4179 Eth.
2269 4148 2296 4179 2
2313 4169 2328 4193 ,
2356 4134 2383 4181 3
2401 4167 2416 4191 ‚
2459 4150 2571 4198 pag.
