<?xml version="1.0" encoding="UTF-8"?>
<!DOCTYPE html PUBLIC "-//W3C//DTD XHTML 1.0 Transitional//EN"
    "http://www.w3.org/TR/xhtml1/DTD/xhtml1-transitional.dtd">
<html xmlns="http://www.w3.org/1999/xhtml" xml:lang="en" lang="en">
 <head>
  <title>
</title>
<meta http-equiv="Content-Type" content="text/html;charset=utf-8" />
  <meta name='ocr-system' content='tesseract 3.04.00' />
  <meta name='ocr-capabilities' content='ocr_page ocr_carea ocr_par ocr_line ocrx_word'/>
</head>
<body>
  <div class='ocr_page' id='page_1' title='image "./mtciceronisquae00clergoog/mtciceronisquae00clergoog_0063.png"; bbox 0 0 3217 4784; ppageno 0'>
   <div class='ocr_carea' id='block_1_1' title="bbox 822 483 2488 567">
    <p class='ocr_par' dir='ltr' id='par_1_1' title="bbox 822 483 2488 567">
     <span class='ocr_line' id='line_1_1' title="bbox 822 483 2488 567; baseline 0.001 -13"><span class='ocrx_word' id='word_1_1' title='bbox 822 489 947 554; x_wconf 89' lang='lat' dir='ltr'><strong>DE</strong></span> <span class='ocrx_word' id='word_1_2' title='bbox 994 485 1169 555; x_wconf 85' lang='lat' dir='ltr'><strong>FIN.</strong></span> <span class='ocrx_word' id='word_1_3' title='bbox 1211 485 1416 554; x_wconf 79' lang='lat' dir='ltr'><strong>BON.</strong></span> <span class='ocrx_word' id='word_1_4' title='bbox 1468 486 1582 553; x_wconf 92' lang='lat' dir='ltr'><strong>ET</strong></span> <span class='ocrx_word' id='word_1_5' title='bbox 1631 486 1848 553; x_wconf 83' lang='lat' dir='ltr'><strong>MAL.</strong></span> <span class='ocrx_word' id='word_1_6' title='bbox 1901 486 1958 567; x_wconf 87' lang='grc' dir='ltr'><strong>Ι,</strong></span> <span class='ocrx_word' id='word_1_7' title='bbox 1990 485 2057 565; x_wconf 75' lang='grc'><strong>4.</strong></span> <span class='ocrx_word' id='word_1_8' title='bbox 2396 483 2488 565; x_wconf 75' lang='lat'><strong>43</strong></span> 
     </span>
    </p>
   </div>
   <div class='ocr_carea' id='block_1_2' title="bbox 378 601 2589 2019">
    <p class='ocr_par' dir='ltr' id='par_1_2' title="bbox 378 601 2589 2019">
     <span class='ocr_line' id='line_1_2' title="bbox 474 601 2589 699; baseline -0.002 -22"><span class='ocrx_word' id='word_1_9' title='bbox 474 610 620 698; x_wconf 89' lang='lat' dir='ltr'><strong>Qui</strong></span> <span class='ocrx_word' id='word_1_10' title='bbox 645 621 883 679; x_wconf 85' lang='lat' dir='ltr'><strong>autem</strong></span> <span class='ocrx_word' id='word_1_11' title='bbox 916 607 1052 678; x_wconf 84' lang='lat' dir='ltr'><strong>alia</strong></span> <span class='ocrx_word' id='word_1_12' title='bbox 1082 605 1357 676; x_wconf 87' lang='lat' dir='ltr'><strong>malunt</strong></span> <span class='ocrx_word' id='word_1_13' title='bbox 1382 604 1598 677; x_wconf 83' lang='lat' dir='ltr'>scribi</span> <span class='ocrx_word' id='word_1_14' title='bbox 1630 629 1673 675; x_wconf 87' lang='lat' dir='ltr'>a</span> <span class='ocrx_word' id='word_1_15' title='bbox 1697 602 1942 690; x_wconf 80' lang='lat' dir='ltr'><strong>nobiS‚</strong></span> <span class='ocrx_word' id='word_1_16' title='bbox 1974 603 2157 699; x_wconf 81' lang='lat' dir='ltr'><strong>aequi</strong></span> <span class='ocrx_word' id='word_1_17' title='bbox 2189 624 2341 673; x_wconf 82' lang='lat' dir='ltr'><strong>esse</strong></span> <span class='ocrx_word' id='word_1_18' title='bbox 2371 601 2491 673; x_wconf 85' lang='lat' dir='ltr'><strong>de·</strong></span> <span class='ocrx_word' id='word_1_19' title='bbox 2533 630 2589 664; x_wconf 83' lang='lat'><strong>11</strong></span> 
     </span>
     <span class='ocr_line' id='line_1_3' title="bbox 378 711 2491 814; baseline -0.003 -27"><span class='ocrx_word' id='word_1_20' title='bbox 378 715 594 804; x_wconf 84' lang='lat' dir='ltr'><strong>bent,</strong></span> <span class='ocrx_word' id='word_1_21' title='bbox 640 714 842 814; x_wconf 90' lang='lat' dir='ltr'><strong>quod</strong></span> <span class='ocrx_word' id='word_1_22' title='bbox 891 730 967 787; x_wconf 91' lang='lat' dir='ltr'><strong>et</strong></span> <span class='ocrx_word' id='word_1_23' title='bbox 1017 717 1281 814; x_wconf 80' lang='lat' dir='ltr'><strong>scripta</strong></span> <span class='ocrx_word' id='word_1_24' title='bbox 1328 714 1556 785; x_wconf 86' lang='lat' dir='ltr'><strong>multa</strong></span> <span class='ocrx_word' id='word_1_25' title='bbox 1606 727 1816 800; x_wconf 79' lang='lat' dir='ltr'><strong>sunt,</strong></span> <span class='ocrx_word' id='word_1_26' title='bbox 1864 716 1965 784; x_wconf 86' lang='lat' dir='ltr'><strong>sic</strong></span> <span class='ocrx_word' id='word_1_27' title='bbox 2007 727 2089 783; x_wconf 88' lang='lat' dir='ltr'><strong>ut</strong></span> <span class='ocrx_word' id='word_1_28' title='bbox 2131 711 2336 811; x_wconf 83' lang='lat' dir='ltr'><strong>plura</strong></span> <span class='ocrx_word' id='word_1_29' title='bbox 2371 734 2491 781; x_wconf 90' lang='lat' dir='ltr'><strong>ne-</strong></span> 
     </span>
     <span class='ocr_line' id='line_1_4' title="bbox 379 820 2494 920; baseline -0.001 -26"><span class='ocrx_word' id='word_1_30' title='bbox 379 825 560 895; x_wconf 88' lang='lat' dir='ltr'><strong>mini</strong></span> <span class='ocrx_word' id='word_1_31' title='bbox 606 850 646 896; x_wconf 92' lang='lat' dir='ltr'><strong>e</strong></span> <span class='ocrx_word' id='word_1_32' title='bbox 684 822 1034 913; x_wconf 81' lang='lat' dir='ltr'><strong>nostris⁵;</strong></span> <span class='ocrx_word' id='word_1_33' title='bbox 1066 840 1142 896; x_wconf 88' lang='lat' dir='ltr'><strong>et</strong></span> <span class='ocrx_word' id='word_1_34' title='bbox 1180 823 1586 897; x_wconf 85' lang='lat' dir='ltr'><strong>scribentur</strong></span> <span class='ocrx_word' id='word_1_35' title='bbox 1635 820 1934 895; x_wconf 83' lang='lat' dir='ltr'><strong>fortasse</strong></span> <span class='ocrx_word' id='word_1_36' title='bbox 1967 822 2207 920; x_wconf 88' lang='lat' dir='ltr'><strong>plura,</strong></span> <span class='ocrx_word' id='word_1_37' title='bbox 2263 822 2322 894; x_wconf 87' lang='lat' dir='ltr'><strong>si</strong></span> <span class='ocrx_word' id='word_1_38' title='bbox 2350 822 2494 891; x_wconf 79' lang='lat' dir='ltr'><strong>vita</strong></span> 
     </span>
     <span class='ocr_line' id='line_1_5' title="bbox 380 912 2495 1033; baseline -0.003 -27"><span class='ocrx_word' id='word_1_39' title='bbox 380 912 759 1033; x_wconf 49' lang='lat' dir='ltr'><strong>suppetet}</strong></span> <span class='ocrx_word' id='word_1_40' title='bbox 795 949 869 1005; x_wconf 85' lang='lat' dir='ltr'><strong>et</strong></span> <span class='ocrx_word' id='word_1_41' title='bbox 914 948 1151 1006; x_wconf 80' lang='lat' dir='ltr'><strong>tamen</strong></span> <span class='ocrx_word' id='word_1_42' title='bbox 1200 937 1329 1031; x_wconf 89' lang='lat' dir='ltr'><strong>qui</strong></span> <span class='ocrx_word' id='word_1_43' title='bbox 1376 933 1758 1030; x_wconf 83' lang='lat' dir='ltr'>diligenter</span> <span class='ocrx_word' id='word_1_44' title='bbox 1792 932 1974 1021; x_wconf 81' lang='lat' dir='ltr'><strong>haec,</strong></span> <span class='ocrx_word' id='word_1_45' title='bbox 2011 957 2171 1029; x_wconf 83' lang='lat' dir='ltr'><strong>quae</strong></span> <span class='ocrx_word' id='word_1_46' title='bbox 2203 931 2294 1004; x_wconf 91' lang='lat' dir='ltr'><strong>de</strong></span> <span class='ocrx_word' id='word_1_47' title='bbox 2338 929 2495 1029; x_wconf 89' lang='lat' dir='ltr'><strong>phi·</strong></span> 
     </span>
     <span class='ocr_line' id='line_1_6' title="bbox 381 1038 2492 1143; baseline -0.002 -28"><span class='ocrx_word' id='word_1_48' title='bbox 381 1044 713 1143; x_wconf 83' lang='lat' dir='ltr'><strong>losophia</strong></span> <span class='ocrx_word' id='word_1_49' title='bbox 752 1044 977 1115; x_wconf 82' lang='lat' dir='ltr'><strong>literis</strong></span> <span class='ocrx_word' id='word_1_50' title='bbox 1013 1043 1475 1131; x_wconf 74' lang='lat' dir='ltr'><strong>mandamu3‚</strong></span> <span class='ocrx_word' id='word_1_51' title='bbox 1513 1044 1749 1138; x_wconf 85' lang='lat' dir='ltr'><strong>legere</strong></span> <span class='ocrx_word' id='word_1_52' title='bbox 1785 1046 2178 1113; x_wconf 79' lang='lat' dir='ltr'><strong>assueverit</strong></span> <span class='ocrx_word' id='word_1_53' title='bbox 2193 1038 2250 1129; x_wconf 77' lang='lat'><strong>⁶,</strong></span> <span class='ocrx_word' id='word_1_54' title='bbox 2302 1040 2492 1136; x_wconf 85' lang='lat' dir='ltr'><strong>judi-</strong></span> 
     </span>
     <span class='ocr_line' id='line_1_7' title="bbox 382 1150 2497 1250; baseline -0.002 -25"><span class='ocrx_word' id='word_1_55' title='bbox 382 1153 577 1225; x_wconf 83' lang='lat' dir='ltr'><strong>cabit</strong></span> <span class='ocrx_word' id='word_1_56' title='bbox 623 1153 821 1225; x_wconf 85' lang='lat' dir='ltr'><strong>nulla</strong></span> <span class='ocrx_word' id='word_1_57' title='bbox 881 1153 971 1226; x_wconf 83' lang='lat' dir='ltr'><strong>ad</strong></span> <span class='ocrx_word' id='word_1_58' title='bbox 1029 1154 1413 1250; x_wconf 88' lang='lat' dir='ltr'><strong>legendum</strong></span> <span class='ocrx_word' id='word_1_59' title='bbox 1463 1152 1576 1224; x_wconf 84' lang='lat' dir='ltr'><strong>his</strong></span> <span class='ocrx_word' id='word_1_60' title='bbox 1617 1153 2117 1249; x_wconf 76' lang='lat' dir='ltr'><strong>esee‘potiora.</strong></span> <span class='ocrx_word' id='word_1_61' title='bbox 2155 1150 2351 1242; x_wconf 89' lang='lat' dir='ltr'>Quid</span> <span class='ocrx_word' id='word_1_62' title='bbox 2388 1165 2497 1222; x_wconf 84' lang='lat' dir='ltr'><strong>est</strong></span> 
     </span>
     <span class='ocr_line' id='line_1_8' title="bbox 382 1259 2493 1361; baseline -0.003 -26"><span class='ocrx_word' id='word_1_63' title='bbox 382 1265 576 1335; x_wconf 90' lang='lat' dir='ltr'><strong>enim</strong></span> <span class='ocrx_word' id='word_1_64' title='bbox 612 1264 689 1334; x_wconf 87' lang='lat' dir='ltr'><strong>in</strong></span> <span class='ocrx_word' id='word_1_65' title='bbox 728 1266 873 1335; x_wconf 74' lang='lat' dir='ltr'><strong>vita</strong></span> <span class='ocrx_word' id='word_1_66' title='bbox 902 1277 1273 1361; x_wconf 78' lang='lat' dir='ltr'><strong>tantopere</strong></span> <span class='ocrx_word' id='word_1_67' title='bbox 1305 1259 1805 1360; x_wconf 59' lang='lat' dir='ltr'><strong>(plectendum,</strong></span> <span class='ocrx_word' id='word_1_68' title='bbox 1838 1284 2055 1358; x_wconf 86' lang='lat' dir='ltr'><strong>quam</strong></span> <span class='ocrx_word' id='word_1_69' title='bbox 2090 1284 2315 1357; x_wconf 90' lang='lat' dir='ltr'><strong>quum</strong></span> <span class='ocrx_word' id='word_1_70' title='bbox 2343 1282 2493 1330; x_wconf 88' lang='lat' dir='ltr'><strong>orn·</strong></span> 
     </span>
     <span class='ocr_line' id='line_1_9' title="bbox 382 1369 2495 1472; baseline -0.002 -29"><span class='ocrx_word' id='word_1_71' title='bbox 382 1374 504 1444; x_wconf 87' lang='lat' dir='ltr'><strong>nia</strong></span> <span class='ocrx_word' id='word_1_72' title='bbox 538 1375 613 1445; x_wconf 92' lang='lat' dir='ltr'><strong>in</strong></span> <span class='ocrx_word' id='word_1_73' title='bbox 652 1373 1109 1472; x_wconf 85' lang='lat' dir='ltr'>philosophia</span> <span class='ocrx_word' id='word_1_74' title='bbox 1130 1428 1150 1460; x_wconf 87' lang='lat'><strong>‚</strong></span> <span class='ocrx_word' id='word_1_75' title='bbox 1173 1388 1327 1444; x_wconf 89' lang='lat' dir='ltr'><strong>tum</strong></span> <span class='ocrx_word' id='word_1_76' title='bbox 1364 1372 1441 1442; x_wconf 87' lang='lat' dir='ltr'><strong>id</strong></span> <span class='ocrx_word' id='word_1_77' title='bbox 1463 1424 1483 1459; x_wconf 91' lang='lat'>‚</span> <span class='ocrx_word' id='word_1_78' title='bbox 1517 1370 1715 1469; x_wconf 88' lang='lat' dir='ltr'><strong>quod</strong></span> <span class='ocrx_word' id='word_1_79' title='bbox 1748 1371 1862 1442; x_wconf 85' lang='lat' dir='ltr'><strong>his</strong></span> <span class='ocrx_word' id='word_1_80' title='bbox 1891 1369 2091 1441; x_wconf 89' lang='lat' dir='ltr'><strong>libris</strong></span> <span class='ocrx_word' id='word_1_81' title='bbox 2123 1372 2495 1468; x_wconf 82' lang='lat' dir='ltr'><strong>quaeritur‚</strong></span> 
     </span>
     <span class='ocr_line' id='line_1_10' title="bbox 384 1480 2496 1581; baseline -0.005 -22"><span class='ocrx_word' id='word_1_82' title='bbox 384 1483 561 1580; x_wconf 87' lang='lat' dir='ltr'><strong>quid</strong></span> <span class='ocrx_word' id='word_1_83' title='bbox 598 1486 690 1556; x_wconf 83' lang='lat' dir='ltr'><strong>sit</strong></span> <span class='ocrx_word' id='word_1_84' title='bbox 720 1483 955 1569; x_wconf 80' lang='lat' dir='ltr'><strong>finis&#39;7,</strong></span> <span class='ocrx_word' id='word_1_85' title='bbox 999 1483 1175 1581; x_wconf 90' lang='lat' dir='ltr'><strong>quid</strong></span> <span class='ocrx_word' id='word_1_86' title='bbox 1215 1497 1658 1569; x_wconf 87' lang='lat' dir='ltr'><strong>extremum,</strong></span> <span class='ocrx_word' id='word_1_87' title='bbox 1702 1480 1882 1577; x_wconf 90' lang='lat' dir='ltr'><strong>quid</strong></span> <span class='ocrx_word' id='word_1_88' title='bbox 1926 1480 2304 1567; x_wconf 89' lang='lat' dir='ltr'><strong>ultimum,</strong></span> <span class='ocrx_word' id='word_1_89' title='bbox 2346 1504 2496 1577; x_wconf 91' lang='lat' dir='ltr'><strong>quo</strong></span> 
     </span>
     <span class='ocr_line' id='line_1_11' title="bbox 386 1589 2500 1687; baseline -0.002 -23"><span class='ocrx_word' id='word_1_90' title='bbox 386 1594 532 1665; x_wconf 86' lang='lat' dir='ltr'><strong>sint</strong></span> <span class='ocrx_word' id='word_1_91' title='bbox 567 1596 812 1665; x_wconf 90' lang='lat' dir='ltr'><strong>omnia</strong></span> <span class='ocrx_word' id='word_1_92' title='bbox 859 1594 1049 1665; x_wconf 88' lang='lat' dir='ltr'><strong>bene</strong></span> <span class='ocrx_word' id='word_1_93' title='bbox 1102 1591 1427 1677; x_wconf 83' lang='lat' dir='ltr'><strong>vivendi,</strong></span> <span class='ocrx_word' id='word_1_94' title='bbox 1460 1606 1804 1687; x_wconf 88' lang='lat' dir='ltr'><strong>recteque</strong></span> <span class='ocrx_word' id='word_1_95' title='bbox 1844 1589 2155 1662; x_wconf 83' lang='lat' dir='ltr'><strong>faciendi</strong></span> <span class='ocrx_word' id='word_1_96' title='bbox 2205 1589 2500 1660; x_wconf 79' lang='lat' dir='ltr'><strong>consilia</strong></span> 
     </span>
     <span class='ocr_line' id='line_1_12' title="bbox 385 1695 2501 1799; baseline -0.003 -24"><span class='ocrx_word' id='word_1_97' title='bbox 385 1702 814 1776; x_wconf 80' lang='lat' dir='ltr'><strong>referenda?</strong></span> <span class='ocrx_word' id='word_1_98' title='bbox 870 1704 1046 1799; x_wconf 90' lang='lat' dir='ltr'><strong>quid</strong></span> <span class='ocrx_word' id='word_1_99' title='bbox 1114 1715 1460 1799; x_wconf 81' lang='lat' dir='ltr'><strong>sequatur</strong></span> <span class='ocrx_word' id='word_1_100' title='bbox 1521 1714 1778 1772; x_wconf 81' lang='lat' dir='ltr'><strong>natura</strong></span> <span class='ocrx_word' id='word_1_101' title='bbox 1790 1695 1848 1787; x_wconf 78' lang='lat'><strong>⁸,</strong></span> <span class='ocrx_word' id='word_1_102' title='bbox 1892 1715 1975 1771; x_wconf 87' lang='lat' dir='ltr'><strong>ut</strong></span> <span class='ocrx_word' id='word_1_103' title='bbox 2016 1723 2379 1769; x_wconf 84' lang='lat' dir='ltr'><strong>summum</strong></span> <span class='ocrx_word' id='word_1_104' title='bbox 2412 1723 2501 1769; x_wconf 88' lang='lat' dir='ltr'><strong>ex</strong></span> 
     </span>
     <span class='ocr_line' id='line_1_13' title="bbox 385 1806 2500 1912; baseline -0.003 -29"><span class='ocrx_word' id='word_1_105' title='bbox 385 1812 607 1885; x_wconf 88' lang='lat' dir='ltr'><strong>rebus</strong></span> <span class='ocrx_word' id='word_1_106' title='bbox 649 1812 1113 1912; x_wconf 83' lang='lat' dir='ltr'><strong>expetendis?</strong></span> <span class='ocrx_word' id='word_1_107' title='bbox 1148 1810 1321 1909; x_wconf 88' lang='lat' dir='ltr'><strong>quid</strong></span> <span class='ocrx_word' id='word_1_108' title='bbox 1367 1806 1590 1905; x_wconf 84' lang='lat' dir='ltr'><strong>fugiat</strong></span> <span class='ocrx_word' id='word_1_109' title='bbox 1606 1818 1663 1897; x_wconf 86' lang='lat'><strong>9,</strong></span> <span class='ocrx_word' id='word_1_110' title='bbox 1704 1823 1786 1880; x_wconf 88' lang='lat' dir='ltr'><strong>ut</strong></span> <span class='ocrx_word' id='word_1_111' title='bbox 1836 1823 2238 1879; x_wconf 83' lang='lat' dir='ltr'><strong>extremum</strong></span> <span class='ocrx_word' id='word_1_112' title='bbox 2276 1807 2500 1877; x_wconf 83' lang='lat' dir='ltr'><strong>malo·-</strong></span> 
     </span>
     <span class='ocr_line' id='line_1_14' title="bbox 392 1918 2501 2019; baseline -0.003 -25"><span class='ocrx_word' id='word_1_113' title='bbox 392 1924 604 1994; x_wconf 79' lang='lat' dir='ltr'><strong>rum?</strong></span> <span class='ocrx_word' id='word_1_114' title='bbox 637 1926 800 2014; x_wconf 87' lang='lat' dir='ltr'><strong>Qua</strong></span> <span class='ocrx_word' id='word_1_115' title='bbox 831 1921 920 1993; x_wconf 90' lang='lat' dir='ltr'><strong>de</strong></span> <span class='ocrx_word' id='word_1_116' title='bbox 958 1948 1037 1994; x_wconf 90' lang='lat' dir='ltr'><strong>re</strong></span> <span class='ocrx_word' id='word_1_117' title='bbox 1070 1945 1301 2019; x_wconf 87' lang='lat' dir='ltr'><strong>quum</strong></span> <span class='ocrx_word' id='word_1_118' title='bbox 1338 1923 1427 1989; x_wconf 88' lang='lat' dir='ltr'><strong>sit</strong></span> <span class='ocrx_word' id='word_1_119' title='bbox 1466 1919 1653 1990; x_wconf 88' lang='lat' dir='ltr'><strong>inter</strong></span> <span class='ocrx_word' id='word_1_120' title='bbox 1687 1918 2140 1991; x_wconf 80' lang='lat' dir='ltr'><strong>doctissimos</strong></span> <span class='ocrx_word' id='word_1_121' title='bbox 2170 1940 2420 2015; x_wconf 77' lang='lat' dir='ltr'><strong>magna</strong></span> <span class='ocrx_word' id='word_1_122' title='bbox 2441 1927 2501 1962; x_wconf 88' lang='lat'><strong>¹⁰</strong></span> 
     </span>
    </p>
   </div>
   <div class='ocr_carea' id='block_1_3' title="bbox 391 2161 2502 2305">
    <p class='ocr_par' dir='ltr' id='par_1_3' title="bbox 391 2161 2502 2305">
     <span class='ocr_line' id='line_1_15' title="bbox 463 2161 2502 2229; baseline -0.001 -17"><span class='ocrx_word' id='word_1_123' title='bbox 463 2165 515 2212; x_wconf 78' lang='lat'><strong>5.</strong></span> <span class='ocrx_word' id='word_1_124' title='bbox 556 2162 637 2211; x_wconf 76' lang='lat' dir='ltr'><strong>Sic</strong></span> <span class='ocrx_word' id='word_1_125' title='bbox 664 2174 718 2209; x_wconf 76' lang='lat' dir='ltr'><strong>ut</strong></span> <span class='ocrx_word' id='word_1_126' title='bbox 745 2166 894 2227; x_wconf 77' lang='lat' dir='ltr'><strong>plura</strong></span> <span class='ocrx_word' id='word_1_127' title='bbox 926 2166 1108 2213; x_wconf 74' lang='lat' dir='ltr'><strong>nemim*</strong></span> <span class='ocrx_word' id='word_1_128' title='bbox 1142 2182 1171 2213; x_wconf 94' lang='lat' dir='ltr'><strong>e</strong></span> <span class='ocrx_word' id='word_1_129' title='bbox 1208 2164 1403 2212; x_wconf 74' lang='lat' dir='ltr'><strong>noser-is.</strong></span> <span class='ocrx_word' id='word_1_130' title='bbox 1487 2163 1707 2229; x_wconf 78' lang='lat' dir='ltr'><strong>plerique</strong></span> <span class='ocrx_word' id='word_1_131' title='bbox 1737 2179 1903 2211; x_wconf 84' lang='lat' dir='ltr'><strong>omnes</strong></span> <span class='ocrx_word' id='word_1_132' title='bbox 1940 2197 1958 2221; x_wconf 82' lang='lat'>‚</span> <span class='ocrx_word' id='word_1_133' title='bbox 1996 2178 2090 2228; x_wconf 92' lang='lat' dir='ltr'><strong>pro</strong></span> <span class='ocrx_word' id='word_1_134' title='bbox 2128 2184 2154 2205; x_wconf 76' lang='grc' dir='ltr'><strong>οι</strong></span> <span class='ocrx_word' id='word_1_135' title='bbox 2186 2161 2469 2227; x_wconf 69' lang='lat' dir='ltr'><strong>expetendis</strong></span> <span class='ocrx_word' id='word_1_136' title='bbox 2487 2198 2502 2222; x_wconf 90' lang='lat'><strong>,</strong></span> 
     </span>
     <span class='ocr_line' id='line_1_16' title="bbox 391 2241 2245 2305; baseline -0.001 -13"><span class='ocrx_word' id='word_1_137' title='bbox 391 2241 575 2292; x_wconf 67' lang='lat' dir='ltr'><strong>stabnt</strong></span> <span class='ocrx_word' id='word_1_138' title='bbox 598 2241 726 2288; x_wconf 84' lang='lat' dir='ltr'><strong>forte</strong></span> <span class='ocrx_word' id='word_1_139' title='bbox 749 2242 939 2301; x_wconf 75' lang='lat' dir='ltr'><strong>mirari,</strong></span> <span class='ocrx_word' id='word_1_140' title='bbox 978 2259 1067 2290; x_wconf 86' lang='lat' dir='ltr'><strong>eur</strong></span> <span class='ocrx_word' id='word_1_141' title='bbox 1088 2259 1193 2290; x_wconf 85' lang='lat' dir='ltr'><strong>non</strong></span> <span class='ocrx_word' id='word_1_142' title='bbox 1219 2244 1402 2289; x_wconf 78' lang='lat' dir='ltr'><strong>Varro·</strong></span> <span class='ocrx_word' id='word_1_143' title='bbox 1490 2243 1815 2305; x_wconf 84' lang='lat' dir='ltr'><strong>expetendum</strong></span> <span class='ocrx_word' id='word_1_144' title='bbox 1836 2265 1861 2284; x_wconf 79' lang='lat'><strong>.-</strong></span> <span class='ocrx_word' id='word_1_145' title='bbox 1885 2243 2158 2290; x_wconf 83' lang='lat' dir='ltr'><strong>referentes.</strong></span> <span class='ocrx_word' id='word_1_146' title='bbox 2183 2243 2245 2290; x_wconf 82' lang='lat' dir='ltr'><strong>G.</strong></span> 
     </span>
    </p>
   </div>
   <div class='ocr_carea' id='block_1_4' title="bbox 390 2320 1418 4278">
    <p class='ocr_par' dir='ltr' id='par_1_4' title="bbox 390 2320 1412 3077">
     <span class='ocr_line' id='line_1_17' title="bbox 391 2320 1409 2388; baseline 0 -18"><span class='ocrx_word' id='word_1_147' title='bbox 391 2338 504 2370; x_wconf 89' lang='lat' dir='ltr'><strong>nem</strong></span> <span class='ocrx_word' id='word_1_148' title='bbox 522 2320 767 2385; x_wconf 79' lang='lat' dir='ltr'><strong>exceperit</strong></span> <span class='ocrx_word' id='word_1_149' title='bbox 779 2355 795 2379; x_wconf 75' lang='grc'><em>,</em></span> <span class='ocrx_word' id='word_1_150' title='bbox 813 2336 956 2384; x_wconf 82' lang='lat' dir='ltr'><strong>quem</strong></span> <span class='ocrx_word' id='word_1_151' title='bbox 980 2332 1026 2369; x_wconf 89' lang='lat' dir='ltr'><strong>et</strong></span> <span class='ocrx_word' id='word_1_152' title='bbox 1048 2321 1153 2385; x_wconf 83' lang='lat' dir='ltr'><strong>ipse</strong></span> <span class='ocrx_word' id='word_1_153' title='bbox 1169 2325 1409 2388; x_wconf 72' lang='grc' dir='ltr'>πολυγρα·</span> 
     </span>
     <span class='ocr_line' id='line_1_18' title="bbox 390 2398 1410 2470; baseline -0.006 -18"><span class='ocrx_word' id='word_1_154' title='bbox 390 2400 615 2470; x_wconf 72' lang='grc' dir='ltr'><strong>φῶτὰτον</strong></span> <span class='ocrx_word' id='word_1_155' title='bbox 652 2399 862 2464; x_wconf 73' lang='lat' dir='ltr'><strong>appellnt</strong></span> <span class='ocrx_word' id='word_1_156' title='bbox 878 2398 1007 2459; x_wconf 63' lang='lat' dir='ltr'><strong>‚Am</strong></span> <span class='ocrx_word' id='word_1_157' title='bbox 1032 2400 1191 2462; x_wconf 75' lang='lat'>1111,</span> <span class='ocrx_word' id='word_1_158' title='bbox 1207 2414 1289 2462; x_wconf 90' lang='lat' dir='ltr'><strong>ep.</strong></span> <span class='ocrx_word' id='word_1_159' title='bbox 1316 2400 1376 2446; x_wconf 85' lang='lat'><strong>18</strong></span> <span class='ocrx_word' id='word_1_160' title='bbox 1392 2432 1410 2460; x_wconf 88' lang='lat'>‚</span> 
     </span>
     <span class='ocr_line' id='line_1_19' title="bbox 391 2478 1410 2543; baseline -0.004 -15"><span class='ocrx_word' id='word_1_161' title='bbox 391 2491 439 2529; x_wconf 91' lang='lat' dir='ltr'><strong>et</strong></span> <span class='ocrx_word' id='word_1_162' title='bbox 460 2479 522 2528; x_wconf 91' lang='lat' dir='ltr'><strong>de</strong></span> <span class='ocrx_word' id='word_1_163' title='bbox 544 2495 645 2542; x_wconf 86' lang='lat' dir='ltr'><strong>quo</strong></span> <span class='ocrx_word' id='word_1_164' title='bbox 668 2488 855 2526; x_wconf 75' lang='lat' dir='ltr'><strong>constat</strong></span> <span class='ocrx_word' id='word_1_165' title='bbox 869 2513 884 2538; x_wconf 88' lang='lat'>,</span> <span class='ocrx_word' id='word_1_166' title='bbox 905 2488 960 2526; x_wconf 89' lang='lat' dir='ltr'><strong>ut</strong></span> <span class='ocrx_word' id='word_1_167' title='bbox 979 2479 1306 2543; x_wconf 64' lang='lat' dir='ltr'><strong>Chrysippum</strong></span> <span class='ocrx_word' id='word_1_168' title='bbox 1330 2478 1410 2525; x_wconf 86' lang='lat' dir='ltr'><strong>in-</strong></span> 
     </span>
     <span class='ocr_line' id='line_1_20' title="bbox 392 2559 1410 2616; baseline -0.005 -7"><span class='ocrx_word' id='word_1_169' title='bbox 392 2572 466 2609; x_wconf 86' lang='lat' dir='ltr'><strong>ter</strong></span> <span class='ocrx_word' id='word_1_170' title='bbox 488 2561 686 2609; x_wconf 62' lang='lat' dir='ltr'><strong>Grecos</strong></span> <span class='ocrx_word' id='word_1_171' title='bbox 698 2594 714 2616; x_wconf 87' lang='lat'><strong>,</strong></span> <span class='ocrx_word' id='word_1_172' title='bbox 737 2560 804 2607; x_wconf 78' lang='lat' dir='ltr'><strong>its</strong></span> <span class='ocrx_word' id='word_1_173' title='bbox 821 2559 952 2611; x_wconf 83' lang='lat' dir='ltr'><strong>bunc</strong></span> <span class='ocrx_word' id='word_1_174' title='bbox 968 2559 1022 2607; x_wconf 84' lang='lat' dir='ltr'><strong>in</strong></span> <span class='ocrx_word' id='word_1_175' title='bbox 1042 2559 1225 2607; x_wconf 63' lang='lat' dir='ltr'><strong>latinis</strong></span> <span class='ocrx_word' id='word_1_176' title='bbox 1242 2573 1410 2604; x_wconf 82' lang='lat' dir='ltr'><strong>omnes</strong></span> 
     </span>
     <span class='ocr_line' id='line_1_21' title="bbox 390 2636 1410 2700; baseline -0.002 -15"><span class='ocrx_word' id='word_1_177' title='bbox 390 2637 622 2685; x_wconf 85' lang='lat' dir='ltr'><strong>librorum</strong></span> <span class='ocrx_word' id='word_1_178' title='bbox 655 2636 898 2685; x_wconf 86' lang='lat' dir='ltr'><strong>editorum</strong></span> <span class='ocrx_word' id='word_1_179' title='bbox 932 2637 1243 2685; x_wconf 84' lang='lat' dir='ltr'><strong>multitudine</strong></span> <span class='ocrx_word' id='word_1_180' title='bbox 1268 2651 1410 2700; x_wconf 86' lang='lat' dir='ltr'><strong>supe-</strong></span> 
     </span>
     <span class='ocr_line' id='line_1_22' title="bbox 392 2713 1411 2780; baseline -0.002 -16"><span class='ocrx_word' id='word_1_181' title='bbox 392 2732 540 2767; x_wconf 75' lang='lat' dir='ltr'><strong>rasse.</strong></span> <span class='ocrx_word' id='word_1_182' title='bbox 552 2715 647 2764; x_wconf 85' lang='lat' dir='ltr'><strong>Sed</strong></span> <span class='ocrx_word' id='word_1_183' title='bbox 659 2716 808 2764; x_wconf 76' lang='lat' dir='ltr'><strong>multa</strong></span> <span class='ocrx_word' id='word_1_184' title='bbox 817 2717 974 2764; x_wconf 80' lang='lat' dir='ltr'><strong>Varro</strong></span> <span class='ocrx_word' id='word_1_185' title='bbox 987 2717 1226 2780; x_wconf 86' lang='lat' dir='ltr'><strong>posterius</strong></span> <span class='ocrx_word' id='word_1_186' title='bbox 1239 2713 1411 2771; x_wconf 79' lang='lat' dir='ltr'><strong>edidit,</strong></span> 
     </span>
     <span class='ocr_line' id='line_1_23' title="bbox 392 2793 1412 2859; baseline -0.002 -17"><span class='ocrx_word' id='word_1_187' title='bbox 392 2796 447 2842; x_wconf 86' lang='lat' dir='ltr'><strong>in</strong></span> <span class='ocrx_word' id='word_1_188' title='bbox 474 2795 653 2857; x_wconf 75' lang='lat' dir='ltr'><strong>qulbus</strong></span> <span class='ocrx_word' id='word_1_189' title='bbox 687 2805 791 2841; x_wconf 90' lang='lat' dir='ltr'><strong>tum</strong></span> <span class='ocrx_word' id='word_1_190' title='bbox 818 2795 1023 2842; x_wconf 82' lang='lat' dir='ltr'><strong>maxime</strong></span> <span class='ocrx_word' id='word_1_191' title='bbox 1043 2795 1257 2859; x_wconf 78' lang='lat' dir='ltr'><strong>amplum</strong></span> <span class='ocrx_word' id='word_1_192' title='bbox 1286 2793 1412 2841; x_wconf 86' lang='lat' dir='ltr'><strong>illud</strong></span> 
     </span>
     <span class='ocr_line' id='line_1_24' title="bbox 394 2872 1411 2935; baseline 0.001 -14"><span class='ocrx_word' id='word_1_193' title='bbox 394 2874 456 2922; x_wconf 89' lang='lat' dir='ltr'><strong>de</strong></span> <span class='ocrx_word' id='word_1_194' title='bbox 488 2873 638 2920; x_wconf 75' lang='lat' dir='ltr'><strong>latina</strong></span> <span class='ocrx_word' id='word_1_195' title='bbox 666 2872 831 2935; x_wconf 77' lang='lat' dir='ltr'><strong>lingua</strong></span> <span class='ocrx_word' id='word_1_196' title='bbox 867 2888 995 2935; x_wconf 76' lang='lat' dir='ltr'><strong>opus</strong></span> <span class='ocrx_word' id='word_1_197' title='bbox 1029 2872 1321 2922; x_wconf 71' lang='lat' dir='ltr'><strong>elaborabat.</strong></span> <span class='ocrx_word' id='word_1_198' title='bbox 1342 2899 1411 2909; x_wconf 93' lang='lat'><strong>—</strong></span> 
     </span>
     <span class='ocr_line' id='line_1_25' title="bbox 392 2950 1401 3015; baseline -0.001 -16"><span class='ocrx_word' id='word_1_199' title='bbox 392 2952 574 3015; x_wconf 75' lang='lat' dir='ltr'><strong>scripti</strong></span> <span class='ocrx_word' id='word_1_200' title='bbox 600 2951 652 2997; x_wconf 91' lang='lat' dir='ltr'><strong>in</strong></span> <span class='ocrx_word' id='word_1_201' title='bbox 673 2950 752 2997; x_wconf 85' lang='lat' dir='ltr'><strong>his</strong></span> <span class='ocrx_word' id='word_1_202' title='bbox 778 2951 875 2997; x_wconf 82' lang='lat' dir='ltr'><strong>fere</strong></span> <span class='ocrx_word' id='word_1_203' title='bbox 901 2961 1122 3013; x_wconf 67' lang='lat' dir='ltr'><strong>peccaut,</strong></span> <span class='ocrx_word' id='word_1_204' title='bbox 1138 2952 1328 2998; x_wconf 75' lang='lat' dir='ltr'><strong>«sicut.</strong></span> <span class='ocrx_word' id='word_1_205' title='bbox 1351 2984 1365 2997; x_wconf 89' lang='lat'><strong>.</strong></span> <span class='ocrx_word' id='word_1_206' title='bbox 1385 2985 1401 2999; x_wconf 92' lang='lat'><strong>.</strong></span> 
     </span>
     <span class='ocr_line' id='line_1_26' title="bbox 394 3029 750 3077; baseline -0.006 0"><span class='ocrx_word' id='word_1_207' title='bbox 394 3030 657 3077; x_wconf 73' lang='lat' dir='ltr'><strong>memini».</strong></span> <span class='ocrx_word' id='word_1_208' title='bbox 686 3029 750 3076; x_wconf 82' lang='lat' dir='ltr'><strong>G.</strong></span> 
     </span>
    </p>

    <p class='ocr_par' dir='ltr' id='par_1_5' title="bbox 393 3104 1415 3407">
     <span class='ocr_line' id='line_1_27' title="bbox 465 3104 1412 3171; baseline -0.001 -16"><span class='ocrx_word' id='word_1_209' title='bbox 465 3109 517 3156; x_wconf 83' lang='lat'><strong>6.</strong></span> <span class='ocrx_word' id='word_1_210' title='bbox 577 3109 758 3171; x_wconf 74' lang='lat' dir='ltr'><strong>Legem</strong></span> <span class='ocrx_word' id='word_1_211' title='bbox 811 3104 1037 3152; x_wconf 78' lang='lat' dir='ltr'><strong>assuerit.</strong></span> <span class='ocrx_word' id='word_1_212' title='bbox 1100 3104 1412 3154; x_wconf 67' lang='lat' dir='ltr'><strong>Contactam</strong></span> 
     </span>
     <span class='ocr_line' id='line_1_28' title="bbox 397 3181 1412 3247; baseline -0.001 -13"><span class='ocrx_word' id='word_1_213' title='bbox 397 3188 604 3235; x_wconf 68' lang='lat' dir='ltr'><strong>Formam</strong></span> <span class='ocrx_word' id='word_1_214' title='bbox 626 3183 872 3233; x_wconf 77' lang='lat' dir='ltr'><strong>consuerit</strong></span> <span class='ocrx_word' id='word_1_215' title='bbox 895 3181 1116 3247; x_wconf 73' lang='lat' dir='ltr'><strong>praebent</strong></span> <span class='ocrx_word' id='word_1_216' title='bbox 1133 3186 1192 3231; x_wconf 83' lang='lat' dir='ltr'><strong>E.</strong></span> <span class='ocrx_word' id='word_1_217' title='bbox 1229 3194 1281 3231; x_wconf 89' lang='lat' dir='ltr'><strong>et</strong></span> <span class='ocrx_word' id='word_1_218' title='bbox 1304 3186 1412 3234; x_wconf 80' lang='lat' dir='ltr'><strong>Bas.</strong></span> 
     </span>
     <span class='ocr_line' id='line_1_29' title="bbox 393 3262 1415 3330; baseline -0.002 -17"><span class='ocrx_word' id='word_1_219' title='bbox 393 3280 539 3330; x_wconf 74' lang='lat' dir='ltr'><strong>quam</strong></span> <span class='ocrx_word' id='word_1_220' title='bbox 570 3265 737 3312; x_wconf 87' lang='lat' dir='ltr'><strong>hocin</strong></span> <span class='ocrx_word' id='word_1_221' title='bbox 758 3262 908 3311; x_wconf 81' lang='lat' dir='ltr'><strong>verbo</strong></span> <span class='ocrx_word' id='word_1_222' title='bbox 926 3272 977 3310; x_wconf 88' lang='lat' dir='ltr'><strong>et</strong></span> <span class='ocrx_word' id='word_1_223' title='bbox 1002 3263 1103 3311; x_wconf 88' lang='lat' dir='ltr'><strong>Cic.</strong></span> <span class='ocrx_word' id='word_1_224' title='bbox 1125 3279 1226 3328; x_wconf 67' lang='grc' dir='ltr'><strong>Ρη·</strong></span> <span class='ocrx_word' id='word_1_225' title='bbox 1244 3264 1415 3312; x_wconf 87' lang='lat' dir='ltr'><strong>ceteris</strong></span> 
     </span>
     <span class='ocr_line' id='line_1_30' title="bbox 395 3341 1388 3407; baseline -0.004 -13"><span class='ocrx_word' id='word_1_226' title='bbox 395 3356 523 3394; x_wconf 76' lang='lat' dir='ltr'><strong>amnt</strong></span> <span class='ocrx_word' id='word_1_227' title='bbox 544 3378 560 3401; x_wconf 94' lang='lat'>,</span> <span class='ocrx_word' id='word_1_228' title='bbox 597 3353 645 3391; x_wconf 86' lang='lat' dir='ltr'><strong>et</strong></span> <span class='ocrx_word' id='word_1_229' title='bbox 668 3358 796 3407; x_wconf 74' lang='lat' dir='ltr'><strong>saepe</strong></span> <span class='ocrx_word' id='word_1_230' title='bbox 822 3341 992 3389; x_wconf 68' lang='lat' dir='ltr'><strong>scribe</strong></span> <span class='ocrx_word' id='word_1_231' title='bbox 1020 3341 1299 3390; x_wconf 69' lang='lat' dir='ltr'><strong>obliterant.</strong></span> <span class='ocrx_word' id='word_1_232' title='bbox 1327 3343 1388 3390; x_wconf 87' lang='lat' dir='ltr'><strong>G.</strong></span> 
     </span>
    </p>

    <p class='ocr_par' dir='ltr' id='par_1_6' title="bbox 394 3420 1417 3789">
     <span class='ocr_line' id='line_1_31' title="bbox 469 3420 1415 3490; baseline -0.004 -17"><span class='ocrx_word' id='word_1_233' title='bbox 469 3442 519 3487; x_wconf 89' lang='lat'><strong>7.</strong></span> <span class='ocrx_word' id='word_1_234' title='bbox 554 3422 691 3487; x_wconf 82' lang='lat' dir='ltr'><strong>Quid</strong></span> <span class='ocrx_word' id='word_1_235' title='bbox 729 3422 793 3469; x_wconf 78' lang='lat' dir='ltr'><strong>sic</strong></span> <span class='ocrx_word' id='word_1_236' title='bbox 814 3421 955 3490; x_wconf 75' lang='lat' dir='ltr'><strong>finis.</strong></span> <span class='ocrx_word' id='word_1_237' title='bbox 997 3420 1128 3469; x_wconf 88' lang='lat' dir='ltr'><strong>Gud.</strong></span> <span class='ocrx_word' id='word_1_238' title='bbox 1167 3438 1196 3469; x_wconf 80' lang='lat'><em>2</em></span> <span class='ocrx_word' id='word_1_239' title='bbox 1214 3456 1228 3481; x_wconf 90' lang='lat'><strong>,</strong></span> <span class='ocrx_word' id='word_1_240' title='bbox 1268 3421 1376 3486; x_wconf 79' lang='lat' dir='ltr'><strong>quis</strong></span> <span class='ocrx_word' id='word_1_241' title='bbox 1393 3444 1415 3483; x_wconf 88' lang='lat'><strong>,-</strong></span> 
     </span>
     <span class='ocr_line' id='line_1_32' title="bbox 394 3501 1417 3569; baseline 0 -18"><span class='ocrx_word' id='word_1_242' title='bbox 394 3521 484 3569; x_wconf 89' lang='lat' dir='ltr'><strong>per</strong></span> <span class='ocrx_word' id='word_1_243' title='bbox 503 3520 554 3551; x_wconf 91' lang='lat' dir='ltr'><strong>se</strong></span> <span class='ocrx_word' id='word_1_244' title='bbox 571 3519 675 3551; x_wconf 88' lang='lat' dir='ltr'><strong>non</strong></span> <span class='ocrx_word' id='word_1_245' title='bbox 695 3503 834 3562; x_wconf 70' lang='lat' dir='ltr'><strong>male,</strong></span> <span class='ocrx_word' id='word_1_246' title='bbox 852 3502 939 3550; x_wconf 83' lang='lat' dir='ltr'><strong>sed</strong></span> <span class='ocrx_word' id='word_1_247' title='bbox 957 3503 1027 3550; x_wconf 85' lang='lat' dir='ltr'><strong>sic</strong></span> <span class='ocrx_word' id='word_1_248' title='bbox 1041 3501 1231 3550; x_wconf 76' lang='lat' dir='ltr'><strong>facilius</strong></span> <span class='ocrx_word' id='word_1_249' title='bbox 1248 3502 1417 3551; x_wconf 67' lang='lat' dir='ltr'><strong>scribe</strong></span> 
     </span>
     <span class='ocr_line' id='line_1_33' title="bbox 398 3581 1417 3648; baseline 0 -18"><span class='ocrx_word' id='word_1_250' title='bbox 398 3593 598 3648; x_wconf 76' lang='lat' dir='ltr'><strong>peccant</strong></span> <span class='ocrx_word' id='word_1_251' title='bbox 614 3617 630 3641; x_wconf 91' lang='lat'>‚</span> <span class='ocrx_word' id='word_1_252' title='bbox 678 3596 824 3646; x_wconf 60' lang='lat' dir='ltr'><strong>quem</strong></span> <span class='ocrx_word' id='word_1_253' title='bbox 877 3597 988 3629; x_wconf 88' lang='lat' dir='ltr'><strong>cum</strong></span> <span class='ocrx_word' id='word_1_254' title='bbox 1030 3581 1224 3645; x_wconf 68' lang='lat' dir='ltr'><strong>vulgate</strong></span> <span class='ocrx_word' id='word_1_255' title='bbox 1244 3598 1259 3642; x_wconf 83' lang='lat'><em>3</em></span> <span class='ocrx_word' id='word_1_256' title='bbox 1307 3598 1417 3645; x_wconf 77' lang='lat' dir='ltr'><strong>quae</strong></span> 
     </span>
     <span class='ocr_line' id='line_1_34' title="bbox 399 3659 1417 3727; baseline 0.001 -18"><span class='ocrx_word' id='word_1_257' title='bbox 399 3679 535 3726; x_wconf 74' lang='lat' dir='ltr'><strong>paene</strong></span> <span class='ocrx_word' id='word_1_258' title='bbox 566 3670 802 3727; x_wconf 78' lang='lat' dir='ltr'><strong>perpetua</strong></span> <span class='ocrx_word' id='word_1_259' title='bbox 840 3659 1088 3711; x_wconf 75' lang='lat' dir='ltr'><strong>Ciceronis</strong></span> <span class='ocrx_word' id='word_1_260' title='bbox 1132 3662 1417 3710; x_wconf 71' lang='lat' dir='ltr'><strong>auctoritate</strong></span> 
     </span>
     <span class='ocr_line' id='line_1_35' title="bbox 396 3739 821 3789; baseline -0.005 0"><span class='ocrx_word' id='word_1_261' title='bbox 396 3739 727 3789; x_wconf 75' lang='lat' dir='ltr'><strong>confirmatur.</strong></span> <span class='ocrx_word' id='word_1_262' title='bbox 760 3742 821 3788; x_wconf 92' lang='lat' dir='ltr'><strong>G.</strong></span> 
     </span>
    </p>

    <p class='ocr_par' dir='ltr' id='par_1_7' title="bbox 398 3818 1418 4200">
     <span class='ocr_line' id='line_1_36' title="bbox 470 3818 1418 3883; baseline 0.003 -18"><span class='ocrx_word' id='word_1_263' title='bbox 470 3822 519 3870; x_wconf 84' lang='lat'><strong>8.</strong></span> <span class='ocrx_word' id='word_1_264' title='bbox 550 3818 687 3883; x_wconf 81' lang='lat' dir='ltr'><strong>Quid</strong></span> <span class='ocrx_word' id='word_1_265' title='bbox 706 3829 942 3883; x_wconf 79' lang='lat' dir='ltr'><strong>sequatur</strong></span> <span class='ocrx_word' id='word_1_266' title='bbox 964 3830 1164 3870; x_wconf 73' lang='lat' dir='ltr'><strong>namra.</strong></span> <span class='ocrx_word' id='word_1_267' title='bbox 1193 3822 1251 3867; x_wconf 80' lang='lat' dir='ltr'><strong>In</strong></span> <span class='ocrx_word' id='word_1_268' title='bbox 1276 3818 1418 3868; x_wconf 84' lang='lat' dir='ltr'><strong>editis</strong></span> 
     </span>
     <span class='ocr_line' id='line_1_37' title="bbox 398 3898 1418 3949; baseline 0.001 -3"><span class='ocrx_word' id='word_1_269' title='bbox 398 3910 519 3948; x_wconf 86' lang='lat' dir='ltr'><strong>vett.</strong></span> <span class='ocrx_word' id='word_1_270' title='bbox 562 3898 729 3946; x_wconf 82' lang='lat' dir='ltr'><strong>multis</strong></span> <span class='ocrx_word' id='word_1_271' title='bbox 771 3910 941 3946; x_wconf 75' lang='lat' dir='ltr'><strong>nostra</strong></span> <span class='ocrx_word' id='word_1_272' title='bbox 971 3898 1183 3949; x_wconf 78' lang='lat' dir='ltr'><strong>additur.</strong></span> <span class='ocrx_word' id='word_1_273' title='bbox 1226 3899 1321 3947; x_wconf 86' lang='lat' dir='ltr'><strong>Sed</strong></span> <span class='ocrx_word' id='word_1_274' title='bbox 1356 3916 1418 3947; x_wconf 70' lang='lat' dir='ltr'><strong>eu:</strong></span> 
     </span>
     <span class='ocr_line' id='line_1_38' title="bbox 400 3977 1418 4042; baseline 0.003 -19"><span class='ocrx_word' id='word_1_275' title='bbox 400 3993 516 4042; x_wconf 72' lang='lat' dir='ltr'><strong>vaga</strong></span> <span class='ocrx_word' id='word_1_276' title='bbox 534 3977 648 4025; x_wconf 84' lang='lat' dir='ltr'><strong>sede</strong></span> <span class='ocrx_word' id='word_1_277' title='bbox 660 3978 759 4037; x_wconf 71' lang='lat' dir='ltr'><strong>jam</strong></span> <span class='ocrx_word' id='word_1_278' title='bbox 779 3992 829 4025; x_wconf 79' lang='lat' dir='ltr'><strong>se</strong></span> <span class='ocrx_word' id='word_1_279' title='bbox 846 3977 1051 4040; x_wconf 71' lang='lat' dir='ltr'><strong>glossam</strong></span> <span class='ocrx_word' id='word_1_280' title='bbox 1069 3988 1287 4036; x_wconf 69' lang='lat' dir='ltr'><strong>testatur,</strong></span> <span class='ocrx_word' id='word_1_281' title='bbox 1304 3980 1418 4026; x_wconf 80' lang='lat' dir='ltr'><strong>voci</strong></span> 
     </span>
     <span class='ocr_line' id='line_1_39' title="bbox 402 4057 1415 4121; baseline -0.001 -18"><span class='ocrx_word' id='word_1_282' title='bbox 402 4058 554 4117; x_wconf 84' lang='lat' dir='ltr'><strong>enim,</strong></span> <span class='ocrx_word' id='word_1_283' title='bbox 595 4069 772 4106; x_wconf 79' lang='lat' dir='ltr'><strong>natura</strong></span> <span class='ocrx_word' id='word_1_284' title='bbox 792 4091 808 4116; x_wconf 87' lang='lat'>‚</span> <span class='ocrx_word' id='word_1_285' title='bbox 860 4059 1032 4121; x_wconf 75' lang='lat' dir='ltr'><strong>partim</strong></span> <span class='ocrx_word' id='word_1_286' title='bbox 1072 4057 1383 4121; x_wconf 61' lang='lat' dir='ltr'><strong>premittitur</strong></span> <span class='ocrx_word' id='word_1_287' title='bbox 1400 4092 1415 4116; x_wconf 91' lang='lat'>‚</span> 
     </span>
     <span class='ocr_line' id='line_1_40' title="bbox 401 4135 956 4200; baseline 0.004 -17"><span class='ocrx_word' id='word_1_288' title='bbox 401 4136 579 4200; x_wconf 72' lang='lat' dir='ltr'><strong>partim</strong></span> <span class='ocrx_word' id='word_1_289' title='bbox 596 4135 868 4196; x_wconf 82' lang='lat' dir='ltr'><strong>subjicitur.</strong></span> <span class='ocrx_word' id='word_1_290' title='bbox 891 4137 956 4185; x_wconf 90' lang='lat' dir='ltr'><strong>G.</strong></span> 
     </span>
    </p>

    <p class='ocr_par' dir='ltr' id='par_1_8' title="bbox 474 4213 1417 4278">
     <span class='ocr_line' id='line_1_41' title="bbox 474 4213 1417 4278; baseline 0 -16"><span class='ocrx_word' id='word_1_291' title='bbox 474 4229 523 4277; x_wconf 86' lang='lat'><strong>9.</strong></span> <span class='ocrx_word' id='word_1_292' title='bbox 532 4213 853 4277; x_wconf 71' lang='lat' dir='ltr'><strong>Expetendis.</strong></span> <span class='ocrx_word' id='word_1_293' title='bbox 873 4217 1082 4263; x_wconf 75' lang='lat' dir='ltr'><strong>Pecesnt</strong></span> <span class='ocrx_word' id='word_1_294' title='bbox 1094 4213 1237 4261; x_wconf 70' lang='lat' dir='ltr'><strong>etiem</strong></span> <span class='ocrx_word' id='word_1_295' title='bbox 1249 4214 1417 4278; x_wconf 83' lang='lat' dir='ltr'><strong>scripti</strong></span> 
     </span>
    </p>
   </div>
   <div class='ocr_carea' id='block_1_5' title="bbox 1492 2319 2524 4262">
    <p class='ocr_par' dir='ltr' id='par_1_9' title="bbox 1492 2319 2524 4262">
     <span class='ocr_line' id='line_1_42' title="bbox 1568 2319 2506 2386; baseline 0.002 -19"><span class='ocrx_word' id='word_1_296' title='bbox 1568 2334 1649 2368; x_wconf 78' lang='grc' dir='ltr'><strong>ιο.</strong></span> <span class='ocrx_word' id='word_1_297' title='bbox 1697 2324 1878 2386; x_wconf 67' lang='lat' dir='ltr'><strong>Hagno</strong></span> <span class='ocrx_word' id='word_1_298' title='bbox 1926 2321 2179 2370; x_wconf 78' lang='lat' dir='ltr'><strong>dissensio.</strong></span> <span class='ocrx_word' id='word_1_299' title='bbox 2244 2322 2379 2369; x_wconf 82' lang='lat' dir='ltr'><strong>Goer.</strong></span> <span class='ocrx_word' id='word_1_300' title='bbox 2421 2319 2506 2369; x_wconf 76' lang='lat' dir='ltr'><strong>dat</strong></span> 
     </span>
     <span class='ocr_line' id='line_1_43' title="bbox 1492 2400 2507 2465; baseline 0.003 -21"><span class='ocrx_word' id='word_1_301' title='bbox 1492 2414 1698 2446; x_wconf 78' lang='lat' dir='ltr'><strong>summa.</strong></span> <span class='ocrx_word' id='word_1_302' title='bbox 1723 2402 1797 2447; x_wconf 76' lang='lat' dir='ltr'><strong>Ita</strong></span> <span class='ocrx_word' id='word_1_303' title='bbox 1815 2436 1831 2461; x_wconf 82' lang='lat'>,</span> <span class='ocrx_word' id='word_1_304' title='bbox 1856 2400 2017 2464; x_wconf 81' lang='lat' dir='ltr'><strong>inquit</strong></span> <span class='ocrx_word' id='word_1_305' title='bbox 2036 2435 2053 2462; x_wconf 85' lang='lat'>,</span> <span class='ocrx_word' id='word_1_306' title='bbox 2084 2410 2260 2465; x_wconf 68' lang='lat' dir='ltr'><strong>prater</strong></span> <span class='ocrx_word' id='word_1_307' title='bbox 2281 2400 2383 2447; x_wconf 78' lang='lat' dir='ltr'><strong>vn</strong></span> <span class='ocrx_word' id='word_1_308' title='bbox 2413 2400 2507 2447; x_wconf 75' lang='lat' dir='ltr'><strong>Da·</strong></span> 
     </span>
     <span class='ocr_line' id='line_1_44' title="bbox 1492 2476 2507 2541; baseline 0.002 -18"><span class='ocrx_word' id='word_1_309' title='bbox 1492 2476 1634 2539; x_wconf 66' lang='lat' dir='ltr'><strong>visit,</strong></span> <span class='ocrx_word' id='word_1_310' title='bbox 1670 2479 1718 2524; x_wconf 80' lang='lat' dir='ltr'><strong>V</strong></span> <span class='ocrx_word' id='word_1_311' title='bbox 1753 2479 2080 2539; x_wconf 81' lang='lat' dir='ltr'><strong>oxonienses,</strong></span> <span class='ocrx_word' id='word_1_312' title='bbox 2105 2493 2274 2526; x_wconf 87' lang='lat' dir='ltr'><strong>omnes</strong></span> <span class='ocrx_word' id='word_1_313' title='bbox 2310 2493 2507 2541; x_wconf 87' lang='lat' dir='ltr'><strong>quoque</strong></span> 
     </span>
     <span class='ocr_line' id='line_1_45' title="bbox 1493 2555 2508 2619; baseline -0.001 -16"><span class='ocrx_word' id='word_1_314' title='bbox 1493 2556 1675 2618; x_wconf 85' lang='lat' dir='ltr'><strong>nostri,</strong></span> <span class='ocrx_word' id='word_1_315' title='bbox 1691 2556 1929 2619; x_wconf 83' lang='lat' dir='ltr'><strong>multique</strong></span> <span class='ocrx_word' id='word_1_316' title='bbox 1942 2555 2150 2619; x_wconf 86' lang='lat' dir='ltr'><strong>denique</strong></span> <span class='ocrx_word' id='word_1_317' title='bbox 2166 2572 2277 2604; x_wconf 85' lang='lat' dir='ltr'><strong>cum</strong></span> <span class='ocrx_word' id='word_1_318' title='bbox 2285 2557 2341 2604; x_wconf 85' lang='grc' dir='ltr'><strong>Ρ.</strong></span> <span class='ocrx_word' id='word_1_319' title='bbox 2359 2557 2508 2603; x_wconf 74' lang='lat' dir='ltr'><strong>Mars.</strong></span> 
     </span>
     <span class='ocr_line' id='line_1_46' title="bbox 1494 2630 2508 2700; baseline 0 -15"><span class='ocrx_word' id='word_1_320' title='bbox 1494 2646 1544 2685; x_wconf 86' lang='lat' dir='ltr'><strong>et</strong></span> <span class='ocrx_word' id='word_1_321' title='bbox 1570 2637 1703 2686; x_wconf 75' lang='lat' dir='ltr'><strong>Cret.</strong></span> <span class='ocrx_word' id='word_1_322' title='bbox 1740 2649 1926 2685; x_wconf 85' lang='lat' dir='ltr'><strong>veteres</strong></span> <span class='ocrx_word' id='word_1_323' title='bbox 1947 2637 2181 2700; x_wconf 85' lang='lat' dir='ltr'><strong>impressi.</strong></span> <span class='ocrx_word' id='word_1_324' title='bbox 2210 2630 2350 2685; x_wconf 78' lang='lat' dir='ltr'><strong>Unus</strong></span> <span class='ocrx_word' id='word_1_325' title='bbox 2376 2635 2508 2686; x_wconf 81' lang='lat' dir='ltr'><strong>Gud.</strong></span> 
     </span>
     <span class='ocr_line' id='line_1_47' title="bbox 1497 2714 2510 2775; baseline -0.002 -11"><span class='ocrx_word' id='word_1_326' title='bbox 1497 2731 1528 2764; x_wconf 61' lang='grc' dir='ltr'>α</span> <span class='ocrx_word' id='word_1_327' title='bbox 1544 2751 1559 2775; x_wconf 92' lang='grc'><em>,</em></span> <span class='ocrx_word' id='word_1_328' title='bbox 1585 2737 1608 2759; x_wconf 76' lang='grc' dir='ltr'>ι</span> <span class='ocrx_word' id='word_1_329' title='bbox 1633 2715 1909 2765; x_wconf 71' lang='lat' dir='ltr'><strong>doctissima</strong></span> <span class='ocrx_word' id='word_1_330' title='bbox 1929 2716 2042 2765; x_wconf 83' lang='lat' dir='ltr'><strong>diss.</strong></span> <span class='ocrx_word' id='word_1_331' title='bbox 2052 2717 2108 2775; x_wconf 58' lang='grc'><strong>»7,</strong></span> <span class='ocrx_word' id='word_1_332' title='bbox 2127 2716 2197 2765; x_wconf 88' lang='lat' dir='ltr'><strong>sie</strong></span> <span class='ocrx_word' id='word_1_333' title='bbox 2222 2728 2278 2765; x_wconf 91' lang='lat' dir='ltr'><strong>ut</strong></span> <span class='ocrx_word' id='word_1_334' title='bbox 2299 2714 2510 2763; x_wconf 73' lang='lat' dir='ltr'><strong>doctissi-</strong></span> 
     </span>
     <span class='ocr_line' id='line_1_48' title="bbox 1495 2794 2507 2859; baseline 0 -17"><span class='ocrx_word' id='word_1_335' title='bbox 1495 2811 1600 2842; x_wconf 81' lang='lat' dir='ltr'><strong>mos</strong></span> <span class='ocrx_word' id='word_1_336' title='bbox 1625 2794 1837 2859; x_wconf 80' lang='lat' dir='ltr'><strong>ignoret.</strong></span> <span class='ocrx_word' id='word_1_337' title='bbox 1858 2798 2011 2844; x_wconf 78' lang='lat' dir='ltr'><strong>Recte</strong></span> <span class='ocrx_word' id='word_1_338' title='bbox 2038 2795 2187 2858; x_wconf 87' lang='lat' dir='ltr'><strong>igitur</strong></span> <span class='ocrx_word' id='word_1_339' title='bbox 2203 2810 2313 2843; x_wconf 89' lang='lat' dir='ltr'><strong>cum</strong></span> <span class='ocrx_word' id='word_1_340' title='bbox 2337 2794 2507 2843; x_wconf 68' lang='lat' dir='ltr'><strong>Daris.</strong></span> 
     </span>
     <span class='ocr_line' id='line_1_49' title="bbox 1496 2874 2513 2939; baseline -0.004 -18"><span class='ocrx_word' id='word_1_341' title='bbox 1496 2884 1545 2921; x_wconf 88' lang='lat' dir='ltr'><strong>et</strong></span> <span class='ocrx_word' id='word_1_342' title='bbox 1566 2874 1761 2923; x_wconf 79' lang='lat' dir='ltr'><strong>Bremio</strong></span> <span class='ocrx_word' id='word_1_343' title='bbox 1801 2890 1896 2939; x_wconf 91' lang='lat' dir='ltr'><strong>pro</strong></span> <span class='ocrx_word' id='word_1_344' title='bbox 1927 2874 2118 2936; x_wconf 68' lang='lat' dir='ltr'><strong>vulgata</strong></span> <span class='ocrx_word' id='word_1_345' title='bbox 2149 2888 2359 2937; x_wconf 73' lang='lat' dir='ltr'><strong>magna,</strong></span> <span class='ocrx_word' id='word_1_346' title='bbox 2378 2888 2513 2918; x_wconf 79' lang='lat' dir='ltr'><strong>sum-</strong></span> 
     </span>
     <span class='ocr_line' id='line_1_50' title="bbox 1495 2948 2513 3000; baseline -0.006 0"><span class='ocrx_word' id='word_1_347' title='bbox 1495 2969 1579 3000; x_wconf 79' lang='lat' dir='ltr'><strong>ma</strong></span> <span class='ocrx_word' id='word_1_348' title='bbox 1632 2952 1870 3000; x_wconf 86' lang='lat' dir='ltr'><strong>dedimus.</strong></span> <span class='ocrx_word' id='word_1_349' title='bbox 1903 2952 2085 2998; x_wconf 84' lang='lat' dir='ltr'><strong>Mirum</strong></span> <span class='ocrx_word' id='word_1_350' title='bbox 2123 2961 2283 2997; x_wconf 75' lang='lat' dir='ltr'><strong>autem</strong></span> <span class='ocrx_word' id='word_1_351' title='bbox 2311 2959 2383 2996; x_wconf 84' lang='lat' dir='ltr'><strong>est</strong></span> <span class='ocrx_word' id='word_1_352' title='bbox 2417 2948 2513 2995; x_wconf 86' lang='lat' dir='ltr'><strong>hoc</strong></span> 
     </span>
     <span class='ocr_line' id='line_1_51' title="bbox 1494 3029 2511 3096; baseline -0.007 -16"><span class='ocrx_word' id='word_1_353' title='bbox 1494 3032 1629 3096; x_wconf 71' lang='lat' dir='ltr'><strong>apud</strong></span> <span class='ocrx_word' id='word_1_354' title='bbox 1662 3031 1887 3079; x_wconf 78' lang='lat' dir='ltr'><strong>librarios</strong></span> <span class='ocrx_word' id='word_1_355' title='bbox 1919 3029 2027 3077; x_wconf 75' lang='lat' dir='ltr'><strong>vitii</strong></span> <span class='ocrx_word' id='word_1_356' title='bbox 2064 3043 2248 3090; x_wconf 77' lang='lat' dir='ltr'><strong>genus,</strong></span> <span class='ocrx_word' id='word_1_357' title='bbox 2281 3041 2382 3089; x_wconf 87' lang='lat' dir='ltr'><strong>quo</strong></span> <span class='ocrx_word' id='word_1_358' title='bbox 2428 3042 2511 3073; x_wconf 87' lang='lat' dir='ltr'><strong>su-</strong></span> 
     </span>
     <span class='ocr_line' id='line_1_52' title="bbox 1494 3103 2514 3174; baseline -0.009 -14"><span class='ocrx_word' id='word_1_359' title='bbox 1494 3111 1638 3174; x_wconf 87' lang='lat' dir='ltr'><strong>perll.</strong></span> <span class='ocrx_word' id='word_1_360' title='bbox 1666 3111 1736 3158; x_wconf 90' lang='lat' dir='ltr'><strong>sic</strong></span> <span class='ocrx_word' id='word_1_361' title='bbox 1765 3112 1818 3157; x_wconf 87' lang='lat' dir='ltr'><strong>in</strong></span> <span class='ocrx_word' id='word_1_362' title='bbox 1852 3107 2091 3172; x_wconf 82' lang='lat' dir='ltr'><strong>positivos</strong></span> <span class='ocrx_word' id='word_1_363' title='bbox 2110 3114 2376 3154; x_wconf 70' lang='lat' dir='ltr'><strong>mutantur.</strong></span> <span class='ocrx_word' id='word_1_364' title='bbox 2393 3103 2514 3152; x_wconf 87' lang='lat' dir='ltr'><strong>lude</strong></span> 
     </span>
     <span class='ocr_line' id='line_1_53' title="bbox 1496 3183 2513 3248; baseline -0.003 -15"><span class='ocrx_word' id='word_1_365' title='bbox 1496 3188 1653 3235; x_wconf 78' lang='lat' dir='ltr'><strong>labem</strong></span> <span class='ocrx_word' id='word_1_366' title='bbox 1671 3188 1804 3235; x_wconf 78' lang='lat' dir='ltr'><strong>illam</strong></span> <span class='ocrx_word' id='word_1_367' title='bbox 1822 3183 2132 3234; x_wconf 70' lang='lat' dir='ltr'><strong>abstersimus</strong></span> <span class='ocrx_word' id='word_1_368' title='bbox 2151 3184 2295 3248; x_wconf 75' lang='lat' dir='ltr'><strong>Legg.</strong></span> <span class='ocrx_word' id='word_1_369' title='bbox 2318 3185 2369 3231; x_wconf 92' lang='lat'><strong>11</strong></span> <span class='ocrx_word' id='word_1_370' title='bbox 2386 3219 2400 3243; x_wconf 89' lang='lat'><strong>,</strong></span> <span class='ocrx_word' id='word_1_371' title='bbox 2433 3199 2454 3230; x_wconf 89' lang='lat'>1</span> <span class='ocrx_word' id='word_1_372' title='bbox 2469 3199 2513 3242; x_wconf 88' lang='lat'><strong>1,</strong></span> 
     </span>
     <span class='ocr_line' id='line_1_54' title="bbox 1499 3262 2514 3327; baseline -0.004 -14"><span class='ocrx_word' id='word_1_373' title='bbox 1499 3269 1596 3326; x_wconf 75' lang='lat'><strong>28,</strong></span> <span class='ocrx_word' id='word_1_374' title='bbox 1628 3287 1651 3309; x_wconf 75' lang='grc' dir='ltr'>ι</span> <span class='ocrx_word' id='word_1_375' title='bbox 1679 3282 1760 3313; x_wconf 79' lang='lat' dir='ltr'><strong>m</strong></span> <span class='ocrx_word' id='word_1_376' title='bbox 1781 3275 1921 3313; x_wconf 80' lang='lat' dir='ltr'><strong>vetus</strong></span> <span class='ocrx_word' id='word_1_377' title='bbox 1940 3274 2033 3312; x_wconf 81' lang='lat' dir='ltr'><strong>stst</strong></span> <span class='ocrx_word' id='word_1_378' title='bbox 2059 3285 2081 3307; x_wconf 74' lang='grc' dir='ltr'>ι</span> <span class='ocrx_word' id='word_1_379' title='bbox 2123 3278 2137 3313; x_wconf 92' lang='lat'><strong>:</strong></span> <span class='ocrx_word' id='word_1_380' title='bbox 2175 3262 2514 3327; x_wconf 81' lang='lat' dir='ltr'><strong>corrigendum</strong></span> 
     </span>
     <span class='ocr_line' id='line_1_55' title="bbox 1499 3340 2515 3405; baseline -0.005 -12"><span class='ocrx_word' id='word_1_381' title='bbox 1499 3345 1643 3393; x_wconf 75' lang='lat' dir='ltr'><strong>etiam</strong></span> <span class='ocrx_word' id='word_1_382' title='bbox 1685 3343 1831 3394; x_wconf 78' lang='lat' dir='ltr'><strong>Catil.</strong></span> <span class='ocrx_word' id='word_1_383' title='bbox 1869 3344 1977 3404; x_wconf 75' lang='lat' dir='ltr'><strong>lv,</strong></span> <span class='ocrx_word' id='word_1_384' title='bbox 2022 3357 2079 3405; x_wconf 87' lang='lat'><strong>1,</strong></span> <span class='ocrx_word' id='word_1_385' title='bbox 2122 3359 2187 3404; x_wconf 80' lang='lat'><strong>2,</strong></span> <span class='ocrx_word' id='word_1_386' title='bbox 2227 3363 2249 3385; x_wconf 77' lang='grc' dir='ltr'>ι</span> <span class='ocrx_word' id='word_1_387' title='bbox 2287 3358 2349 3389; x_wconf 88' lang='lat' dir='ltr'><strong>ex</strong></span> <span class='ocrx_word' id='word_1_388' title='bbox 2383 3340 2515 3389; x_wconf 75' lang='lat' dir='ltr'><strong>caede</strong></span> 
     </span>
     <span class='ocr_line' id='line_1_56' title="bbox 1499 3420 2517 3486; baseline -0.004 -15"><span class='ocrx_word' id='word_1_389' title='bbox 1499 3423 1767 3471; x_wconf 71' lang='lat' dir='ltr'><strong>miserrima</strong></span> <span class='ocrx_word' id='word_1_390' title='bbox 1779 3444 1801 3467; x_wconf 71' lang='lat' dir='ltr'>n</span> <span class='ocrx_word' id='word_1_391' title='bbox 1813 3457 1827 3479; x_wconf 89' lang='lat'>,</span> <span class='ocrx_word' id='word_1_392' title='bbox 1845 3422 1993 3486; x_wconf 87' lang='lat' dir='ltr'><strong>idque</strong></span> <span class='ocrx_word' id='word_1_393' title='bbox 2009 3421 2178 3471; x_wconf 84' lang='lat' dir='ltr'><strong>exErl.</strong></span> <span class='ocrx_word' id='word_1_394' title='bbox 2198 3420 2517 3486; x_wconf 75' lang='lat' dir='ltr'><strong>probantibus</strong></span> 
     </span>
     <span class='ocr_line' id='line_1_57' title="bbox 1501 3499 2518 3567; baseline -0.006 -15"><span class='ocrx_word' id='word_1_395' title='bbox 1501 3504 1644 3552; x_wconf 72' lang='lat' dir='ltr'><strong>etiam</strong></span> <span class='ocrx_word' id='word_1_396' title='bbox 1671 3501 2004 3567; x_wconf 69' lang='lat' dir='ltr'><strong>superlativis,</strong></span> <span class='ocrx_word' id='word_1_397' title='bbox 2026 3501 2111 3565; x_wconf 87' lang='lat' dir='ltr'><strong>qui</strong></span> <span class='ocrx_word' id='word_1_398' title='bbox 2129 3511 2413 3564; x_wconf 88' lang='lat' dir='ltr'><strong>sequuntur.</strong></span> <span class='ocrx_word' id='word_1_399' title='bbox 2431 3499 2518 3546; x_wconf 73' lang='lat' dir='ltr'><strong>Vi-</strong></span> 
     </span>
     <span class='ocr_line' id='line_1_58' title="bbox 1500 3565 2519 3645; baseline -0.004 -13"><span class='ocrx_word' id='word_1_400' title='bbox 1500 3586 1623 3632; x_wconf 84' lang='lat' dir='ltr'><strong>tium</strong></span> <span class='ocrx_word' id='word_1_401' title='bbox 1653 3594 1811 3631; x_wconf 80' lang='lat' dir='ltr'><strong>autem</strong></span> <span class='ocrx_word' id='word_1_402' title='bbox 1837 3581 1890 3630; x_wconf 85' lang='lat' dir='ltr'><strong>h.</strong></span> <span class='ocrx_word' id='word_1_403' title='bbox 1913 3582 1951 3629; x_wconf 91' lang='lat' dir='ltr'><strong>l.</strong></span> <span class='ocrx_word' id='word_1_404' title='bbox 1978 3598 2040 3629; x_wconf 86' lang='lat' dir='ltr'><strong>ex</strong></span> <span class='ocrx_word' id='word_1_405' title='bbox 2073 3580 2371 3645; x_wconf 85' lang='lat' dir='ltr'><strong>compendio</strong></span> <span class='ocrx_word' id='word_1_406' title='bbox 2411 3565 2519 3628; x_wconf 55' lang='lat' dir='ltr'><em>W</em></span> 
     </span>
     <span class='ocr_line' id='line_1_59' title="bbox 1502 3659 2518 3727; baseline -0.006 -16"><span class='ocrx_word' id='word_1_407' title='bbox 1502 3663 1722 3711; x_wconf 77' lang='lat' dir='ltr'><strong>derives:</strong></span> <span class='ocrx_word' id='word_1_408' title='bbox 1746 3678 1770 3709; x_wconf 80' lang='lat' dir='ltr'><em>s</em></span> <span class='ocrx_word' id='word_1_409' title='bbox 1791 3662 1917 3709; x_wconf 87' lang='lat' dir='ltr'><strong>enim</strong></span> <span class='ocrx_word' id='word_1_410' title='bbox 1935 3671 2139 3727; x_wconf 87' lang='lat' dir='ltr'><strong>propter</strong></span> <span class='ocrx_word' id='word_1_411' title='bbox 2160 3659 2518 3706; x_wconf 83' lang='lat' dir='ltr'><strong>antecedentem</strong></span> 
     </span>
     <span class='ocr_line' id='line_1_60' title="bbox 1500 3737 2521 3803; baseline -0.006 -12"><span class='ocrx_word' id='word_1_412' title='bbox 1500 3742 1716 3791; x_wconf 74' lang='lat' dir='ltr'><strong>eamdem</strong></span> <span class='ocrx_word' id='word_1_413' title='bbox 1729 3741 1916 3789; x_wconf 77' lang='lat' dir='ltr'><strong>literam</strong></span> <span class='ocrx_word' id='word_1_414' title='bbox 1930 3754 2081 3803; x_wconf 88' lang='lat' dir='ltr'><strong>quum</strong></span> <span class='ocrx_word' id='word_1_415' title='bbox 2099 3737 2354 3785; x_wconf 83' lang='lat' dir='ltr'><strong>excidisset</strong></span> <span class='ocrx_word' id='word_1_416' title='bbox 2371 3770 2386 3795; x_wconf 89' lang='lat'>‚</span> <span class='ocrx_word' id='word_1_417' title='bbox 2409 3737 2521 3785; x_wconf 86' lang='lat' dir='ltr'><strong>reli-</strong></span> 
     </span>
     <span class='ocr_line' id='line_1_61' title="bbox 1501 3808 2523 3884; baseline -0.005 -15"><span class='ocrx_word' id='word_1_418' title='bbox 1501 3837 1654 3884; x_wconf 87' lang='lat' dir='ltr'><strong>quum</strong></span> <span class='ocrx_word' id='word_1_419' title='bbox 1673 3808 1764 3869; x_wconf 63' lang='grc' dir='ltr'><strong>ἷῖἆ</strong></span> <span class='ocrx_word' id='word_1_420' title='bbox 1783 3830 1908 3875; x_wconf 78' lang='lat' dir='ltr'><strong>erat,</strong></span> <span class='ocrx_word' id='word_1_421' title='bbox 1928 3816 2061 3882; x_wconf 85' lang='lat' dir='ltr'><strong>quod</strong></span> <span class='ocrx_word' id='word_1_422' title='bbox 2082 3832 2174 3881; x_wconf 89' lang='lat' dir='ltr'><strong>pro</strong></span> <span class='ocrx_word' id='word_1_423' title='bbox 2202 3830 2390 3881; x_wconf 71' lang='lat' dir='ltr'><strong>magna</strong></span> <span class='ocrx_word' id='word_1_424' title='bbox 2409 3817 2523 3864; x_wconf 88' lang='lat' dir='ltr'><strong>scri-</strong></span> 
     </span>
     <span class='ocr_line' id='line_1_62' title="bbox 1502 3895 2521 3964; baseline -0.005 -18"><span class='ocrx_word' id='word_1_425' title='bbox 1502 3898 1580 3948; x_wconf 74' lang='lat' dir='ltr'><strong>bae</strong></span> <span class='ocrx_word' id='word_1_426' title='bbox 1591 3900 1827 3964; x_wconf 83' lang='lat' dir='ltr'><strong>legerunt.</strong></span> <span class='ocrx_word' id='word_1_427' title='bbox 1845 3898 2040 3944; x_wconf 81' lang='lat' dir='ltr'><strong>Summa</strong></span> <span class='ocrx_word' id='word_1_428' title='bbox 2060 3905 2223 3943; x_wconf 76' lang='lat' dir='ltr'><strong>nutem</strong></span> <span class='ocrx_word' id='word_1_429' title='bbox 2251 3904 2380 3942; x_wconf 85' lang='lat' dir='ltr'><strong>recte</strong></span> <span class='ocrx_word' id='word_1_430' title='bbox 2401 3895 2521 3942; x_wconf 83' lang='lat' dir='ltr'><strong>dici-</strong></span> 
     </span>
     <span class='ocr_line' id='line_1_63' title="bbox 1505 3972 2521 4034; baseline -0.007 -9"><span class='ocrx_word' id='word_1_431' title='bbox 1505 3989 1584 4025; x_wconf 91' lang='lat' dir='ltr'><strong>tur</strong></span> <span class='ocrx_word' id='word_1_432' title='bbox 1617 3978 1701 4024; x_wconf 77' lang='lat' dir='ltr'><strong>illa</strong></span> <span class='ocrx_word' id='word_1_433' title='bbox 1738 3977 1974 4024; x_wconf 83' lang='lat' dir='ltr'><strong>dissensio</strong></span> <span class='ocrx_word' id='word_1_434' title='bbox 2009 3989 2026 4023; x_wconf 73' lang='lat' dir='ltr'><strong>t</strong></span> <span class='ocrx_word' id='word_1_435' title='bbox 2065 3990 2178 4021; x_wconf 79' lang='lat' dir='ltr'><strong>nem</strong></span> <span class='ocrx_word' id='word_1_436' title='bbox 2214 3974 2368 4034; x_wconf 74' lang='lat' dir='ltr'><strong>major</strong></span> <span class='ocrx_word' id='word_1_437' title='bbox 2391 3972 2521 4020; x_wconf 78' lang='lat' dir='ltr'><strong>uuna</strong></span> 
     </span>
     <span class='ocr_line' id='line_1_64' title="bbox 1504 4050 2521 4120; baseline -0.003 -17"><span class='ocrx_word' id='word_1_438' title='bbox 1504 4056 1707 4119; x_wconf 69' lang='lat' dir='ltr'><strong>cogitet-i</strong></span> <span class='ocrx_word' id='word_1_439' title='bbox 1729 4064 1892 4120; x_wconf 82' lang='lat' dir='ltr'><strong>potest</strong></span> <span class='ocrx_word' id='word_1_440' title='bbox 1912 4089 1926 4112; x_wconf 95' lang='lat'>,</span> <span class='ocrx_word' id='word_1_441' title='bbox 1943 4069 2086 4117; x_wconf 76' lang='lat' dir='ltr'><strong>quam</strong></span> <span class='ocrx_word' id='word_1_442' title='bbox 2106 4053 2187 4099; x_wconf 78' lang='lat' dir='ltr'><strong>illa</strong></span> <span class='ocrx_word' id='word_1_443' title='bbox 2201 4086 2217 4110; x_wconf 90' lang='lat'><em>,</em></span> <span class='ocrx_word' id='word_1_444' title='bbox 2244 4068 2296 4099; x_wconf 82' lang='lat' dir='ltr'><strong>v.</strong></span> <span class='ocrx_word' id='word_1_445' title='bbox 2321 4068 2364 4100; x_wconf 87' lang='lat' dir='ltr'><strong>c.</strong></span> <span class='ocrx_word' id='word_1_446' title='bbox 2387 4050 2521 4100; x_wconf 78' lang='grc' dir='ltr'>ἀποι-</span> 
     </span>
     <span class='ocr_line' id='line_1_65' title="bbox 1502 4128 2524 4194; baseline -0.011 -9"><span class='ocrx_word' id='word_1_447' title='bbox 1502 4134 1634 4194; x_wconf 62' lang='lat' dir='ltr'><strong>sseio-c</strong></span> <span class='ocrx_word' id='word_1_448' title='bbox 1664 4147 1714 4187; x_wconf 87' lang='lat' dir='ltr'><strong>et</strong></span> <span class='ocrx_word' id='word_1_449' title='bbox 1742 4132 1999 4192; x_wconf 71' lang='grc' dir='ltr'>εὐπαθείας</span> <span class='ocrx_word' id='word_1_450' title='bbox 2027 4133 2235 4181; x_wconf 85' lang='lat' dir='ltr'><strong>Zenonis</strong></span> <span class='ocrx_word' id='word_1_451' title='bbox 2252 4141 2396 4193; x_wconf 75' lang='lat' dir='ltr'><strong>atque</strong></span> <span class='ocrx_word' id='word_1_452' title='bbox 2411 4128 2524 4192; x_wconf 86' lang='lat' dir='ltr'><strong>Epi·</strong></span> 
     </span>
     <span class='ocr_line' id='line_1_66' title="bbox 1506 4214 1625 4262; baseline 0.008 -1"><span class='ocrx_word' id='word_1_453' title='bbox 1506 4214 1625 4262; x_wconf 83' lang='lat' dir='ltr'><strong>curi.</strong></span> 
     </span>
    </p>
   </div>
  </div>
 </body>
</html>
