3217 4784
848 471 970 537 DE
1019 470 1191 538 FlN.
1249 471 1450 537 ΒΟΝ.
1504 472 1620 535 Εἰ·
1672 468 1885 537 MAI..
1923 469 2025 547 11,
2075 490 2177 560 ¹9·

2428 466 2564 536 233

432 591 595 679 bat,
665 616 943 687 quum,
1003 589 1187 660 datis
1248 588 1593 674 testibuS‚
1658 588 1775 658 alii
1852 600 2094 656 tamen
2154 587 2567 669 citarentur,

429 707 623 773 «Aut
649 701 789 771 hoc
825 703 1115 772 testium
1146 701 1315 770 satis
1353 714 1497 785 est,
1531 712 1657 768 aut
1687 698 1963 780 nesci0‚
1992 695 2171 792 quid
2198 698 2366 765 satis
2392 697 2562 781 sit»;

429 815 530 883 sic
579 836 618 882 a
675 836 790 881 me
833 812 1000 880 satis
1051 808 1297 879 datum
1349 823 1457 878 est
1516 808 1804 879 testium
1835 804 1917 875 ¹⁵.
1967 805 2158 895 Quid
2202 807 2446 877 enim?
2496 820 2567 876 te

430 928 707 1019 ipsum,
759 920 1255 1015 dignissimum
1317 918 1712 1016 majoribus
1755 918 1937 1001 tuis,
1987 917 2411 1013 voluptasne
2453 922 2564 987 in-

429 1033 676 1113 duxit,
726 1046 808 1101 ut
857 1027 1440 1100 adolescentulus
1492 1030 1807 1126 eriperes
1856 1031 1932 1096 P.
1978 1026 2185 1096 Sullae
2239 1029 2564 1098 consula-

432 1155 587 1210 tum
615 1138 730 1209 ¹⁶?
789 1163 1011 1234 quem
1077 1163 1302 1235 quum
1372 1138 1462 1209 ad
1526 1154 1807 1237 patrem
1887 1150 2093 1205 tuum
2166 1138 2566 1225 retulisse8‚

427 1249 896 1320 fortissimum
941 1250 1215 1339 virum,
1266 1251 1498 1348 qualis
1554 1251 1673 1320 ille
1725 1248 1840 1318 vel
1894 1247 2188 1332 consul,
2227 1249 2337 1319 vel
2396 1251 2564 1320 civis

429 1383 657 1456 quum
687 1384 989 1457 semper,
1018 1375 1174 1431 tum
1206 1375 1369 1458 post
1404 1361 1858 1432 consulatum
1893 1356 2031 1427 fuit
2063 1366 2117 1410 ¹⁷
2146 1359 2177 1426 Ξ)
2211 1360 2378 1446 Quo
2408 1363 2563 1455 qui-

428 1468 593 1540 dem
620 1484 911 1541 auctore
947 1496 1082 1541 nos
1114 1472 1250 1568 ipsi
1282 1495 1363 1540 ea
1394 1472 1744 1565 gessimus
1768 1522 1786 1554 ‚
1827 1481 1906 1536 ut
1933 1465 2272 1537 omnihus
2303 1471 2565 1563 potiu5‚

426 1604 645 1675 quam
692 1581 860 1678 ipsis
895 1578 1113 1651 nobis
1152 1579 1733 1649 consuluerimus
1759 1570 1838 1644 ¹3.

502 1760 585 1807 15.
619 1758 748 1807 Satis
787 1761 957 1806 datum
998 1770 1070 1804 esc
1096 1756 1302 1804 testium.
1332 1752 1452 1804 Haec

426 1854 485 1884 ex
513 1838 667 1886 Palat.
706 1854 724 1884 1
758 1848 976 1899 recepta,
1014 1835 1307 1883 confirmant
1334 1837 1456 1884 toti-

431 1916 540 1962 dem
556 1916 717 1964 verbis
731 1917 857 1979 Spir.
874 1926 922 1962 et
939 1915 1040 1963 Erl.
1064 1914 1288 1976 idemque
1306 1915 1452 1962 habet

431 1996 565 2041 Crat.
608 1995 660 2041 in
712 2010 863 2056 marg.
903 1993 1099 2056 Reliqui
1149 1995 1302 2042 nostri
1339 2010 1448 2041 cum

435 2072 553 2117 olim
586 2072 777 2134 vulgata
804 2083 1035 2135 peccant,
1076 2095 1097 2115 ι
1120 2073 1234 2120 satis
1259 2073 1452 2121 testium

431 2162 502 2197 est
526 2150 711 2198 dictum
736 2173 775 2196 n.
803 2153 924 2198 Puta
952 2152 1069 2198 olim
1105 2153 1451 2216 transpositum

429 2247 454 2276 a
486 2228 658 2275 scribis
699 2245 825 2287 esse,
860 2251 885 2270 ν
911 2231 1027 2278 satis
1057 2241 1090 2278 t.
1124 2242 1196 2277 est
1222 2231 1452 2286 datum»,

430 2319 485 2355 ut
512 2308 752 2371 genitivus
795 2308 859 2354 ad
897 2308 1041 2368 satis,
1071 2309 1204 2356 unde
1239 2309 1454 2372 pendet,

426 2398 730 2451 poneretur:
760 2397 906 2449 atque
929 2389 1043 2435 inde
1073 2387 1335 2436 turbatum.
1356 2391 1418 2437 G.

502 2467 583 2514 16.
608 2465 831 2529 Eriperes
860 2469 916 2513 P.
931 2468 1081 2515 Sulla·
1107 2468 1454 2514 consulatum?

424 2548 499 2593 De
527 2544 779 2593 consulatu
820 2562 846 2592 a
888 2548 1141 2609 Torquato
1183 2548 1238 2594 P.
1272 2546 1450 2606 Sullae,

422 2641 512 2689 per
564 2623 776 2672 ambitus
837 2627 1195 2674 accusationem
1251 2637 1420 2690 erepto
1439 2662 1452 2686 ,

424 2705 644 2751 conferas
670 2720 763 2767 pro
789 2704 920 2752 Sulla
945 2740 957 2762 ‚
986 2722 1015 2752 a
1037 2717 1085 2753 et
1116 2709 1167 2754 3.
1190 2707 1251 2752 G.

502 2797 579 2842 ¹7·
608 2785 726 2829 Tum
749 2794 866 2844 post
887 2783 1302 2848 consulateemfieie
1316 2789 1342 2832 ι)
1365 2788 1450 2832 Ιη-

423 2861 531 2909 nuit
570 2878 670 2908 rem
713 2863 762 2907 in
804 2862 1125 2920 Macedonia,
1152 2865 1409 2926 provincia
1432 2902 1447 2925 ,

431 2940 558 2986 bene
594 2951 805 3003 gestam,
840 2949 888 2986 et
909 2940 1052 2997 inde,
1083 2943 1317 2989 Cicerone
1340 2943 1449 3008 ipso

426 3019 663 3067 referente
674 3055 688 3077 ‚
705 3020 1013 3083 imperatoris
1027 3021 1222 3067 nomine
1236 3023 1450 3086 appella·

424 3108 546 3147 tum.
579 3098 657 3146 Cf.
683 3098 736 3143 in
775 3099 875 3145 Pis.
927 3113 1024 3160 19,
1071 3107 1154 3155 44.
1195 3101 1449 3148 Honorifl·

425 3193 529 3223 cam
552 3188 713 3225 antem
742 3179 1007 3241 Torquati,
1044 3180 1196 3241 patris
1212 3213 1226 3236 ‚
1245 3181 1450 3229 mentio·

425 3271 538 3302 nem
562 3255 678 3302 inde
700 3256 930 3314 injectam
951 3256 1148 3320 putabis
1164 3291 1180 3317 ‚
1204 3258 1346 3319 quod
1369 3259 1450 3307 hic

423 3334 556 3381 omni
583 3335 874 3382 auctoritate
895 3351 980 3382 sua
1010 3336 1367 3396 intercesserat,
1389 3354 1449 3385 ne

420 3415 593 3461 Cicero
639 3415 691 3460 in
712 3414 938 3461 exsilium
978 3413 1112 3461 abire
1164 3428 1450 3478 cogeretur,

420 3493 542 3541 ibid.
562 3494 659 3541 Pis.
685 3495 746 3540 31
775 3529 789 3551 ,
817 3510 877 3553 77
903 3528 918 3553 ‚
952 3495 1033 3554 78.
1052 3498 1163 3543 Huc
1181 3510 1234 3541 ea
1253 3510 1451 3559 quoque

419 3573 666 3621 referenda
693 3574 948 3633 videntur,
978 3589 1087 3636 quae
1109 3574 1333 3638 proxime
1360 3574 1448 3622 ad-

420 3653 621 3700 duntur.
652 3655 715 3700 G.

497 3733 580 3779 18.
620 3730 893 3789 Cossinius,
937 3744 993 3778 eet
1028 3767 1039 3779 .
1063 3768 1076 3779 .
1099 3768 1113 3781 .
1152 3734 1450 3782 consulueri-

419 3826 541 3859 mus.
577 3811 708 3858 Gud.
747 3828 765 3858 ι
798 3822 848 3859 et
875 3813 1073 3860 Oxonn.
1101 3807 1142 3867 ξ.
1171 3812 1451 3860 consulere·

420 3904 524 3936 mus
572 3906 592 3937 .·
635 3890 721 3937 sed
757 3906 875 3938 cave
895 3924 910 3947 ‚
958 3907 1019 3938 ne
1064 3890 1159 3938 hoc
1204 3892 1445 3956 praeferas.

420 3968 574 4030 Apud
602 3984 771 4016 omnes
808 3970 937 4017 enim
977 3969 1175 4017 Latinos
1199 3971 1303 4019 haec
1328 3988 1446 4018 con·

422 4046 626 4093 structio
659 4047 820 4108 valet,
842 4060 896 4097 ut
921 4050 1166 4114 praeterito
1193 4050 1444 4097 indicativi

422 4121 552 4168 idem
574 4126 877 4186 conjunctivi
901 4128 1107 4175 addatur
1127 4143 1139 4175 :
1160 4139 1306 4192 atque
1329 4145 1443 4177 sane

423 4201 511 4248 ista
567 4205 849 4253 consecutio
906 4217 1040 4254 certo
1100 4209 1148 4254 in
1204 4219 1442 4257 contextu

1541 1754 1675 1803 haud
1700 1754 1859 1801 minus
1883 1770 1944 1801 ex
1971 1753 2132 1815 regula
2162 1762 2261 1809 est,
2285 1768 2429 1814 quarn
2452 1753 2531 1801 illa
2552 1791 2568 1815 ‚

1542 1852 1637 1898 qua
1657 1834 1903 1898 praeterito
1932 1832 2266 1895 imperfectum
2291 1830 2405 1878 addi
2426 1833 2569 1891 jube-

1543 1926 1641 1963 tur.
1684 1913 1919 1976 Exempla
1961 1928 2117 1975 nuper
2160 1911 2404 1973 congessit
2440 1913 2568 1958 Mat-

1540 1995 1656 2042 thiae
1684 1996 1989 2057 Programm.
2019 1992 2082 2039 ad
2102 1989 2191 2038 lib.
2216 1992 2240 2037 1
2268 1990 2329 2037 de
2346 1992 2566 2048 Oratore,

1540 2092 1651 2138 pag.
1684 2077 1713 2123 8
1729 2109 1743 2133 ‚
1781 2073 1960 2137 quibus
1989 2074 2059 2119 sic
2076 2071 2318 2136 praeterita
2341 2087 2430 2135 per
2451 2071 2566 2135 quin

1540 2164 1586 2202 et
1605 2155 1810 2217 quinon
1829 2155 2129 2216 junguntur:
2149 2150 2384 2198 addamus
2398 2167 2567 2213 pauca,

1541 2233 1628 2279 ubi
1653 2234 1780 2280 idem
1803 2248 1889 2296 per
1907 2243 1961 2278 ut
1983 2230 2212 2278 efficitur.
2241 2229 2451 2292 Philipp.
2468 2230 2566 2283 11,

1543 2312 1572 2356 3
1591 2346 1604 2369 ‚
1630 2311 1659 2357 8
1687 2327 1698 2357 t
1728 2332 1749 2353 ι
1773 2327 1827 2356 ac
1846 2309 2098 2357 Dolabella
2127 2309 2326 2372 quidem
2352 2320 2449 2355 tam
2475 2307 2567 2355 suit

1542 2391 1798 2437 immernor
1852 2389 2164 2436 humanitatis
2214 2387 2235 2452 (
2273 2404 2566 2451 quamquam

1542 2471 1645 2530 ejus
1700 2483 1961 2531 numquam
2004 2468 2249 2530 particeps
2307 2468 2400 2514 fuit
2417 2467 2436 2529 )
2455 2500 2470 2523 ,
2513 2478 2565 2513 ut

1542 2568 1678 2599 suam
1706 2549 2026 2598 insatiabilem
2065 2548 2398 2595 crudelitatem
2426 2563 2566 2596 exer·

1546 2632 1700 2678 cuerit
1729 2646 1830 2677 non
1861 2629 2018 2677 solnm
2050 2628 2100 2674 in
2127 2629 2241 2674 vivo
2260 2660 2274 2685 ,
2302 2627 2389 2673 sed
2423 2628 2566 2674 etiam

1539 2712 1589 2757 in
1619 2721 1819 2757 mortuo
1857 2732 1898 2757 ιι.
1952 2706 2178 2756 Parenth.
2223 2705 2373 2769 vulgo
2408 2704 2561 2754 abest.

1537 2791 1690 2838 Arch.
1715 2793 1853 2838 Poet.
1885 2788 1942 2846 5,
1969 2804 2000 2850 9
2041 2802 2053 2836 :
2080 2785 2348 2834 cMetellus
2371 2820 2386 2846 ,
2416 2785 2566 2832 homo

1533 2871 1868 2917 sanctissimus
1922 2866 2399 2927 modestissimusque
2462 2880 2565 2911 om-

1536 2950 1699 3007 nium,
1727 2959 1859 2995 tanta
1889 2945 2136 3008 diligentia
2165 2944 2287 3001 fuit,
2325 2952 2382 2989 ut
2408 2941 2470 2988 ad
2511 2946 2563 2989 L.

1536 3029 1821 3090 Lucullum,
1860 3036 2143 3091 praetorem‚
2189 3033 2237 3068 et
2277 3021 2340 3067 ad
2376 3021 2565 3079 indices

1538 3108 1754 3162 venerit,
1797 3116 1844 3153 et
1892 3105 2036 3151 unius
2078 3101 2289 3148 nominis
2327 3098 2470 3145 litura
2511 3116 2564 3145 se

1536 3196 1835 3234 commotum
1863 3200 1965 3231 esse
1996 3181 2171 3228 dixerit
2194 3201 2234 3227 ...
2254 3181 2361 3226 Ait.
2379 3180 2426 3224 11
2442 3213 2457 3238 ,
2485 3194 2562 3242 ep.

1542 3264 1605 3311 16
1642 3279 1654 3312 τ
1697 3287 1718 3307 ι
1739 3263 1872 3326 Quid
1901 3255 2122 3325 quaeris?
2156 3259 2365 3323 primum
2392 3258 2458 3304 ita
2486 3273 2564 3304 me

1535 3341 1749 3404 pupugit
1769 3375 1784 3396 ,
1811 3350 1865 3388 nt
1883 3353 2107 3386 somnum
2129 3336 2247 3384 mihi
2266 3335 2500 3382 ademerit
2518 3358 2562 3383 n.

1537 3419 1612 3466 lb.
1638 3421 1729 3476 IV,
1755 3434 1839 3482 ep.
1875 3433 1896 3464 1
1929 3416 2061 3464 med.
2094 3437 2117 3458 ι
2143 3418 2215 3463 Ita
2245 3416 2339 3463 iter
2365 3415 2485 3474 feci,
2511 3426 2565 3462 ut

1536 3496 1756 3559 undique
1788 3496 1851 3542 ad
1886 3511 1962 3542 me
2007 3512 2119 3542 cum
2150 3496 2474 3558 gratulatione
2496 3494 2567 3543 le-

1537 3575 1638 3639 gati
1656 3574 1976 3621 convenerint
1995 3594 2038 3621 a.
2064 3575 2141 3621 Ex
2166 3574 2392 3623 hocloco
2411 3575 2565 3622 corri-

1537 3672 1622 3720 gas
1649 3670 1740 3718 pro
1767 3652 1947 3702 Milon.
1996 3653 2056 3700 31
2077 3687 2093 3714 ,
2126 3654 2191 3701 86
2219 3666 2231 3700 :
2262 3674 2284 3696 ι
2316 3654 2408 3700 nisi
2438 3655 2567 3700 sorte

1536 3736 1636 3783 hoc
1661 3733 1806 3780 etiam
1834 3747 1949 3778 casu
1978 3731 2159 3779 factum
2187 3748 2288 3779 esse
2314 3731 2529 3780 dicemus
2551 3768 2566 3789 ,

1540 3823 1593 3859 ut
1621 3822 1735 3859 ante
1764 3810 1924 3874 ipsum
1953 3810 2213 3856 sacrarium
2251 3810 2402 3857 Bonae
2449 3812 2563 3857 Deae

1549 3924 1617 3940 ...
1659 3890 1873 3954 primurn
1912 3887 2035 3935 illud
2075 3887 2251 3935 vulnus
2286 3889 2562 3951 acciperet,

1534 3988 1636 4035 quo
1651 3968 1958 4017 deterrimam
1978 3978 2182 4015 mortem
2204 3967 2363 4015 obiret
2381 3989 2426 4013 ιι.
2450 3967 2560 4013 Plu·

1534 4068 1612 4099 res
1659 4050 1728 4097 ibi
1770 4047 1940 4111 scripti
1986 4046 2225 4111 acceperit
2242 4080 2255 4104 ,
2304 4045 2439 4109 quod
2490 4056 2560 4090 est

1532 4127 1871 4194 reponendum
1911 4143 1923 4173 :
1966 4143 2084 4174 nam
2133 4123 2434 4174 constructio
2477 4138 2557 4167 ea-

1532 4209 1642 4255 dem
1671 4220 1742 4256 est
1766 4244 1781 4271 ,
1807 4224 1865 4256 ac
1891 4207 1932 4255 si
1961 4207 2196 4272 scriptum
2224 4200 2561 4264 essetsactum
