3217 4784
830 366 954 435 DE
1002 362 1174 434 rm.
1232 361 1433 430 BON.
1485 359 1601 427 ΕΤ
1651 360 1866 427 MAL.
1901 361 1959 444 1,
1998 356 2061 429 5.
2398 365 2493 452 45

382 486 761 574 bitramur,
804 489 879 557 in
915 481 1217 582 quibus,
1257 493 1609 577 quantum
1639 479 2046 575 potuimus,
2091 503 2240 552 non
2272 485 2495 560 modo

384 598 561 695 quid
590 597 804 669 nobis
844 593 1304 694 probaretur,
1330 587 1454 661 sed
1492 589 1707 660 etiam
1744 586 1922 684 quid
1942 613 1982 658 a
2014 591 2309 688 singulis
2340 596 2497 692 phi-

384 709 728 808 losophiae
770 705 1244 803 disciplinis¹⁷
1279 700 1657 782 diceretur,
1695 701 2113 795 persequuti
2147 726 2415 776 sumus.

480 823 564 889 V.
615 822 713 890 Ut
753 830 994 887 autem
1049 838 1091 883 a
1138 809 1489 881 facillimis
1539 806 1940 919 ordiamur,
1983 813 2211 905 prima
2263 817 2499 887 veniat
2537 833 2600 887 13

384 928 463 996 in
520 926 839 999 medium
890 922 1180 1023 Epicuri
1230 920 1450 1005 ratio,
1506 942 1667 1014 quae
1724 916 2083 1015 plerisque
2135 925 2504 997 notissima

386 1051 494 1107 est
546 1063 562 1105 :
624 1060 843 1134 quam
885 1058 924 1105 a
968 1029 1179 1103 nobis
1225 1031 1325 1100 sic
1379 1026 1735 1122 intelliges
1802 1031 2235 1125 expositam,
2274 1047 2354 1103 ut
2410 1032 2503 1106 ab

384 1146 595 1244 ipsi5‚
629 1148 755 1242 qui
775 1168 929 1215 eam
951 1138 1399 1238 disciplinam
1428 1135 1779 1234 probant,
1802 1162 1953 1207 non
1976 1137 2200 1211 soleat
2221 1165 2505 1216 accura-

386 1256 533 1325 tius
583 1255 941 1352 explicari.
988 1255 1260 1327 Verum
1319 1249 1513 1318 enim
1563 1246 1885 1317 invenire
1939 1244 2310 1340 volumus,
2353 1278 2506 1324 non

387 1379 757 1461 tamquam
789 1360 1272 1434 adversarium
1318 1358 1629 1453 aliquem
1669 1355 2117 1427 convincere.
2158 1361 2505 1435 Accurate

387 1489 627 1546 autem
688 1472 1060 1572 quondam
1105 1494 1145 1539 a
1186 1470 1264 1537 L.
1286 1472 1658 1561 Torquato
1685 1473 1735 1548 ¹,
1770 1461 2064 1534 homine
2118 1468 2317 1538 omni
2373 1470 2505 1542 do-

388 1587 615 1656 ctrina
657 1584 976 1667 erudit0,
1011 1577 1302 1650 defensa
1340 1590 1445 1645 est
1478 1573 1770 1670 Epicuri
1805 1576 2157 1644 sententia
2189 1575 2279 1646 de
2313 1579 2508 1651 volu-

387 1709 627 1793 ptate;
675 1721 717 1766 a
753 1717 1015 1789 meque
1055 1691 1122 1760 ei
1159 1707 1626 1783 responsum,
1681 1705 1910 1776 quum
1934 1683 2013 1751 C.
2043 1683 2394 1756 Triarius²
2429 1690 2508 1761 iu

387 1809 638 1904 primis
667 1804 899 1901 gravis
935 1815 1007 1872 et
1043 1799 1299 1869 doctus
1329 1793 1779 1875 adolescens,
1808 1794 1873 1860 ei
1903 1789 2373 1889 disputationi
2402 1798 2508 1868 in·

385 1929 701 1986 teresset.
741 1916 921 1985 Nam
963 1931 1193 2008 quum
1233 1903 1324 1976 ad
1363 1927 1478 1974 me
1526 1904 1598 1971 in
1645 1902 2054 1971 Cumanum
2080 1898 2109 1944 ³
2153 1901 2506 1978 salutandi

387 2048 595 2095 causa
639 2039 948 2119 uterque
978 2020 1324 2101 venisset,
1371 2036 1600 2111 pauca
1637 2012 1872 2109 primo
1907 2013 2096 2081 inter
2136 2014 2393 2105 nos‘de
2430 2017 2505 2089 li·

388 2135 600 2217 teriS,
655 2156 959 2227 quarum
1025 2150 1389 2201 summum
1444 2124 1718 2194 eratin
1774 2135 2088 2217 utroque
2134 2123 2507 2216 studium;

388 2239 651 2312 deinde
688 2244 1092 2335 Torquatus
1128 2263 1144 2305 z
1188 2236 1556 2323 Quoniam
1586 2231 1777 2301 nacti
1805 2244 1909 2317 te,
1950 2231 2228 2327 inquit,
2261 2258 2510 2311 sumus

386 2433 549 2466 veram
594 2432 696 2466 esse
737 2426 921 2465 certum
964 2424 1035 2463 est
1070 2427 1085 2473 ;
1149 2409 1300 2459 modo
1341 2422 1403 2456 ne

386 2496 548 2561 presse
573 2513 662 2560 pro
682 2496 816 2545 libris
842 2497 1000 2560 posita
1020 2492 1287 2558 accipiatur
1307 2524 1324 2550 ‚
1348 2500 1404 2538 ut

386 2592 556 2640 parum
579 2587 798 2624 accurate
818 2575 975 2624 Bremi
994 2609 1010 2634 ,
1028 2585 1076 2622 et
1096 2573 1272 2636 reliqui
1290 2572 1402 2617 intt.

386 2655 700 2718 Respondent
755 2654 858 2702 haec
903 2655 1045 2719 plana
1081 2652 1258 2701 nostris
1290 2685 1305 2707 ‚
1350 2648 1401 2696 in

386 2734 542 2782 dieser
561 2732 742 2797 Sela-ist
776 2733 927 2794 (dans
955 2744 1032 2781 eet
1056 2732 1215 2792 ecrit).
1256 2747 1400 2795 quam

386 2814 483 2860 vim
512 2814 617 2873 ejus
655 2815 791 2860 vocis
821 2813 870 2859 h.
902 2812 940 2860 l.
969 2812 1259 2859 verissimam
1297 2820 1401 2858 uon

387 2903 461 2940 est
492 2902 550 2939 nt
585 2890 808 2954 pluribus
838 2890 1108 2939 doceamus.
1140 2892 1205 2938 G.

464 2986 483 3017 x
498 2988 544 3031 7.
581 2974 624 3016 A
642 2969 843 3034 singulis
865 2967 1178 3032 philosophia·
1190 2967 1401 3032 discipli·

386 3049 476 3098 nis.
499 3050 648 3096 Recte
664 3050 821 3096 Bremi
840 3047 1084 3110 vulgatam
1104 3058 1271 3094 eontra
1291 3047 1401 3095 Sca-

385 3128 591 3191 ligerum
610 3126 824 3175 defendit
838 3162 853 3187 ‚
873 3126 958 3189 qui
973 3146 998 3166 α
1014 3140 1042 3171 a
1059 3124 1260 3187 singulis
1284 3124 1401 3189 phil.

387 3206 678 3270 discipulis»
695 3239 710 3265 ,
737 3222 839 3253 non
867 3215 964 3252 tam
984 3202 1225 3264 conjecit,
1253 3220 1400 3267 quam

386 3301 450 3333 ex
490 3285 618 3332 libro
679 3284 863 3348 scripto
909 3282 1306 3343 commendavit3
1346 3293 1401 3329 ut

386 3366 532 3414 etiam
555 3380 619 3412 ex
644 3363 762 3411 meis
800 3361 932 3412 Gnd.
977 3377 1033 3420 a,
1072 3371 1122 3409 et
1154 3361 1279 3422 Spir.
1305 3359 1401 3409 Sed

386 3452 495 3490 orta
512 3452 585 3490 est
597 3442 699 3490 haec
717 3442 863 3491 lectio
885 3457 948 3489 ex
965 3439 1146 3503 vulgati
1172 3454 1402 3501 compen·

385 3519 490 3568 dio.
519 3521 581 3568 G.

456 3598 524 3647 V.
551 3614 597 3648 1.
625 3596 767 3645 Lucio
806 3599 1079 3661 Torquato.
1100 3632 1113 3645 .
1134 3631 1147 3643 .
1176 3596 1226 3645 C.
1257 3596 1395 3644 Tria·

385 3678 503 3725 νέω.
562 3679 664 3725 Hos
711 3675 839 3724 idem
887 3677 1059 3725 Cicero
1108 3678 1246 3739 Brut.
1300 3677 1364 3735 76
1381 3709 1397 3734 ‚

379 3756 579 3815 iunxit,
617 3754 702 3803 ubi
734 3770 988 3803 commune
1014 3754 1260 3819 utriusque
1291 3752 1396 3802 elo·

386 3835 517 3898 gium
569 3833 691 3884 vide.
735 3834 981 3882 occubuit
1023 3845 1226 3896 uterque
1265 3833 1395 3882 bello

384 3915 534 3962 civili.
561 3916 687 3961 Ante
709 3914 806 3962 hoe
832 3914 979 3977 igitur
1004 3923 1191 3978 tempus
1217 3914 1396 3977 dialogi

385 4007 527 4040 scena
554 3992 833 4042 collocanda
859 4003 948 4041 est.
988 4013 1014 4034 α
1030 3992 1243 4042 Triarius
1276 3994 1396 4043 ado·

385 4069 568 4120 lesem
585 4094 610 4115 ··
630 4072 843 4132 dieitur;
882 4086 994 4119 nam
1016 4073 1161 4137 periit
1186 4073 1395 4138 qnadra-

1489 2414 1623 2478 ginta
1643 2424 1691 2462 et
1716 2426 1952 2477 quatuor,
1988 2416 2067 2464 vel
2101 2418 2319 2485 quinque
2352 2438 2509 2475 anno·

1488 2506 1666 2542 natus:
1692 2496 1891 2557 ejusque
1910 2494 2072 2541 liberis
2097 2508 2262 2559 postea
2283 2502 2385 2551 Cic.
2423 2516 2503 2554 tu-

1490 2585 1568 2622 tor
1592 2574 1700 2622 suit.
1731 2575 1834 2622 Au.
1875 2575 2003 2632 x11,
2041 2590 2118 2638 ep.
2157 2580 2242 2626 28.
2273 2581 2334 2628 G.
2355 2609 2427 2620 —
2447 2587 2501 2633 ι.

1498 2655 1761 2717 Torquato.
1789 2653 1911 2701 Filio
1940 2654 1994 2702 L.
2031 2654 2205 2703 Manlii
2240 2660 2498 2723 Torquati,

1488 2735 1575 2796 qui
1601 2729 1771 2780 consul
1795 2733 1888 2781 fnit
1910 2748 2022 2780 cnm
2044 2735 2097 2781 L.
2119 2735 2320 2785 Aurelio
2338 2739 2507 2800 Cotta,

1487 2812 1638 2860 altero
1664 2828 1793 2859 anno
1814 2822 1923 2859 ante
1936 2812 2220 2861 Ciceronem
2240 2818 2505 2869 consulem.

1490 2892 1585 2939 Hic
1624 2892 1698 2939 bis
1735 2891 1979 2938 accusavit
2012 2893 2067 2939 P.
2097 2891 2316 2951 Sullam3
2359 2896 2506 2945 semel

1487 2970 1720 3029 ambitus,
1750 2981 1798 3017 et
1815 2968 2160 3016 condemnavit
2183 2984 2197 3017 :
2218 2970 2394 3018 deinde
2410 2990 2510 3021 ma·

1483 3049 1671 3108 jestatis
1689 3082 1705 3107 ,
1750 3047 1887 3110 qnod
1941 3044 2236 3094 Catilinariae
2279 3050 2507 3110 conjura.

1487 3127 1637 3174 tionis
1663 3126 1905 3190 particeps
1929 3122 2125 3179 fuissem
2169 3140 2263 3186 qua
2292 3126 2340 3173 iu
2365 3143 2506 3179 eausa

1487 3205 1668 3254 Sullam
1697 3206 1868 3252 Cicero
1888 3199 2122 3250 defendit.
2145 3203 2414 3258 Musa-ms.

1559 3297 1611 3331 η.
1644 3280 1872 3330 marius.
1902 3283 1959 3328 In
1982 3296 2084 3344 qno
2110 3295 2233 3332 errat
2257 3286 2366 3335 Seb.
2385 3291 2506 3340 Cor·-

1488 3359 1633 3408 radus
1655 3360 1727 3422 (iu
1749 3362 1899 3408 Bruto
1920 3394 1935 3419 ‚
1957 3376 2065 3425 dap.
2091 3364 2206 3426 76),
2228 3367 2316 3428 qui
2327 3401 2345 3424 ‚
2365 3369 2502 3433 quod

1488 3438 1632 3503 p'lena
1675 3439 1935 3487 senectutis
1974 3440 2118 3488 fuisse
2160 3441 2337 3492 dicitnr
2374 3448 2504 3498 illius

1489 3519 1645 3568 oratio
1663 3552 1679 3576 ‚
1702 3535 1864 3566 senem
1890 3535 1952 3567 ex
1971 3536 2029 3567 eo
2047 3520 2304 3584 significari
2327 3540 2500 3589 putat:

1482 3599 1693 3663 ideoque
1735 3616 1837 3648 non
1862 3615 1964 3647 esse
1998 3600 2217 3649 eumdem
2239 3636 2252 3659 ,
2298 3606 2384 3667 qui
2419 3606 2502 3658 hio

1483 3668 1766 3727 adolescens
1795 3690 2011 3727 vocetur.
2038 3682 2199 3741 Quum
2219 3697 2380 3731 revera
2404 3686 2501 3736 hoo
2546 3684 2559 3698 ⁶

1486 3759 1657 3807 Cicero
1674 3792 1687 3815 ,
1714 3769 1954 3819 tamquam
1972 3756 2254 3806 admirabile
2273 3794 2288 3819 ,
2316 3778 2503 3829 propo.

1483 3847 1591 3895 nat,
1613 3838 1762 3885 fuisse
1780 3837 1953 3884 Triarii
1969 3838 2022 3884 in
2039 3836 2122 3884 illa
2142 3847 2280 3885 {etate
2294 3873 2310 3898 ,
2327 3858 2502 3910 nempe

1482 3916 1533 3963 in
1550 3915 1897 3972 adolescentia,
1921 3914 2111 3978 plenam
2127 3921 2383 3968 senectutis
2401 3957 2418 3983 ,
2459 3924 2498 3971 i.

1483 4013 1529 4044 e.
1545 3996 1709 4044 senilis
1734 3993 1977 4058 gravitatis
1986 3995 2271 4044 orationem.
2287 3999 2497 4048 Munn-

1557 4076 1604 4125 3.
1634 4077 1693 4123 In
1717 4074 2005 4123 eumanum.
2029 4074 2187 4124 Acad.
2209 4077 2265 4135 1,
2306 4093 2353 4125 ι.
