3217 4784
832 262 954 331 DE
1002 264 1173 331 F1N.
1228 262 1427 329 ΒΟΝ.
1479 262 1593 329 ET
1645 261 1855 330 MAL.
1909 264 2046 353 111,
2111 260 2212 330 13.

2389 224 2395 229 ⁴
2442 265 2580 335 383

465 387 703 478 magni
725 388 1187 470 aestimantur,
1215 386 1305 452 sit
1320 380 1629 452 beatior.
1658 382 1768 452 Illi
1803 386 1994 454 enirn
2034 383 2359 481 corporis
2388 410 2582 459 com-

466 494 693 565 modis
750 494 1096 593 compleri
1142 496 1358 562 vitam
1416 490 1701 562 beatam
1760 508 2072 589 putant:
2122 501 2348 567 nostri
2397 499 2576 570 nibil

462 608 717 677 minus.
749 611 929 679 Nam
963 628 1191 701 quum
1216 603 1311 671 ita
1348 598 1663 696 placeat,
1702 625 1793 670 ne
1822 626 2074 673 eorum
2099 604 2406 701 *quidem
2442 606 2582 680 bo-
2671 670 2678 679 .

461 740 759 802 norum,
802 741 962 813 quae
1032 737 1167 784 nos
1225 709 1418 780 bona
1483 724 1754 780 naturae
1813 713 2388 809 ‘appellemus¹⁰,
2431 718 2577 791 fre-

458 830 754 921 quentia
798 823 1193 894 beatiorem
1252 824 1465 889 vitam
1529 817 1727 906 fieri,
1774 835 1898 891 aut
1948 828 2171 920 magis
2226 843 2576 926 expeten-

458 935 620 1005 dam
644 990 663 1020 ‚
706 949 829 1003 aut
854 932 1080 1030 pluris
1103 928 1628 1015 aestimandam3
1662 943 1856 1000 certe
1892 935 2131 1004 minus
2160 934 2250 1005 ad
2286 935 2570 1011 beatam

464 1048 674 1114 vitam
714 1046 1030 1141 pertinet
1064 1038 1453 1109 multitudo
1497 1040 1821 1134 corporis
1850 1041 2420 1117 commodorum.
2450 1052 2571 1119 Et·
2611 1073 2677 1129 44

459 1156 651 1223 enim
699 1155 757 1224 si
809 1168 881 1223 et
919 1175 1167 1250 sapere
1219 1146 1710 1247 expetendum
1742 1153 1935 1237 situ,
1969 1164 2041 1221 et
2085 1152 2357 1243 valere,
2402 1182 2572 1230 con-

457 1322 638 1372 habeae
645 1324 791 1387 plura
805 1338 865 1371 ea
881 1294 1180 1371 exhibentes.
1199 1320 1470 1385 Sepissime

455 1413 616 1450 autem
652 1402 747 1450 boc
791 1418 938 1467 prou.
972 1414 1085 1449 ante
1129 1399 1381 1447 relativum
1419 1399 1469 1445 in

454 1483 692 1530 enuntiati
713 1482 922 1531 clausula
941 1482 1010 1528 sic
1045 1478 1190 1536 addi,
1222 1478 1343 1525 nihii
1367 1489 1461 1534 est,

456 1574 508 1609 ut
536 1562 815 1610 doceamus.

530 1649 608 1680 ιο.
643 1636 764 1698 Quae
788 1647 875 1678 nos
893 1630 1019 1677 bona
1045 1638 1235 1676 natura·
1258 1627 1469 1691 appelle-

454 1728 573 1759 mus.
601 1714 640 1759 E
682 1713 863 1760 nostris
890 1724 1085 1773 quoque
1122 1706 1294 1770 optimi
1339 1706 1466 1769 Spir.

453 1800 499 1836 et
528 1790 624 1837 Eri.
652 1805 754 1837 nou
782 1800 975 1836 nataeeroe
994 1821 1009 1846 ,
1036 1786 1121 1834 sed
1150 1801 1297 1841 vere,
1342 1800 1467 1848 prae-

451 1867 587 1914 bent.
612 1868 706 1915 Sed
729 1867 769 1913 si
797 1866 1045 1930 utriusque
1069 1865 1203 1913 vocis
1230 1879 1464 1928 compen·

451 1946 550 2003 dia,
566 1933 637 1993 Te
663 1953 710 1989 et
731 1933 814 2003 ἶιῖ,
835 1946 1089 2008 cogitaris,
1106 1942 1232 1990 nihil
1244 1943 1334 1992 erit
1352 1958 1465 2001 ,cur

449 2025 551 2071 liaec
570 2035 834 2088 permutata
853 2024 1055 2071 mireris.
1067 2024 1124 2069 In
1141 2021 1246 2068 aliis
1259 2032 1464 2085 utraque

449 2103 594 2150 lectio
620 2119 737 2151 vere
753 2114 940 2150 namra
958 2102 1167 2163 junctim
1196 2102 1460 2164 reperitur,

448 2194 503 2229 ut
546 2184 597 2230 in
633 2184 799 2230 Oxou.
829 2200 879 2245 χ.
918 2193 968 2230 et
996 2182 1125 2230 Crat.
1143 2179 1205 2227 ad
1228 2195 1376 2242 marg.
1394 2181 1460 2227 At

447 2261 613 2310 Lamb.
644 2278 736 2326 pro
763 2262 924 2321 bona,
971 2258 1133 2323 prima
1175 2259 1227 2306 in
1270 2260 1461 2322 scriptis

446 2343 610 2389 nescio
636 2340 813 2404 quibus
832 2339 925 2402 legi
944 2339 1012 2386 ait
1039 2353 1052 2385 :
1074 2336 1210 2401 quod
1232 2338 1390 2385 Brem.
1408 2340 1461 2384 in

447 2432 577 2469 texta
597 2419 795 2483 recepit.
813 2419 881 2466 At
908 2430 1008 2466 tum
1037 2433 1138 2464 non
1166 2417 1461 2479 appellemus

444 2509 629 2557 auctor,
677 2498 766 2546 sed
812 2497 1112 2563 appellamus
1158 2496 1423 2559 scripsisset
1443 2531 1457 2554 ‚

443 2568 594 2643 quum
633 2579 685 2625 in
723 2576 1054 2642 superioribus
1070 2575 1234 2639 pn'ma
1268 2586 1459 2622 natur-ce

441 2659 615 2722 saepius
630 2660 729 2719 jam
752 2657 991 2705 adfuerint
1008 2672 1097 2715 ‚,V.
1122 2652 1209 2703 αδ
1222 2670 1279 2713 ,a
1293 2669 1312 2701 x
1326 2688 1341 2713 ,
1362 2665 1453 2701 etc.

441 2737 779 2797 subjunctivus
799 2747 957 2782 sutem
988 2750 1182 2794 vocem,
1220 2733 1458 2797 quodam·

440 2815 589 2863 modo
629 2830 757 2862 nove
799 2815 1009 2878 positam
1025 2847 1039 2870 ‚
1075 2813 1307 2876 requiret.
1346 2814 1454 2862 Nos

438 2894 636 2959 quidem
653 2904 701 2942 et
720 2892 846 2940 bona
859 2925 875 2951 ,
896 2888 1271 2953 etprima(siita
1285 2892 1452 2940 Lamb-

439 2977 488 3022 in
513 2976 658 3023 codd.
705 2970 952 3037 reperit),
997 2987 1059 3018 ex
1098 2970 1252 3034 glossa
1292 2988 1450 3019 acces·

436 3056 583 3115 sisse,
617 3067 844 3121 putamus
866 3068 880 3102 :
904 3064 1004 3101 tum
1029 3054 1155 3099 enim
1181 3052 1335 3117 probe
1348 3055 1452 3101 coi-

437 3135 562 3181 bunt
582 3128 760 3182 omnia.
792 3130 1049 3196 supplebis
1066 3146 1129 3177 ex
1151 3131 1452 3195 precedente

436 3215 671 3263 bonorum
686 3249 702 3271 ,
732 3214 863 3260 bona
882 3246 897 3271 ,
918 3213 981 3259 ita
997 3221 1054 3258 ut
1073 3226 1185 3258 vere
1201 3210 1278 3258 hin
1286 3210 1450 3275 prima

434 3305 628 3341 παίω-ιτ
685 3292 1013 3355 intelligantur
1029 3325 1046 3351 ‚
1083 3300 1135 3337 et
1179 3292 1452 3338 excusatius

433 3373 771 3438 subjunctivus
796 3381 1033 3436 ponatur,
1069 3385 1219 3433 quum
1247 3370 1317 3417 sic
1351 3385 1451 3416 non

432 3454 633 3518 proprie
648 3453 816 3501 Stoici.
843 3451 1006 3498 Potest
1023 3460 1180 3498 tamen
1201 3449 1275 3497 vel
1296 3449 1447 3508 bona,

434 3534 472 3578 si
486 3534 550 3579 ita
566 3532 704 3579 malis
719 3567 735 3593 ‚
759 3541 884 3579 stare
902 3563 916 3586 ,
933 3544 1083 3591 quum
1102 3537 1274 3576 auctor
1293 3528 1447 3576 subst.

434 3610 714 3673 primarium
739 3621 955 3675 repetere
971 3618 1113 3656 amet.
1143 3609 1246 3656 Fin.
1272 3610 1322 3670 Ι,
1355 3623 1447 3665 ao,

434 3687 502 3750 69
522 3706 537 3746 3
561 3690 685 3739 ibid·
708 3693 783 3749 11,
820 3695 911 3746 ¹4,
934 3696 1026 3745 ⁴43
1057 3703 1118 3735 2²
1137 3723 1152 3749 ,
1183 3703 1269 3748 7⁰·
1292 3689 1447 3735 Roem.

433 3783 495 3812 ex
551 3770 725 3817 Eliensi
740 3785 786 3819 ,α
805 3804 820 3828 ,
856 3778 905 3815 et
945 3765 1102 3815 Mead.
1147 3766 1447 3830 appellamus

436 3844 602 3896 dedit:
628 3848 712 3897 sed
743 3844 840 3896 h'oc
878 3858 951 3895 est
996 3845 1256 3895 scribarum
1277 3883 1294 3905 ,
1329 3847 1447 3894 sub-

431 3926 637 3982 iunctivi
660 3928 893 3976 rationem
927 3944 1030 3975 non
1056 3928 1446 3992 assequentium3

432 4020 590 4068 neque
645 4007 713 4053 sic
762 4007 886 4057 ullus
936 4018 1226 4057 nostrorum.
1280 4007 1447 4071 Adde,

1555 1334 1656 1365 non
1692 1319 1882 1369 Stoicos
1909 1319 2101 1379 solum,
2137 1320 2220 1369 sed
2255 1324 2570 1377 Academicos

1553 1412 1751 1461 quoque
1814 1410 1863 1446 et
1893 1400 2251 1465 ‚Peripateticos
2308 1404 2568 1457 dictionem

1551 1479 1724 1541 πρῶτα
1764 1475 1946 1542 φύσεως
1979 1494 2255 1555 risui-passu
2281 1483 2345 1532 cf.
2371 1487 2559 1535 Acadd.

1553 1555 1574 1599 1
1595 1589 1609 1612 ,
1629 1554 1661 1600 6
1680 1588 1695 1613 ‚
1735 1570 1821 1604 Μ.
1848 1557 2160 1621 Appellemus
2180 1572 2340 1609 autem
2356 1566 2407 1611 vi
2430 1578 2566 1630 opta-

1552 1634 1649 1681 tiva
1677 1642 1751 1680 est
1765 1668 1781 1693 ‚
1818 1636 2068 1699 appellare
2080 1639 2250 1702 placet
2265 1674 2280 1699 ‚
2314 1653 2368 1690 ut
2401 1642 2432 1708 S
2463 1655 2522 1703 μ
2550 1681 2565 1704 ,

1550 1711 1812 1776 appellem.
1839 1715 1901 1762 G.

1629 1807 1644 1837 ι
1663 1809 1682 1840 ι
1694 1828 1707 1840 .
1726 1793 1793 1839 Ee
1812 1808 1987 1857 supere
2003 1828 2018 1853 ,
2053 1799 2374 1860 expetendum
2395 1801 2460 1849 sie
2472 1837 2488 1861 ‚
2519 1816 2569 1852 et

1548 1870 1721 1918 valete
1751 1904 1766 1920 .
1779 1905 1792 1919 .
1806 1905 1819 1919 .
1854 1874 2176 1937 expetendum
2189 1875 2267 1927 sie.
2286 1881 2421 1929 Goer.
2439 1881 2568 1930 delet

1547 1950 1613 1997 si!
1633 1960 1748 2015 post
1772 1952 1981 2015 primum
2008 1956 2348 2017 expetendum.
2386 1960 2525 2008 Hanc
2549 1997 2566 2022 ‚

1546 2029 1735 2093 inquit,
1754 2031 1993 2095 vulgatam
2007 2066 2021 2089 ,
2039 2049 2150 2096 que
2169 2051 2280 2084 vera
2292 2039 2446 2091 ‚lectio
2464 2051 2563 2101 est,

1543 2107 1832 2171 negligentia
1857 2108 2120 2158 scribarum
2148 2113 2200 2160 in
2226 2115 2371 2163 codd.
2390 2116 2566 2181 pleris-

1544 2202 1640 2250 que
1683 2188 1908 2236 omnibus
1942 2192 2176 2255 corrupit.
2215 2190 2395 2260 Magna
2436 2196 2564 2245 enim

1543 2264 1718 2313 horum
1759 2282 1869 2330 pars
1907 2267 2103 2315 exhibet
2121 2303 2135 2328 ,
2178 2293 2203 2312 σι
2221 2283 2269 2319 et
2310 2274 2468 2323 valere
2513 2288 2564 2325 et

1543 2361 1709 2408 sapere
1762 2346 2089 2409 expetendum
2139 2348 2204 2397 sit
2238 2371 2262 2391 ο
2294 2384 2309 2409 ,
2366 2354 2564 2419 reliquis

1543 2423 1766 2485 omissia;
1809 2434 1870 2472 ut
1899 2440 1926 2470 e
1961 2426 2140 2473 nostris
2168 2427 2300 2479 Gud.
2337 2447 2358 2477 1
2387 2443 2434 2480 et
2453 2435 2559 2482 Bas.

1541 2518 1634 2551 uec
1650 2502 1789 2551 aliter
1806 2502 1920 2551 edd.
1933 2515 2057 2553 vett.
2079 2521 2265 2556 omncs.
2298 2509 2399 2558 Alii
2415 2512 2561 2560 codd.

1539 2581 1620 2629 vel
1640 2581 1743 2630 boec
1761 2583 1864 2631 duo
1882 2585 2141 2645 omittunt,
2165 2587 2218 2634 in
2246 2589 2425 2652 quibus
2447 2606 2561 2641 sunt

1537 2662 1739 2711 Oxoun.
1768 2679 1951 2711 omnes.
1978 2664 2112 2715 Gud.
2142 2682 2170 2713 a
2187 2701 2203 2727 ,
2243 2681 2359 2732 post
2383 2681 2433 2717 ee
2453 2687 2559 2737 sap.

1539 2756 1653 2804 exp.
1671 2741 1737 2790 st‘t
1751 2777 1767 2801 ,
1795 2742 1978 2792 hiatum
1996 2743 2141 2809 habet
2159 2745 2290 2793 binis
2311 2749 2473 2797 verbis
2491 2751 2560 2797 sa-

1538 2820 1633 2868 cile
1649 2822 1940 2886 explendum
1959 2837 1975 2871 :
2002 2823 2182 2887 reliqua
2202 2826 2408 2888 ignorat.
2428 2829 2556 2891 Spir.

1538 2897 1749 2964 denique
1776 2912 1826 2949 et
1852 2900 1951 2951 Erl.
1981 2900 2143 2949 locum
2160 2901 2305 2966 plene
2324 2919 2435 2950 cum
2452 2905 2556 2951 vul·

1539 2989 1645 3042 gata
1662 2980 1885 3043 praebent
1898 3016 1913 3040 ‚
1929 2982 2090 3044 priore
2114 2991 2301 3028 tantum
2316 2982 2406 3041 sie,
2419 2983 2555 3047 quod

1538 3058 1686 3121 vulgo
1712 3058 1936 3117 additur,
1959 3059 2140 3106 omisso
2161 3075 2177 3117 ς
2215 3059 2353 3122 quod
2372 3078 2432 3110 eo
2458 3078 2554 3110 ma-

1537 3136 1612 3199 gis
1639 3135 1926 3198 delevimus,
1950 3152 2103 3200 quum
2122 3136 2261 3199 origo
2286 3140 2392 3200 eius
2415 3142 2556 3190 stucile

1536 3223 1713 3277 pateat.
1742 3215 1803 3261 G.
1828 3241 1896 3252 -
1924 3215 2017 3262 Hic
2036 3213 2179 3264 locus
2203 3217 2334 3266 varie
2360 3218 2552 3283 legitur.

1537 3292 1679 3339 Grut.
1701 3304 1751 3340 et
1776 3294 2066 3341 recentiores
2086 3310 2337 3358 perverse:
2356 3313 2554 3365 «expet.

1535 3372 1597 3418 sit
1616 3371 1790 3432 valere,
1808 3384 1858 3420 et
1883 3370 2199 3435 coniunctum
2226 3387 2487 3443 utrumque
2505 3402 2551 3431 ι.

1535 3476 1603 3486 --
1648 3452 1707 3498 In
1746 3451 1995 3499 nonnullis
2037 3452 2290 3502 codicibus
2327 3455 2381 3502 in
2419 3457 2552 3508 bunc

1535 3528 1764 3589 modum,
1801 3552 1824 3573 α
1848 3531 2037 3579 Etenim
2062 3533 2106 3579 si
2131 3532 2290 3583 velere
2311 3546 2361 3583 et
2386 3552 2553 3602 sapere

1535 3609 1686 3672 magis
1720 3611 2046 3676 expetendum
2081 3612 2176 3672 sit,
2212 3630 2357 3677 quam
2385 3632 2552 3682 sapere

1534 3688 1695 3736 solum
1716 3706 1731 3746 ;
1777 3707 1934 3755 neque
1956 3701 2111 3740 tamen
2139 3694 2180 3739 si
2204 3702 2466 3759 utrumque
2488 3697 2553 3745 sit

1535 3768 1853 3818 mtimtione
1894 3770 2130 3835 dignum,
2165 3772 2317 3835 pluris
2342 3774 2406 3822 sit
2428 3790 2550 3822 con-

1529 3848 1754 3909 junctum
1773 3881 1788 3906 ,
1815 3864 1958 3912 quem
1985 3865 2150 3914 sapere
2179 3851 2339 3914 ipsum
2361 3869 2553 3917 separa-

1539 3927 1643 3974 tim.
1671 3926 1821 3985 Nam,
1863 3940 1958 3978 etc.
1979 3950 2004 3971 ι»
2029 3930 2085 3977 In
2109 3930 2263 3977 veteri
2289 3931 2458 3978 codice
2480 3932 2552 3976 sic

1536 4006 1731 4071 legitur,
1750 4029 1771 4051 ι
1784 4009 1973 4056 Etenim
1985 4011 2025 4057 si
2048 4025 2211 4073 sapere
2225 4008 2549 4073 expetendum
