3217 4784
750 368 875 437 DE
926 366 1099 436 Fm.
1149 366 1354 435 BoN.
1407 366 1519 433 ET
1568 368 1786 435 MAI..
1839 368 1973 452 w,
2022 391 2129 435 22.

2368 365 2508 465 509

387 489 725 564 tei-esset?
764 492 889 561 Sin
929 502 1170 559 autem
1210 511 1338 559 eos
1373 512 1523 558 non
1558 485 1914 585 probabat
1937 543 1957 577 ‚
2000 487 2178 586 quid
2217 490 2508 561 attinuit

388 628 551 675 cum
574 604 681 687 iis,
698 598 1137 699 quibuscum
1168 622 1249 669 re
1275 598 1706 669 concinebat
1725 598 1782 681 4,
1811 599 2049 671 verbis
2073 600 2512 697 discrepare?

486 713 730 803 Quid?
759 712 817 782 si
849 711 1274 782 reviviscant
1317 707 1662 778 Platonici
1697 709 1799 778 illi
1820 703 1876 797 ⁵,
1911 725 1983 781 et
2009 709 2351 809 deinceps
2383 711 2512 808 qui
2547 740 2611 791 61

391 849 645 896 eorum
697 821 1063 891 auditores
1119 817 1417 888 fuerunt
1437 870 1457 905 ,

1510 832 1584 888 et
1636 832 1876 889 tecum
1928 821 2028 891 ita
2078 821 2510 917 loquantur:

390 964 422 998 α
449 938 598 1006 Nos
631 954 859 1028 quum
882 944 979 1012 te,
1011 932 1108 997 M.
1128 930 1343 1012 Cato,
1384 924 1980 998 studiosissimum
2018 928 2518 1027 philosophiae,

387 1042 860 1137 justissimum
920 1037 1148 1107 virum
1174 1090 1194 1125 ,
1250 1040 1607 1135 optimum
1657 1035 1973 1131 judicem
2000 1092 2019 1126 ‚
2073 1039 2517 1137 religiosissi-

394 1182 597 1228 mum
630 1167 884 1225 testem
923 1152 1369 1238 audiremus,
1407 1151 1735 1222 admirati
1773 1176 2023 1224 sumus
2046 1208 2064 1240 ‚
2098 1156 2272 1252 quid
2308 1171 2523 1241 esset,

396 1292 525 1338 cur
562 1264 776 1337 nobis
820 1266 1085 1337 stoicos
1120 1262 1560 1346 anteferreS,
1589 1265 1720 1360 qui
1771 1262 1862 1334 de
1912 1263 2134 1336 rebus
2182 1265 2397 1338 bonis
2452 1281 2525 1337 et

398 1376 600 1447 malis
636 1376 983 1447 sentirent
1032 1399 1153 1462 ea,
1189 1399 1350 1471 quae
1391 1373 1484 1444 ab
1526 1373 1665 1444 hoc
1701 1371 2135 1447 Polemone6
2166 1381 2360 1448 Zeno
2401 1402 2527 1449 co-

398 1500 778 1585 gnoverat3
811 1484 1226 1557 nominibus
1256 1499 1637 1555 uterentur
1664 1487 1782 1574 iis,
1809 1511 1969 1582 quae
2000 1488 2229 1584 prima
2264 1489 2525 1584 specie,

399 1598 943 1679 admirationem
962 1607 1021 1684 7,
1056 1620 1136 1687 re
1161 1594 1545 1692 explicata,
1580 1598 1806 1667 risum
1833 1611 2229 1668 moverent.
2265 1602 2370 1667 Tu
2406 1622 2526 1668 au-

473 1814 524 1861 4.
542 1806 611 1853 Re
630 1800 935 1851 concinebat.
963 1802 1036 1848 Ita
1061 1798 1224 1847 [amb.
1246 1815 1308 1847 ex
1322 1799 1423 1848 No-

404 1886 488 1933 nio
514 1918 530 1942 ,
564 1894 619 1931 ut
637 1882 724 1930 ait.
746 1882 813 1929 At
839 1881 890 1927 in
915 1879 1013 1926 hoc
1038 1878 1429 1927 concinnabant»-

404 1962 772 2031 (concinebatur
786 1962 836 2008 iu
850 1962 884 2008 J
886 1976 957 2009 os.
968 1960 1214 2024 Mereero)
1231 1959 1425 2023 legitur.

405 2042 502 2090 Sed
528 2058 697 2089 verum
716 2040 914 2088 verbum
934 2040 1125 2087 auctori
1150 2040 1427 2087 restitutum

406 2134 525 2187 puta
553 2136 566 2170 τ
599 2137 709 2169 nam
731 2131 1082 2185 preterquam,
1106 2118 1240 2182 quod
1261 2120 1312 2166 in
1330 2118 1428 2167 Pal.

408 2213 437 2259 Ι.
475 2203 545 2250 sic
572 2201 720 2250 scribi
735 2201 942 2257 dicitur,
967 2198 1096 2265 Spir.
1115 2198 1214 2248 Erl.
1228 2210 1277 2247 et
1294 2198 1426 2246 Gud.

406 2282 692 2331 continebat.
723 2281 799 2331 cf.
827 2282 941 2329 Nat.
972 2282 1121 2327 Deor.
1146 2281 1196 2336 1,
1218 2280 1275 2337 6,
1325 2278 1386 2324 16
1410 2291 1424 2326 :

408 2385 431 2403 «κ
458 2360 707 2411 Antiocho
736 2360 865 2408 enim
901 2358 1055 2405 Stoici
1090 2373 1201 2404 cum
1236 2355 1432 2420 Peripa-

409 2441 567 2489 teticis
593 2456 644 2487 re
675 2439 938 2487 concinere
973 2437 1230 2495 videntur,
1272 2433 1433 2500 verbis

411 2520 682 2584 discrepare
703 2541 724 2561 ·
741 2554 754 2568 .
795 2518 927 2567 Olim
955 2515 1245 2581 vulgabatur
1261 2531 1433 2562 coave-

411 2599 605 2657 m‘ebac,
634 2599 772 2663 quod
810 2598 982 2662 scripti
1020 2596 1194 2659 reliqui
1238 2604 1433 2654 tenent;

412 2680 498 2729 sed
520 2690 647 2727 recte
682 2679 848 2727 Davis.
883 2677 984 2725 hoc
1007 2692 1108 2723 esse
1129 2674 1334 2738 glossam
1352 2675 1435 2734 ju-

413 2760 559 2807 dicat.
588 2760 648 2807 G.
694 2785 764 2794 —
808 2761 903 2805 Int.
932 2757 974 2803 si
1007 2770 1093 2803 eos
1129 2770 1231 2801 non
1257 2753 1435 2817 proba-

413 2838 513 2898 bat,
527 2854 617 2886 cur
639 2836 907 2885 doctrinam
931 2832 1254 2899 profitebatur
1268 2847 1435 2880 eorum

416 2918 650 2965 doctrinm
700 2931 752 2961 re
807 2912 1191 2961 consentientem
1212 2945 1228 2971 ,
1276 2910 1437 2959 verbis

416 3007 603 3043 tantum
648 2991 1011 3038 dissentientem
1035 2990 1058 3035 Ρ
1112 2986 1291 3034 Eadem
1338 2990 1436 3036 sere

418 3073 547 3121 dicta
570 3080 706 3127 sunt,
733 3083 842 3131 cap.
871 3068 961 3125 16,
989 3064 1079 3114 fin.

489 3152 537 3200 5.
563 3146 807 3198 Platonici
829 3145 918 3195 illi.
947 3146 1082 3192 Goer.
1106 3144 1318 3192 Platonis
1335 3144 1438 3207 illi,

418 3232 503 3294 qui
530 3240 671 3289 notat
707 3243 722 3277 :
760 3228 924 3276 Davis.
953 3227 1127 3274 statuit
1156 3224 1438 3272 Platonicos

419 3310 621 3358 omnino
649 3323 816 3355 omnes
833 3304 933 3353 dici
947 3339 964 3365 ,
986 3305 1072 3368 qui
1091 3304 1196 3352 ullo
1223 3313 1438 3367 tempore

419 3386 637 3439 Platonis
673 3383 1035 3451 philosophiam
1077 3383 1246 3432 sectati
1290 3384 1433 3432 siut:

421 3467 604 3516 mavult
628 3466 777 3530 igitur
802 3480 914 3511 cum
943 3463 1189 3511 Gronovii
1213 3462 1326 3510 cod.
1353 3462 1441 3526 qui

421 3546 635 3596 Platonis
658 3545 732 3592 illi
746 3542 966 3601 exhibet,
999 3542 1220 3591 Platonis
1254 3539 1445 3591 almani

418 3628 532 3692 legi.
567 3630 726 3675 Acuta
760 3640 875 3671 sane
911 3623 1222 3684 conjectura!
1249 3622 1373 3670 Nam
1400 3625 1442 3670 si

420 3706 502 3754 vel
521 3703 646 3753 illud
668 3703 924 3752 discrimen
950 3701 1074 3749 iuter
1092 3700 1442 3766 Prckagoraeos

422 3797 471 3832 et
521 3781 871 3848 Pythagoricos
911 3781 1010 3828 huc
1061 3796 1162 3826 non
1204 3781 1406 3828 traxeris
1425 3815 1441 3841 ,

423 3864 554 3911 unde
582 3864 788 3910 maxime
811 3861 1036 3907 Davisius
1053 3859 1288 3906 rationem
1310 3859 1439 3907 illam

425 3944 618 4005 petiisse
661 3940 855 3988 videtur
886 3953 899 3986 :
948 3950 1105 3987 tamen
1131 3937 1228 3985 hoc
1257 3948 1443 3987 certum

426 4031 523 4077 est,
557 4036 792 4085 nusquam
824 4019 1026 4068 omnino
1064 4029 1312 4065 auctorem
1344 4019 1444 4081 Py·

427 4100 699 4162 thagoricos
718 4135 733 4158 ‚
773 4100 1112 4149 Aristotelicos
1136 4133 1151 4157 ,
1188 4110 1282 4146 etc.
1325 4097 1445 4144 scri-

1510 1800 1656 1864 bere,
1695 1812 1744 1849 et
1794 1801 1927 1850 hunc
1966 1802 2125 1867 ipsum
2161 1801 2320 1851 solum
2365 1802 2528 1851 locum

1511 1898 1638 1938 esse,
1662 1881 1748 1929 ubi
1772 1881 2014 1931 Platonici
2028 1882 2161 1946 apud
2182 1884 2343 1946 ipsum
2369 1882 2532 1946 legan-

1511 1972 1607 2010 tur.
1638 1960 1751 2009 Sola
1779 1962 2005 2026 exceptio
2036 1972 2111 2009 est
2152 1961 2204 2009 in
2238 1960 2497 2009 Socraticis
2514 1998 2531 2024 ,

1509 2040 1677 2105 quales
1703 2057 1818 2089 vere
1859 2042 1965 2090 Cic.
2014 2039 2227 2089 Socratis
2263 2039 2535 2105 discipulos

1512 2119 1728 2185 appellat
1752 2124 1887 2170 Orat.
1915 2122 2015 2179 111,
2047 2122 2110 2169 16
2128 2156 2142 2178 ,
2171 2122 2233 2168 61
2251 2154 2266 2179 ,
2290 2132 2386 2170 ete.
2422 2122 2535 2171 Pla·

1513 2201 1642 2247 tonis
1683 2200 1875 2248 alumni
1916 2213 2078 2250 antem
2123 2211 2377 2249 recurrunt
2408 2201 2534 2249 inse·

1515 2279 1618 2326 rius
1637 2315 1653 2340 ,
1680 2281 1748 2328 26
1769 2314 1783 2339 ,
1808 2296 1899 2339 72,
1928 2290 1976 2327 et
2010 2303 2036 2323 a
2058 2281 2239 2328 alumni
2268 2280 2538 2345 disciplinae

1515 2357 1754 2419 alicuius»
1780 2359 1958 2423 soepius
1986 2359 2231 2408 dicuntur.
2258 2363 2415 2409 Acute
2447 2361 2538 2425 igi-

1518 2447 1599 2485 tur
1624 2439 1695 2486 sic
1713 2438 1940 2485 Davisius
1965 2453 1978 2488 t
2007 2439 2094 2486 sed
2118 2441 2223 2485 sine
2235 2442 2536 2490 necessitate.

1518 2519 1676 2565 Immo
1705 2517 1946 2564 Gronovii
1979 2517 2138 2565 codex
2159 2516 2302 2582 plene
2335 2534 2540 2583 sequen·

1520 2596 1613 2646 dus
1647 2607 1747 2645 erat
1763 2632 1778 2657 ‚
1836 2612 1950 2645 cum
1991 2613 2093 2661 quo
2129 2599 2270 2646 etiam
2309 2600 2437 2663 Spir.
2489 2609 2546 2647 et·

1519 2676 1620 2724 Erl.
1643 2677 1938 2742 conspirant.
1968 2678 2092 2725 Nam
2115 2692 2244 2742 sepe
2276 2692 2448 2726 auctor
2472 2678 2544 2726 ita

1519 2754 1787 2817 scribit,ut
1813 2773 1914 2805 vox
1940 2755 2165 2821 discipuli
2189 2757 2304 2819 (vel
2326 2755 2542 2805 imitato·

1520 2833 1622 2899 ris)
1647 2834 1986 2884 subaudiatur.
2007 2837 2087 2886 Cf.
2113 2852 2223 2900 quie
2241 2851 2386 2900 supra
2400 2836 2462 2883 ad
2482 2851 2537 2891 a,

1522 2914 1552 2961 3
1596 2915 1888 2964 notavimus.
1910 2914 2116 2963 Accedit
2133 2913 2269 2977 quod
2305 2917 2548 2962 continuo·

1521 3003 1636 3057 post
1677 2993 1929 3041 auditores
1966 3003 2249 3055 ponuntur,
2287 3006 2398 3054 quae
2437 2991 2548 3053 ipsa·

1520 3086 1620 3118 vox
1647 3071 1876 3119 facillime
1911 3070 2010 3117 buc
2037 3069 2204 3116 referri
2242 3078 2418 3133 potest.
2448 3069 2546 3116 Edi

1520 3148 1671 3211 igitur
1693 3150 1837 3196 trium
1865 3147 2162 3212 optimorum
2194 3147 2344 3195 codd.
2371 3147 2544 3195 lectio·

1523 3243 1634 3274 nem
1656 3227 1948 3276 cur-vimus.

1595 3305 1647 3353 6.
1669 3305 1748 3352 Ab
1759 3303 1855 3352 lnoc
1871 3304 2135 3353 Polemone
2147 3338 2165 3366 ‚
2182 3321 2253 3354 sc.
2271 3316 2509 3371 prasente
2529 3320 2554 3354 r

1524 3383 1763 3431 Platonici
1797 3382 1927 3431 enim
1954 3384 2114 3431 omnis
2151 3387 2305 3433 aetatis
2330 3384 2544 3434 celeber-

1526 3462 1637 3511 rimi
1664 3471 1908 3527 tamquam
1951 3464 2005 3510 in
2041 3463 2191 3511 vitam
2224 3464 2450 3524 reduces,
2497 3475 2549 3514 et

1526 3558 1654 3591 cum·
1698 3542 1885 3591 Catone
1926 3542 2182 3606 loquentes
2226 3543 2544 3594 inducuntur.

1527 3621 1665 3671 Nihil
1685 3622 1834 3685 igitur
1849 3622 2100 3675 miraberis
2116 3656 2132 3680 ‚
2153 3624 2194 3670 si
2213 3624 2264 3672 id
2281 3638 2428 3689 pron.
2446 3618 2550 3673 διι-

1526 3704 1697 3757 κτικῶς
1724 3702 1939 3765 positam
1957 3703 2064 3750 Bas.
2096 3703 2307 3766 ignorat.
2336 3706 2404 3755 G.

1602 3797 1649 3841 7.
1700 3780 2110 3829 Admirationem.
2171 3782 2338 3830 Plures
2392 3783 2547 3831 nostri

1526 3858 1684 3908 animi
1709 3858 1938 3908 rationem
1965 3871 2200 3924 peccant3
2226 3861 2363 3926 quod
2388 3871 2550 3910 ortum

1532 3955 1595 3987 ex
1613 3937 2009 3987 ammirationem
2035 3951 2152 4004 puta
2169 3955 2184 3998 ς
2213 3943 2284 3989 aie
2302 3940 2432 3988 enim
2450 3940 2554 3987 ubi-

1532 4034 1628 4082 que
1654 4017 1781 4066 hauc
1823 4035 1994 4067 vocem
2031 4020 2151 4069 mira
2189 4019 2562 4084 conspiratione

1534 4097 1705 4162 scripti
1732 4097 1977 4147 exhibent.
2008 4099 2069 4146 c.
