3217 4784
784 408 906 476 DE
953 407 1121 475 FlN.
1176 407 1379 474 BoN.
1436 407 1546 473 ET
1598 406 1815 473 MAL.
1870 408 1953 489 ν,
1988 429 2055 499 9.

2341 402 2476 500 573

364 545 506 612 tur,
543 529 711 599 hinc
740 531 1102 625 capiamus
1139 525 1536 598 exordium.
1576 532 1808 596 Omne
1848 525 2105 596 animal
2139 529 2475 625 seipsum
2521 561 2586 616 24

364 638 624 734 diligit,
661 663 741 710 ac
774 636 984 709 simul
1023 653 1104 708 ut
1138 651 1378 709 ortum
1423 648 1593 722 est¹‚
1634 635 1705 706 id
1751 638 1935 733 agit,
1971 651 2052 706 ut
2085 660 2156 705 se
2191 660 2479 707 conser-

364 763 477 818 vet
497 760 549 835 ²,
595 750 793 846 quod
832 750 948 819 hic
992 750 1056 818 ei
1095 749 1368 844 primus
1409 745 1497 814 ad
1536 769 1833 816 omnem
1869 750 2087 815 vitam
2136 746 2476 817 tuendam

364 862 723 955 appetitus
765 883 805 927 a
855 872 1107 927 natura
1140 855 1376 941 datur,
1410 878 1486 925 se
1529 869 1609 924 ut
1648 849 2095 941 conservet3‚
2133 871 2351 953 atque
2385 860 2484 930 ita

364 968 454 1036 sit
491 965 856 1051 affectum,
899 980 980 1035 ut
1014 966 1287 1062 optime
1332 963 1729 1035 secundum
1771 977 2101 1034 naturam
2142 963 2482 1037 affectum

361 1099 511 1146 esse
558 1075 843 1172 possitti.
903 1080 1103 1145 Hanc
1152 1075 1356 1145 initio
1410 1076 1998 1145 constitutionem
2026 1071 2053 1117 ⁵
2118 1072 2486 1146 confusam

430 1230 520 1274 lx.
550 1244 569 1275 1
584 1263 596 1275 .
620 1230 695 1275 Ac
715 1226 858 1275 simul
875 1238 929 1274 ue
947 1239 1106 1274 orcum
1126 1239 1214 1276 est.
1235 1227 1372 1278 Goer.

361 1305 534 1354 scribit
558 1320 573 1355 ε
602 1306 811 1354 simulet
830 1318 926 1355 ort.
951 1309 1023 1354 Ita
1040 1341 1055 1365 ,
1072 1306 1232 1370 inquit
1252 1340 1267 1362 ,
1292 1308 1377 1353 Pa·

361 1385 465 1431 latt.
493 1400 687 1444 omues,
729 1385 975 1432 Davisiaui
1011 1386 1043 1432 6
1062 1419 1077 1442 ,
1119 1385 1272 1431 nostri
1310 1384 1339 1429 5
1362 1419 1376 1439 ‚

360 1479 469 1509 cnm
497 1464 687 1519 Marso,
706 1462 837 1512 Crat.
858 1462 1109 1527 ediditque
1129 1463 1197 1509 sic
1210 1463 1378 1508 Victo·

359 1542 474 1590 rius.
495 1540 663 1590 Lamb.
684 1558 747 1589 ac
762 1541 904 1588 simul
917 1551 974 1588 ue
986 1541 1185 1603 corrigit
1198 1575 1212 1598 ,
1232 1556 1375 1602 quem

361 1622 504 1670 tacite
524 1623 713 1683 sequuti
743 1632 857 1668 sunt
883 1619 1160 1668 Gronovius
1185 1628 1233 1665 et
1260 1620 1373 1666 Em.

358 1709 622 1762 reponente
645 1696 853 1745 Victorii
876 1699 949 1744 sui
969 1696 1192 1759 exemplo
1213 1712 1376 1743 veram

360 1777 620 1823 lectionem
681 1777 910 1823 Grutero.
974 1775 1136 1823 Davis.
1200 1776 1376 1821 rectius

356 1870 624 1917 agnoscens
642 1890 657 1914 ‚
699 1865 856 1903 tamen
880 1853 997 1901 olim
1026 1853 1271 1916 vulgatum
1287 1888 1302 1913 ,
1328 1864 1378 1901 ec

358 1932 603 1991 simulac,
628 1934 819 1982 retinet.

435 2029 482 2059 α.
504 2011 569 2059 Id
586 2012 694 2076 agit
708 2048 724 2069 ,
744 2024 797 2059 ut
815 2028 869 2060 se
886 2023 1148 2060 conservet.
1185 2011 1319 2060 Gnd.
1350 2029 1367 2058 1

358 2107 408 2139 se
424 2102 478 2137 m
503 2091 645 2137 refert
666 2107 682 2151 ;
721 2107 865 2154 quam
884 2091 1052 2138 seriem
1077 2091 1255 2153 recepit
1277 2091 1372 2137 Dn-

361 2170 446 2217 vis.
479 2170 740 2225 incertum,
771 2180 935 2216 utrum
962 2171 1062 2216 suis
1082 2169 1372 2232 quibusdam

359 2258 629 2295 commotus
643 2282 658 2306 ‚
697 2264 757 2295 an
792 2248 926 2310 quod
967 2248 1131 2295 eadem
1172 2248 1276 2312 ipsa
1322 2249 1374 2295 in

357 2328 596 2389 proximis
610 2362 625 2385 ‚
645 2343 755 2390 quae
774 2326 927 2375 deleta
946 2327 1051 2374 vult
1067 2361 1082 2383 ‚
1104 2326 1373 2389 deprehen·

360 2404 518 2454 datur.
536 2407 640 2453 Nos
667 2406 859 2469 quidem
878 2407 948 2452 sic
970 2406 1257 2468 transposita
1270 2405 1320 2453 h.
1340 2406 1372 2452 l.

357 2500 455 2532 non
486 2484 787 2547 probamus:
819 2501 929 2531 uam
960 2484 1034 2530 vis
1062 2484 1181 2542 ista,
1227 2500 1373 2547 quam

360 2573 461 2611 tum
483 2579 533 2609 se
557 2563 762 2628 accipit,
798 2579 891 2627 pro
925 2572 1262 2610 contextorum
1289 2579 1372 2609 ua-

360 2652 464 2688 tura
479 2677 494 2697 ,
519 2642 664 2688 nimia
682 2652 773 2690 est.
793 2644 853 2689 In
875 2658 1012 2704 seqq.
1040 2658 1092 2688 se
1113 2642 1371 2689 rectissime

363 2721 686 2783 praemittitur.
712 2721 774 2768 G.

428 2799 476 2847 3.
518 2799 663 2862 Quod
700 2799 778 2846 hic
817 2799 864 2846 ei
889 2800 1072 2862 primm
1112 2833 1160 2847 ..
1184 2834 1196 2846 .
1231 2815 1282 2847 se
1320 2810 1373 2847 ue

354 2880 610 2916 conservet.
633 2872 750 2916 Haec
773 2871 905 2918 Goer.
928 2869 1203 2932 parenthesi
1222 2870 1371 2918 inclu-

355 2947 448 2995 dit.
474 2949 617 3005 Haec,
636 2947 794 3008 inquit
811 2981 825 3004 ,
845 2958 900 2994 ut
917 2946 1215 2995 extrinsecus
1229 2948 1370 2997 addi-

354 3035 426 3083 ta,
448 3024 612 3072 Davis.
632 3023 693 3070 ad
707 3038 862 3070 uncos
879 3023 1053 3083 abjecit
1066 3058 1080 3082 ,
1107 3025 1370 3089 eademque

353 3101 470 3149 Ern.
495 3118 557 3149 ex
582 3118 717 3165 seqq.
737 3101 836 3148 huc
857 3112 1006 3150 tracta
1027 3104 1283 3150 existimat.
1302 3106 1370 3151 At

352 3195 453 3227 non
481 3179 706 3227 viderunt
728 3179 779 3226 hi
804 3181 915 3229 VV.
957 3182 1067 3230 DD.
1096 3180 1201 3229 ϋηο
1235 3183 1277 3230 si
1309 3199 1369 3230 ex

353 3259 596 3306 contextis
642 3258 878 3307 tollantur
897 3293 912 3317 ‚
962 3259 1085 3306 nihil
1122 3260 1329 3325 relinqui
1353 3296 1368 3321 ,

351 3352 451 3400 quo
479 3337 743 3385 reserantur
762 3338 962 3386 iuferius
978 3339 1159 3402 posita,
1186 3360 1209 3379 κ
1225 3356 1368 3402 quum

352 3417 417 3465 ob
435 3433 624 3466 causam
644 3418 788 3465 babet
806 3432 914 3465 eum
938 3453 954 3474 ,
970 3434 1110 3482 quem
1128 3419 1340 3467 diximus
1352 3455 1366 3479 ‚

352 3497 496 3544 animi
519 3497 787 3560 appetitum
811 3509 825 3543 ε
847 3518 872 3537 ιι
895 3513 1004 3544 nam
1023 3512 1260 3560 nusquam
1276 3499 1368 3547 uisi

349 3576 443 3623 boe
464 3578 515 3622 in
545 3576 657 3623 loco
684 3575 923 3638 appetitus
951 3577 1134 3624 mentio
1162 3593 1368 3641 praeces·

348 3653 429 3701 sit.
444 3657 510 3701 At
526 3654 826 3718 parenthesis
849 3656 983 3718 signa
1003 3655 1080 3703 bis
1098 3657 1366 3705 necessario

1463 1236 1570 1273 ctor
1594 1225 1757 1272 abesse
1777 1225 2038 1283 voluisset,
2065 1224 2150 1288 qm‘
2186 1226 2236 1274 ei
2257 1228 2447 1292 primns
2471 1265 2486 1289 ,

1460 1315 1552 1352 etc.
1577 1302 1825 1351 scriberet.
1851 1303 1990 1351 Dixit
2012 1315 2172 1352 autem
2207 1308 2374 1369 equod
2400 1308 2481 1361 bic

1462 1383 1505 1430 ei
1527 1382 1783 1445 primus»,
1820 1392 1873 1429 ut
1924 1382 2081 1429 omnis
2119 1382 2192 1429 vis
2235 1385 2286 1431 in
2326 1402 2379 1432 se
2427 1400 2482 1433 ue

1463 1473 1712 1509 conservet
1727 1461 2049 1524 colligeretur.
2069 1463 2267 1509 Omnem
2286 1464 2447 1513 vitam
2469 1499 2484 1523 ,

1464 1542 1515 1587 iu
1541 1556 1642 1602 quo
1676 1539 1839 1587 Davis.
1863 1540 2040 1599 baeret,
2079 1550 2153 1587 est
2186 1561 2212 1581 ιι
2238 1542 2383 1589 vitam
2417 1544 2480 1590 ab

1463 1620 1599 1666 omni
1622 1630 1760 1683 parte
1782 1638 1805 1658 ι·
1821 1653 1835 1674 ,
1865 1629 1921 1665 ut
1940 1634 2082 1681 saepe.

1535 1708 1582 1754 4.
1606 1700 1762 1762 Aeque
1784 1697 1855 1743 ica
1871 1696 1930 1743 sic
1947 1694 2179 1761 affectum
2198 1731 2214 1756 ‚
2238 1710 2290 1746 ut
2308 1700 2495 1762 optime·

1462 1777 1724 1824 secundum
1797 1787 2024 1822 naturam
2081 1775 2321 1839 affectum
2384 1795 2486 1827 esse

1455 1854 1627 1917 possit.
1685 1855 1803 1902 Haec
1863 1853 2005 1901 verba
2061 1855 2282 1903 Bremius
2339 1854 2485 1906 obelo

1464 1931 1608 1995 digna
1632 1931 1837 1993 Judicst.
1877 1932 1991 1979 Non
2022 1933 2148 1978 enim
2187 1935 2397 1994 animal,
2421 1937 2487 1985 si-

1462 2009 1564 2057 mul
1590 2021 1647 2057 ut
1666 2020 1827 2057 ortum
1852 2011 1945 2067 sit,
1972 2009 2021 2057 id
2047 2026 2185 2073 agere
2203 2049 2217 2072 ‚
2247 2025 2301 2060 ut
2327 2014 2393 2061 ita
2422 2017 2484 2062 sit

1461 2089 1692 2136 affectum
1714 2122 1729 2149 ‚
1756 2087 2163 2152 quemadmodum
2195 2092 2380 2155 optime
2405 2110 2483 2140 se-

1462 2167 1676 2214 eundum
1697 2178 1915 2213 naturam
1943 2166 2167 2214 affectum
2192 2186 2292 2216 esse
2311 2173 2483 2234 possit.

1466 2246 1525 2293 ld
1546 2244 1655 2292 fieri
1682 2244 1874 2292 demum
1901 2246 2196 2308 procedente
2227 2259 2444 2315 tempore
2466 2285 2483 2310 ,

1463 2340 1613 2387 quum
1639 2323 1826 2370 viribus
1848 2324 1949 2370 sive
1972 2326 2119 2371 animi
2145 2328 2246 2373 sive
2266 2332 2485 2392 corporis

1465 2413 1644 2450 utatur.
1666 2401 1922 2464 Sequentia
1942 2405 2054 2449 satis
2073 2403 2122 2449 id
2143 2404 2484 2466 demonstrare,

1460 2490 1509 2527 et
1536 2481 1756 2544 inprimis
1771 2497 1824 2528 ea
1840 2515 1854 2537 ‚
1877 2496 1985 2542 quae
2022 2480 2242 2543 legantur
2277 2500 2381 2548 cap.
2402 2488 2479 2533 15.

1462 2586 1525 2595 —
1559 2562 1656 2618 At,
1695 2571 1929 2622 quantum
1966 2575 2061 2607 nos
2093 2561 2289 2624 quidem
2330 2567 2482 2615 senti-

1459 2653 1566 2686 mus
1580 2673 1595 2695 ‚
1620 2639 1723 2702 ipse
1742 2640 1822 2687 hic
1846 2637 2226 2695 locus‚auctoris
2243 2642 2333 2690 ista
2347 2680 2361 2703 ‚
2383 2659 2481 2692 non

1458 2716 1823 2781 interpolatoris
1851 2732 1984 2779 esse,
2028 2716 2314 2771 confirmare
2341 2722 2482 2771 vida·-

1458 2805 1554 2842 tur.
1583 2798 1706 2844 Nam
1728 2795 1759 2859 S
1782 2803 1846 2852 24
1876 2806 1925 2843 et
1950 2812 2083 2860 seqq.
2104 2797 2330 2859 docetur,
2356 2816 2480 2863 quo„

1458 2876 1608 2924 modo
1626 2876 1771 2938 parvi
1805 2875 1978 2923 sensim
2022 2875 2294 2939 sensimque
2333 2880 2484 2941 magis

1458 2953 1515 3001 id
1541 2965 1735 3019 agant,
1765 2966 1819 3002 uc
1857 2955 1922 3002 ita
1966 2954 2065 3001 sint
2100 2956 2290 3013 affecti,
2333 2969 2480 3018 prout

1458 3032 1644 3095 optime
1667 3033 1827 3080 affecti
1856 3048 1959 3078 esse
1970 3031 2175 3093 possint.
2210 3032 2359 3079 Verba
2388 3051 2475 3081 au·

1457 3120 1552 3157 tem
1564 3110 1621 3157 id
1630 3112 1755 3173 agit,
1774 3121 1825 3156 ut
1838 3110 1994 3157 nisum
2010 3109 2160 3157 modo
2174 3109 2236 3157 ad
2248 3127 2346 3158 rem
2359 3113 2482 3161 indi·

1457 3199 1567 3236 caut
1581 3222 1596 3246 ‚
1612 3190 1694 3251 qui
1709 3205 1798 3236 nec
1812 3189 1860 3235 in
1874 3187 2138 3236 infantibus
2146 3196 2315 3248 cessat,
2330 3192 2480 3239 inodo

1457 3266 1593 3329 quod
1619 3267 1763 3315 initio
1790 3266 2018 3332 confusus
2044 3279 2142 3325 est,
2163 3279 2214 3316 et
2241 3269 2479 3327 incertus,

1461 3353 1608 3407 atque
1650 3344 1713 3392 ad
1755 3346 1832 3393 sui
1873 3345 2022 3395 modo
2062 3349 2476 3397 conservationem

1464 3423 1637 3472 tendit.
1689 3424 1861 3488 Neque
1896 3423 2054 3489 possit
2089 3428 2480 3499 pratereundum

1459 3513 1557 3564 est,
1591 3503 1728 3566 quod
1759 3503 1821 3551 ad
1848 3505 2100 3552 sententiae
2136 3506 2233 3553 vim
2266 3510 2480 3571 cogitato

1463 3581 1683 3629 additum
1712 3593 1801 3630 est.
1827 3582 1919 3631 Sed
1947 3585 2028 3630 vix
2052 3584 2137 3631 Vir
2161 3585 2480 3636 Doctissimus

1464 3659 1525 3707 de
1551 3660 1648 3707 loci
1672 3662 1868 3709 veritate
1891 3660 2182 3721 dubitasset,
2200 3663 2292 3711 nisi
2309 3682 2480 3729 paren·

349 3731 567 3779 addenda
608 3742 746 3779 erant
779 3745 791 3777 ε
839 3733 999 3781 voluit
1034 3734 1164 3780 enim
1202 3746 1375 3784 auctor
1463 3738 1611 3786 thesis
1633 3741 1766 3803 signa
1793 3740 1844 3787 in
1862 3740 2053 3803 vulgata
2078 3741 2476 3792 desiderarentur.

348 3811 506 3859 statim
533 3809 596 3857 ab
622 3810 762 3857 initio
790 3809 852 3867 ὡς
894 3810 939 3861 ἐν
980 3806 1189 3878 παρόδῳ
1227 3823 1371 3861 nota·

349 3898 448 3935 tum
464 3924 479 3948 ‚
504 3889 639 3936 bunc
670 3891 745 3937 sui
785 3889 1101 3938 conservandi
1127 3891 1361 3956 impetum

349 3968 563 4015 omnium
588 3966 798 4030 primum
827 3970 1008 4030 (er-ster
1033 3969 1361 4035 Grundtte'eb)

350 4059 465 4089 esse.
494 4045 664 4108 Neque
682 4049 936 4110 separatim
964 4065 1043 4095 vv.
1071 4065 1123 4096 se
1152 4060 1205 4097 ue
1240 4066 1363 4097 con·

347 4133 495 4171 sen-ct
516 4125 684 4172 scribis
709 4126 890 4177 tribuas
910 4142 924 4176 z
945 4127 1049 4176 baee
1063 4129 1190 4176 euim
1213 4129 1254 4176 si
1277 4145 1360 4177 au-

1459 3818 1685 3866 Ceterum
1714 3818 1841 3867 idem
1869 3829 2026 3879 recte,
2064 3832 2120 3870 ut
2151 3822 2291 3885 plane
2315 3840 2376 3871 ex
2401 3826 2480 3873 Ci-

1457 3896 1652 3944 ceronis
1666 3913 1801 3946 more
1821 3896 1948 3945 dicta
1973 3908 2154 3961 tuetur,
2172 3917 2281 3963 quse
2305 3904 2471 3952 Davis.

1449 3973 1509 4021 ad
1538 3991 1696 4023 uncos
1718 3975 1983 4025 damnarat.
2003 3980 2064 4027 G.
2084 3979 2133 4025 in
2155 3979 2403 4028 Additum.

1523 4054 1572 4101 5.
1594 4055 1743 4103 Hanc
1763 4053 1902 4102 initio
1923 4055 2324 4105 constitutionem.
2346 4058 2474 4123 Spir.

1450 4130 1549 4182 Eri.
1573 4141 1620 4180 et
1659 4131 1909 4183 Cratandr.
1945 4134 1997 4183 iu
2033 4150 2184 4198 marg.
2206 4133 2474 4185 institucio-
