3217 4784
680 471 820 544 330
1349 475 1443 542 M.
1490 476 1568 542 Τ.
1636 473 2125 543 CICERONIS

678 600 823 668 rica
852 650 872 684 ,
935 593 1343 679 dialectica,
1404 597 1907 691 grammatica,
1947 593 2380 690 geometria,
2421 596 2690 665 musica
2716 595 2806 683 ¹⁶,

682 728 1123 804 quamquam
1165 703 1384 776 latine
1425 730 1509 776 ea
1551 704 1692 776 dici
1738 719 2110 803 poterant,
2146 717 2426 790 tamen,
2458 706 2802 801 quoniam

680 840 817 889 usu
854 824 1275 912 percepta¹7
1320 829 1531 903 sunt,
1567 829 1814 885 nostra
1855 813 2223 886 ducamus.

775 930 1015 1022 Atque
1053 923 1205 995 haec
1248 924 1545 1023 quidem
1589 924 1683 997 de
1725 949 1972 996 rerum
2015 919 2452 994 nominibus,
2485 926 2595 992 De
2632 922 2804 1018 ipsis

680 1035 899 1107 rebus
960 1048 1202 1107 autem
1255 1059 1783 1133 saepenumero,
1823 1036 2079 1123 Brute,
2115 1056 2395 1121 vereor,
2434 1056 2527 1103 ne
2564 1055 2804 1129 repre·

684 1143 982 1231 hendar‚
1006 1168 1233 1242 quum
1263 1143 1416 1216 haec
1441 1144 1534 1217 ad
1570 1159 1640 1216 te
1666 1143 1970 1218 scribam
1989 1197 2009 1232 ,
2045 1146 2170 1240 qui
2205 1166 2436 1239 quum
2454 1138 2514 1187 ¹⁸
2543 1145 2618 1211 in
2651 1140 2808 1240 phi-

687 1253 1046 1353 losophia,
1090 1269 1248 1325 tum
1286 1255 1360 1324 in
1398 1258 1679 1353 optimo
1714 1278 1980 1353 genere
2011 1251 2492 1351 philosophiae
2524 1265 2806 1323 tantum

681 1365 1134 1463 processeris.
1175 1362 1396 1454 Quod
1431 1366 1490 1437 si
1533 1363 1845 1438 facerem
1889 1366 2096 1461 quasi
2130 1379 2202 1436 te
2237 1363 2578 1435 erudiens
2599 1416 2619 1449 ‚
2647 1361 2812 1456 jure

680 1473 1272 1571 reprehenderer.
1313 1473 1453 1546 Sed
1490 1472 1583 1546 ab
1620 1500 1709 1547 eo
1746 1476 2139 1575 plurimum
2186 1472 2483 1545 absum:
2523 1494 2764 1568 neque
2787 1524 2806 1557 ‚

678 1599 762 1653 ut
789 1608 873 1656 ea
899 1607 1321 1681 cognoscas,
1366 1609 1527 1681 quae
1553 1584 1688 1656 tibi
1713 1586 2083 1657 notissima
2109 1598 2280 1655 sunt
2299 1635 2315 1667 ,
2350 1581 2443 1653 ad
2467 1596 2539 1652 te
2567 1582 2804 1663 mitto,

679 1693 806 1766 sed
845 1696 1021 1790 quia
1051 1692 1383 1766 facillime
1430 1698 1505 1765 in
1541 1696 1840 1769 nomine
1876 1710 2008 1767 tuo
2045 1695 2424 1792 acquiesco
2446 1745 2464 1780 ,
2529 1704 2602 1765 et
2631 1685 2804 1787 quia

677 1818 750 1874 te
783 1802 1020 1874 habeo
1061 1803 1551 1899 aequissimum
1577 1816 1640 1864 ¹9
1671 1830 1922 1876 eorum
1958 1804 2398 1889 studiorum,
2430 1826 2593 1899 quae
2624 1798 2808 1870 mihi

678 1916 1095 1987 communia
1131 1928 1371 1984 tecum
1420 1930 1626 2004 sunt,
1666 1917 2224 1989 existimatorem
2245 1925 2312 1959 ²⁰
2354 1929 2428 1987 et
2461 1910 2798 2010 judicem.

755 2076 835 2124 16.
863 2073 1071 2123 Musica.
1111 2075 1172 2121 In
1196 2076 1374 2124 Venet.
1397 2082 1527 2137 1471
1564 2086 1614 2124 et
1640 2079 1699 2128 C.
1788 2078 2016 2143 primaria
2032 2076 2096 2125 ad
2116 2076 2340 2140 quiutum
2359 2075 2526 2123 locum
2542 2090 2696 2137 nsque
2718 2074 2808 2119 La-

677 2157 733 2203 C·
754 2155 811 2204 C.
827 2151 1020 2217 (codice
1046 2151 1240 2215 collegii
1261 2154 1483 2218 corporis
1500 2154 1701 2218 Christi,
1791 2158 1906 2207 tinis
1933 2158 2069 2219 rejici
2095 2157 2281 2221 nequit.
2310 2155 2402 2204 Illa
2428 2165 2590 2203 autem
2616 2152 2705 2201 tria
2733 2149 2808 2198 vel

677 2230 1019 2294 Canubrigiae)
1045 2231 1222 2295 legitur
1246 2233 1433 2280 musica
1460 2244 1511 2281 et
1543 2245 1704 2282 asero-
1792 2247 2004 2301 quatuor
2014 2236 2147 2296 loca,
2169 2252 2281 2302 quae
2299 2237 2350 2282 in
2370 2233 2598 2282 omnibus
2615 2232 2816 2282 Cicero·

678 2311 839 2375 logia,
850 2325 958 2358 non
971 2310 1281 2360 incommode
1303 2312 1501 2377 quidem
1515 2327 1531 2374 ;
1550 2330 1703 2378 quum

678 2402 840 2438 tamen
857 2405 935 2437 eas
952 2405 1096 2439 voces
1112 2406 1215 2438 non
1233 2404 1504 2455 agnoscant
1524 2394 1703 2459 optimi

678 2469 829 2530 libri,
868 2469 1179 2518 vehementer
1212 2485 1275 2517 an
1302 2470 1458 2519 Tullii
1483 2473 1587 2521 sint
1608 2472 1702 2522 dn·

680 2548 805 2597 bito.
829 2551 1010 2597 Davrs.

757 2645 840 2691 17.
867 2631 963 2676 Usu
972 2639 1219 2695 percepta.
1247 2629 1389 2677 Grut.
1409 2646 1472 2678 ex
1490 2630 1591 2679 Pal.
1613 2641 1710 2678 ter-

682 2710 752 2756 tio
783 2721 1030 2772 praecepta
1055 2707 1219 2767 dedit,
1256 2720 1305 2757 et
1341 2709 1510 2759 Davis.
1553 2727 1703 2774 quum

680 2786 804 2834 alius
822 2801 938 2833 suus
961 2785 1090 2833 idem
1109 2786 1336 2850 referret,
1359 2800 1593 2851 sequutus
1616 2802 1705 2853 est,

681 2867 1004 2931 interpretans
1020 2877 1268 2931 pra-cepta
1285 2900 1301 2926 ‚
1338 2877 1450 2914 ante
1478 2869 1704 2931 cognita,

680 2958 1024 3012 praeoccupata
1038 2945 1175 3010 (vide
1195 2949 1418 2996 Servium
1444 2948 1509 2995 ad
1525 2948 1703 3012 Vin-gil.

681 3027 851 3092 Eclog.
873 3027 973 3086 111,
994 3027 1058 3091 98
1077 3042 1092 3085 ;
1123 3028 1231 3074 AEn.
1245 3029 1343 3085 vl,
1384 3027 1497 3084 105,
1517 3036 1569 3073 et
1590 3027 1706 3077 Nic.

682 3108 852 3157 Heius.
874 3105 937 3155 ad
956 3105 1065 3153 Val.
1084 3105 1241 3154 Flacci
1261 3108 1351 3166 W,
1372 3105 1516 3172 751).
1538 3105 1710 3157 Lamb.

682 3197 821 3235 antea
871 3194 1079 3252 κοσμία·
1110 3187 1382 3251 scripserat.
1417 3211 1491 3222 —-·
1524 3188 1592 3233 At
1630 3185 1709 3233 his

684 3268 927 3315 contextis
945 3267 1137 3330 vulgata
1158 3281 1259 3313 non
1274 3258 1448 3324 mo'do,
1474 3277 1528 3313 ut
1547 3265 1711 3313 Bremi

685 3346 791 3393 vult
807 3382 823 3408 ,
867 3345 1062 3394 ferenda
1083 3379 1098 3403 ,
1141 3344 1228 3393 sed
1269 3344 1567 3407 praeferenda
1618 3355 1708 3394 est.

686 3426 920 3488 Pet-cepta
935 3425 1065 3472 enim
1079 3422 1229 3483 valet,
1247 3445 1272 3465 ι·
1287 3422 1481 3487 penitus
1494 3434 1710 3488 accepta,

688 3502 829 3566 plane
847 3502 898 3549 in
924 3501 1137 3566 linguam
1155 3502 1352 3550 latinam
1372 3514 1565 3567 recepta
1583 3520 1640 3561 »3
1661 3513 1712 3551 et

688 3596 854 3628 sensns
883 3592 981 3642 est,
1018 3582 1295 3646 «qnoniam
1332 3597 1447 3629 usus
1479 3597 1533 3630 ea
1565 3582 1711 3647 plene

689 3669 854 3707 nostra
882 3658 1024 3719 fecit,
1059 3678 1151 3725 pro
1181 3679 1291 3710 vere
1320 3662 1502 3710 nostris
1529 3659 1709 3709 habea-

690 3754 798 3785 mus
819 3760 862 3785 »-
892 3742 956 3788 G.

767 3817 847 3866 18.
893 3819 1079 3879 Quum.
1100 3854 1114 3867 .
1136 3854 1150 3866 .
1189 3832 1306 3867 tum.
1334 3823 1519 3878 Pravc,
1548 3819 1710 3885 inquit

689 3898 823 3943 Goer.
852 3895 1046 3960 scripti,
1073 3907 1121 3944 et
1145 3897 1262 3947 edd.
1294 3910 1410 3947 vett.
1440 3899 1582 3947 multi
1606 3911 1708 3945 mm

688 3976 739 4023 in
758 3974 933 4040 philos.
958 3985 1059 4022 eum
1074 3993 1094 4032 ,·
1121 3977 1183 4025 cs.
1207 3980 1349 4042 Legg.
1374 3980 1420 4037 1,
1451 3995 1471 4024 1
1488 3994 1531 4035 1,
1554 3980 1636 4025 32.

767 4071 844 4118 ¹9·
876 4056 943 4102 Ee
966 4054 1085 4119 quia
1111 4066 1158 4103 ee
1186 4055 1339 4103 habeo
1361 4056 1706 4120 aeque'ssimum.

688 4138 841 4184 Mars.
862 4133 1186 4199 oeqm'ssimum
1209 4133 1366 4184 habeo
1387 4154 1404 4183 .·
1425 4135 1561 4199 quod
1582 4135 1708 4183 vide-

690 4228 770 4265 tur
805 4231 906 4264 esse
943 4213 1162 4281 aliquid3
1194 4230 1304 4263 nam
1332 4230 1431 4264 vox
1470 4215 1708 4267 enuntiati

1792 2318 1869 2365 nis
1895 2319 2087 2384 scriptis
2111 2333 2250 2365 secus
2275 2315 2526 2365 suadentia
2548 2312 2811 2378 deprehen·

1790 2395 1950 2446 dimus
1968 2397 1987 2461 (
2006 2398 2067 2446 de
2083 2397 2161 2444 his
2178 2395 2306 2443 enim
2320 2395 2420 2456 jam
2438 2393 2554 2441 solis
2572 2391 2783 2456 agimus)
2797 2423 2812 2448 ,

1792 2486 1957 2541 aperte
1993 2484 2222 2539 corrupta
2249 2468 2407 2520 'suntz
2446 2471 2538 2518 alia
2571 2485 2812 2535 perpauca

1794 2571 1857 2602 ex
1874 2570 2019 2618 prava
2037 2550 2431 2615 interpunctione
2451 2547 2689 2595 laborant.
2716 2544 2812 2592 Sed

1795 2631 2016 2696 vulgatus
2041 2630 2302 2678 verborum
2334 2625 2458 2674 ordo
2493 2623 2677 2690 probus
2716 2633 2806 2670 est.

1791 2710 1955 2759 Verba
1972 2709 2125 2767 enim,
2147 2729 2170 2751 c
2189 2719 2235 2756 te
2252 2705 2411 2754 habeo
2429 2703 2758 2770 aequIssimnm
2770 2724 2815 2760 n,

1790 2790 1936 2855 plane
1962 2799 2076 2836 sunt
2101 2804 2165 2837 ex
2189 2785 2429 2837 enuntiati
2454 2782 2690 2832 ordinarii
2718 2797 2815 2845 po-

1789 2869 1886 2917 situ
1902 2905 1917 2929 ,
1940 2867 2225 2932 nullumque
2245 2865 2386 2928 inde,
2407 2880 2553 2931 quem
2582 2862 2818 2919 dicimus,

1790 2934 1968 2997 sonum
1991 2947 2189 2996 habent.
2225 2946 2389 3009 (Nam
2416 2943 2551 3009 quod
2576 2942 2694 2989 olim
2721 2939 2814 2988 ob-

1793 3029 1980 3076 scurius
2001 3027 2282 3094 posuImus‚
2307 3035 2533 3074 accurate
2550 3020 2816 3070 tenendum
2853 3074 2862 3083 ³

1795 3117 1897 3157 est:
1922 3107 2225 3156 ordinarium
2253 3107 2498 3173 positum,
2527 3120 2574 3152 v.
2606 3118 2651 3150 c.
2681 3123 2706 3143 ιι
2727 3100 2818 3147 ho-

1794 3185 1949 3233 mines
1982 3196 2097 3234 sunt
2122 3186 2349 3234 mortales
2367 3207 2420 3244 ιι,
2452 3197 2608 3247 neque
2640 3178 2817 3227 habere

1795 3280 1999 3322 sonum,
2022 3281 2113 3312 nec
2139 3264 2319 3312 habere
2342 3278 2486 3328 posse
2506 3262 2526 3324 )
2548 3274 2562 3310 ε
2592 3258 2817 3325 aeqm'ssi-

1796 3360 1926 3391 mum
1950 3359 2067 3392 vero
2094 3343 2211 3390 inde
2237 3341 2386 3390 modo
2412 3357 2588 3389 sonum
2611 3337 2787 3402 accipit
2802 3371 2818 3397 ,

1797 3421 1933 3485 quod
1970 3422 2067 3469 hoc
2110 3422 2404 3482 adjectivum
2444 3435 2472 3467 a
2512 3416 2817 3466 substantivo

1797 3515 1889 3548 suo
1937 3509 2014 3548 tot
2057 3499 2219 3547 verbis
2263 3497 2528 3558 interjectis
2578 3493 2777 3559 ponitur
2803 3506 2816 3540 ε

1798 3577 2092 3641 haberetque
2120 3577 2342 3625 eumdem
2368 3575 2447 3623 vel
2475 3586 2578 3622 tum
2595 3609 2610 3633 ,
2635 3571 2677 3617 si
2701 3570 2817 3617 hnic

1799 3657 1950 3705 modo
1972 3658 2290 3721 praepositum
2311 3665 2459 3709 essen
2480 3650 2667 3698 nullum
2687 3648 2815 3695 enim

1797 3735 1973 3797 adject.
2000 3735 2305 3783 substantivo
2329 3748 2419 3780 sno
2447 3728 2672 3795 proemitti
2710 3743 2817 3774 um-

1797 3831 1943 3880 quam
1962 3815 2077 3864 licet
2090 3849 2105 3873 ,
2121 3813 2217 3861 nisi
2233 3813 2285 3859 in
2302 3812 2388 3859 illo
2402 3811 2476 3856 vis
2493 3817 2732 3856 cernatur.
2753 3806 2820 3853 G.

1895 3911 1981 3944 20.
2039 3891 2435 3939 Existimaeorem
2490 3898 2543 3935 et
2582 3884 2819 3950 judicem.

1797 3977 1977 4023 Omnes
2010 3972 2169 4021 nostri
2202 3985 2312 4017 cum
2347 3967 2557 4032 vulgata.
2593 3965 2819 4013 Aliorum

1797 4053 1961 4118 scripti
1981 4052 2143 4115 plures
2165 4048 2514 4097 aestimacorem
2528 4061 2548 4092 .·
2565 4046 2670 4093 haec
2689 4044 2818 4094 enim

1796 4133 1966 4181 scribae
1996 4129 2176 4192 ubique
2211 4137 2520 4193 permutant,
2549 4127 2602 4175 in
2635 4137 2821 4175 utram-

1797 4228 1889 4278 que
1913 4219 2096 4275 partem
2129 4208 2183 4257 in
2209 4207 2318 4270 his,
2345 4207 2621 4273 horumque
2648 4204 2823 4266 conjn-
