3217 4784
686 346 772 415 16
1206 347 1344 413 Π).
1402 345 1648 412 AUG.
1706 345 2264 414 GOERENZII

672 484 944 550 runtur,
977 489 1191 556 presse
1224 465 1305 530 ad
1342 489 1539 554 graeca
1574 465 1769 529 verba
1800 482 2184 530 vertuntur:
2220 483 2294 531 ut
2329 468 2393 530 in
2429 468 2528 532 his
2565 471 2798 557 Epicu-

671 597 819 638 rum
852 573 1065 662 ipsum
1113 587 1425 660 sequutus
1468 570 1783 635 videatur.
1830 570 2098 636 Accedit
2139 571 2318 660 quod
2353 574 2420 636 in
2457 597 2537 638 eo
2581 575 2793 663 ipsum

668 680 1137 769 Epicureorum
1186 698 1432 739 morem
1477 675 1766 740 imitatus
1796 697 1935 740 esse
1979 674 2106 740 dici
2139 676 2374 766 possit,
2411 679 2651 767 quippe
2682 681 2797 768 qui

663 787 816 850 istas
846 798 1023 847 ratas
1047 784 1383 847 sententias
1401 830 1420 864 ,
1450 798 1525 847 ut
1554 804 1658 846 eas
1694 782 1829 869 ipse
1861 781 2355 870 interpretatur,
2386 785 2665 850 veritatis
2691 786 2794 850 in·

669 908 801 956 star
845 890 1281 977 suspicerent,
1322 889 1489 976 ipsas
1526 887 1918 966 ediscerent,
1951 912 2172 953 earum
2202 889 2448 977 ubique
2474 890 2652 954 velut
2692 893 2795 955 in·

670 995 958 1061 dubitata
1005 993 1376 1058 auctoritate
1422 1008 1778 1057 uterentur.
1825 991 1951 1057 Sed
1992 1016 2068 1057 ex
2110 993 2236 1057 hoc
2281 994 2423 1083 ipso
2477 994 2792 1060 incertum

667 1101 1090 1188 relinquitur,
1116 1120 1286 1162 anne
1316 1119 1397 1161 ex
1424 1097 1678 1163 Phaedri
1709 1100 2065 1163 Zenonisve
2091 1099 2341 1187 scriptis
2372 1099 2685 1184 hauserit,
2713 1102 2794 1166 ad

668 1227 951 1295 quorum
1002 1203 1444 1268 auctoritatem
1490 1204 1627 1290 ipse
1670 1219 1974 1291 provocat
2021 1203 2088 1292 (1
2114 1253 2133 1287 ,
2178 1202 2248 1283 5,
2304 1205 2381 1270 16
2404 1205 2469 1294 );
2501 1206 2794 1295 inprimis

666 1310 967 1392 Zenonis,
982 1331 1177 1396 quem
1211 1321 1277 1372 et
1305 1309 1443 1396 ipse
1477 1306 1764 1371 audierat
1801 1308 1906 1394 (cf.
1943 1307 2162 1397 ibid.),
2197 1309 2441 1396 quique
2475 1333 2550 1374 ex
2588 1311 2798 1376 Philo·

668 1418 807 1497 nis,
844 1414 1239 1495 Academici,
1285 1412 1565 1495 judicic,
1607 1414 1711 1477 cui
1748 1413 1997 1479 Tullius
2038 1415 2391 1502 plurimum
2436 1417 2794 1500 tribuebat,

669 1526 1119 1613 Epicureorum
1151 1522 1521 1609 coryphaeus
1551 1537 1720 1604 erat3
1759 1520 1885 1586 vid.
1923 1523 2005 1586 N.
2044 1524 2122 1586 D.
2157 1523 2217 1605 l,
2255 1545 2328 1586 21
2352 1572 2370 1600 ‚
2406 1522 2510 1611 59.
2551 1524 2651 1589 Ad
2677 1525 2796 1589 hos

665 1647 839 1696 certe
864 1626 1194 1693 referenda
1233 1626 1568 1710 videntur,
1601 1650 1745 1715 quae
1779 1628 1862 1691 ab
1895 1627 2230 1714 Epicureis
2265 1644 2412 1717 post
2443 1630 2794 1718 Epicurum

665 1736 733 1799 in
765 1735 958 1815 hujus
990 1733 1321 1821 disciplina
1348 1749 1582 1796 novata
1613 1733 1953 1814 dicuntur,
1982 1734 2049 1815 1,
2077 1756 2121 1821 9
2142 1781 2160 1815 ,
2192 1732 2296 1811 31,
2329 1751 2394 1799 et
2422 1756 2504 1799 20
2525 1784 2543 1813 ‚
2576 1735 2679 1801 66.
2710 1740 2796 1801 At

665 1841 833 1906 libro
863 1837 1187 1919 secund0,
1220 1861 1355 1926 quo
1380 1838 1697 1925 Epicurea
1722 1840 2037 1904 sententia
2070 1842 2137 1904 in
2162 1838 2484 1920 judicium
2505 1859 2791 1925 vocatur,

667 1945 948 2010 dubitari
972 1943 1233 2031 nequit,
1261 1943 1546 2006 Tullium
1580 1964 1719 2006 esse
1740 1960 2072 2008 auctorem
2098 1945 2531 2035 Chrysippum
2558 1969 2795 2034 sequu-

671 2069 837 2116 tum.
874 2050 1042 2114 Sunt
1072 2048 1244 2111 enim
1277 2069 1427 2111 vere
1463 2046 1895 2136 Chrysippea,
1934 2071 2078 2137 quae
2114 2067 2575 2137 opponuntur,
2609 2070 2682 2117 ut
2725 2054 2791 2117 in

667 2154 986 2221 adnotatis
1013 2151 1292 2217 subinde
1320 2151 1715 2218 monuimus.
1743 2154 1890 2242 Ipse
1921 2153 2025 2218 ille
2052 2177 2317 2244 quoque
2347 2155 2571 2222 decem
2599 2159 2795 2223 libros

670 2270 782 2342 πιρὶ
807 2274 893 2324 τοῦ
920 2274 1069 2322 καλοῦ
1099 2266 1182 2320 καὶ
1209 2274 1299 2329 τῆς
1329 2263 1506 2331 ἡδονῆς
1554 2257 1637 2322 ad
1691 2259 2240 2327 Aristocreontem
2289 2263 2625 2351 scripserat
2686 2264 2792 2350 (cf.

669 2366 1037 2446 Laert.VII,
1075 2363 1265 2451 202),
1302 2363 1367 2426 in
1407 2364 1644 2452 quibus
1679 2364 2061 2452 Epicuream
2089 2365 2178 2429 de
2211 2364 2447 2431 finibus
2479 2368 2794 2432 rationem

671 2494 822 2535 cum
866 2470 1076 2535 Stoica
1119 2470 1185 2532 in
1237 2485 1559 2534 certamen
1595 2468 1905 2544 vocabat,
1951 2490 2370 2556 quorumque
2408 2471 2668 2554 Cicem,
2701 2473 2795 2553 ΙΙ,

680 2580 788 2658 14,
820 2578 939 2656 44,
976 2574 1190 2663 paullo
1220 2573 1557 2637 obscurius
1591 2571 1987 2635 mentionem
2014 2572 2253 2653 injicit,
2282 2573 2372 2638 sic
2399 2590 2646 2658 tamen,
2682 2594 2757 2641 ut
2776 2626 2795 2655 ,

672 2704 821 2746 eum
857 2678 1006 2744 inde
1038 2702 1155 2743 sua
1186 2677 1538 2766 derivasse,
1569 2677 1674 2741 vix
1716 2677 2094 2764 ambiguum
2130 2678 2231 2742 sit.

759 2787 887 2853 Sed
937 2788 1153 2851 minus
1202 2786 1390 2849 etiam
1438 2785 1793 2848 obscurum
1837 2799 1966 2864 est,
2007 2783 2226 2877 5¹⁰³&
2267 2808 2339 2849 ea
2359 2835 2377 2869 ,
2426 2811 2569 2876 quoe
2606 2792 2797 2855 tertio

673 2895 837 2959 libro
870 2907 1319 2980 exponuntur,
1351 2890 1433 2955 ad
1462 2887 1764 2953 eumdem
1797 2887 2236 2977 Chrysippum
2261 2891 2597 2959 referenda
2625 2919 2795 2978 esse,

672 2999 855 3081 cujus
891 3006 1171 3077 πιρὶτιλῶν
1208 2993 1355 3058 libri
1393 3017 1430 3057 a
1466 2993 1682 3057 multis
1725 2991 2109 3076 laudantur,
2158 3016 2236 3057 ex
2268 3018 2548 3083 quorum
2584 3002 2797 3089 primo

673 3107 893 3170 locum
942 3121 1322 3167 conversum
1367 3097 1582 3181 vides,
1619 3100 1749 3181 ΙΙΙ,
1784 3121 1865 3185 9,
1903 3098 1979 3164 31
2004 3148 2022 3180 ,
2071 3099 2152 3164 ad
2195 3101 2588 3193 eosdemque
2621 3107 2796 3171 haud

674 3209 871 3274 dubie
904 3230 979 3270 ea
1020 3228 1284 3292 quoque
1332 3204 1676 3294 Chrysippi
1719 3204 2118 3270 numeranda
2135 3254 2174 3309 ,ἢ
2247 3231 2343 3273 uoe
2372 3208 2639 3294 ibid.‘5‚
2682 3213 2794 3294 163

682 3317 763 3391 14
780 3360 798 3394 ,
824 3313 940 3394 48,
974 3327 1095 3375 etc.
1123 3333 1159 3374 a
1187 3310 1402 3375 Tullio
1435 3332 1729 3399 expressa
1756 3311 2169 3375 contulimus,
2209 3382 2216 3389 ,
2256 3314 2427 3378 mnia
2455 3334 2626 3381 certe
2652 3319 2794 3382 libri

677 3419 847 3485 tertii
882 3441 960 3481 ex
988 3430 1207 3481 mente
1237 3437 1311 3478 ac
1343 3417 1656 3481 sententia
1688 3415 2056 3505 philosophi
2084 3416 2280 3499 hujus
2300 3466 2319 3500 ,
2350 3419 2418 3482 in
2445 3421 2596 3485 Stoa
2619 3424 2797 3511 prin·

678 3525 869 3613 cipis,
909 3521 1206 3600 edisseri,
1244 3521 1520 3586 subinde
1560 3521 1642 3585 ad
1682 3521 1895 3609 ipsum
1934 3523 2229 3610 clareque
2274 3522 2635 3592 docuimus.
2682 3531 2796 3595 His

673 3652 826 3696 vero
882 3628 1110 3693 Stoicis
1172 3625 1475 3705 objicitur
1517 3641 1744 3715 quarto
1797 3627 1962 3692 libro
2013 3628 2392 3695 Academica
2441 3635 2755 3700 sententia
2777 3685 2795 3717 ,

679 3751 994 3825 quatenus
1031 3757 1066 3796 a
1103 3733 1454 3796 Polemone
1490 3733 1738 3797 exculta
1786 3749 1882 3797 est
1924 3751 1990 3798 et
2030 3736 2363 3823 perpolita.
2413 3743 2798 3804 Accommo-

681 3841 862 3905 darat
915 3855 1129 3902 autem
1176 3837 1399 3902 Ethica
1457 3836 1987 3903 Academicorum
2033 3839 2300 3905 Polemo
2319 3891 2337 3923 ,
2384 3844 2797 3930 Xenocratis,

680 3944 963 4034 magistri
993 3942 1539 4030 antecessorisque
1558 3991 1576 4024 ,
1616 3945 1943 4033 exempIO,
1975 3945 2061 4009 ita
2087 3946 2379 4032 proxime
2408 3946 2490 4012 ad
2523 3972 2596 4013 ea
2621 3964 2798 4017 vete-

680 4075 824 4117 rum
864 4050 1435 4139 Peripateticorum
1456 4096 1474 4128 ,
1507 4063 1585 4113 ut
1615 4066 1886 4137 utraque
1919 4052 1986 4114 in
2019 4049 2213 4115 rebus
2249 4070 2465 4118 exacte
2499 4060 2800 4121 conveni·
