3217 4784
411 472 2112 494 mmmmmmmumssfflmw
2122 472 2544 495 mmm

629 693 943 782 NOVI
1009 692 1595 782 EDITORIS
1662 692 2343 781 PRAEFATIO.

418 1053 706 1206 Quum
767 1099 978 1172 multi
1033 1103 1189 1173 DD.
1234 1103 1389 1170 VV.
1446 1100 1557 1172 his
1607 1098 1944 1191 edendis,
2000 1103 2432 1201 castigandis
2483 1124 2554 1182 et

415 1221 862 1296 illustrandis
918 1222 1009 1294 de
1061 1222 1356 1295 Finibus
1406 1223 1776 1295 bonorum
1825 1239 1899 1296 et
1943 1226 2301 1300 malorum
2353 1230 2560 1304 libris

416 1370 717 1444 operam
760 1348 1219 1432 navaverint,
1262 1349 1842 1444 posterioresque
1888 1346 2200 1423 editores
2232 1312 2556 1457 supn-io-

415 1494 580 1541 rum
637 1468 1223 1542 elucubrationes
1278 1469 1483 1540 lucro
1537 1474 2052 1567 apposuerint,
2098 1456 2555 1577 diversasque

418 1619 672 1666 eorum
720 1595 1104 1692 opiniones
1147 1594 1675 1664 accuratissime
1735 1594 2292 1691 perpenderint,
2338 1606 2558 1676 satius

418 1716 632 1790 nobis
685 1721 920 1788 visum
977 1731 1086 1789 est
1138 1740 1357 1786 unam
1411 1714 1726 1811 aliquam
1778 1717 1968 1786 inter
2017 1722 2436 1795 novissimas
2487 1741 2559 1796 et

417 1841 730 1937 optimas
770 1836 1124 1910 editiones
1162 1837 1490 1935 seligere,
1525 1861 1686 1934 quae
1721 1835 2022 1934 hujusce
2057 1858 2321 1915 nostrae
2357 1853 2560 1944 quasi

419 1959 974 2034 fundamentum
1006 1975 1227 2049 esset,
1263 1982 1482 2058 quam
1521 1983 1822 2057 prorsus
1857 1986 2128 2033 novum
2163 1965 2438 2064 aliquid
2465 1972 2558 2045 de

420 2098 674 2154 nostro
713 2082 1109 2181 refingere3
1155 2082 1361 2154 aliter
1393 2079 1639 2152 forsan
1679 2080 1978 2169 dicturi,
2016 2084 2144 2156 sed
2181 2111 2331 2159 non
2367 2108 2560 2166 certe

421 2205 683 2275 melius
721 2229 939 2301 quam
974 2219 1085 2275 tot
1124 2203 1686 2300 praestantissimi
1722 2203 1877 2273 viri.

518 2330 774 2425 Itaque
854 2350 1010 2397 eam
1083 2325 1543 2423 potissimum
1623 2324 2017 2399 editionem
2098 2329 2560 2411 adhibuimus

350 2446 367 2466 ⁸
421 2470 643 2547 quam
674 2453 781 2521 Jo.
810 2452 991 2545 Aug.
1016 2451 1372 2533 Goerenz,
1405 2444 1598 2519 idem
1634 2447 1753 2518 ille
1797 2452 1926 2546 qui
1968 2451 2182 2525 nobis
2217 2469 2328 2528 tot
2356 2462 2558 2531 auxi-

423 2571 515 2642 lia
571 2570 978 2669 praebuerat
1032 2574 1109 2640 in
1168 2567 1468 2640 edendis
1511 2567 1956 2643 Academicis
2005 2572 2208 2647 libris
2234 2632 2252 2665 ,
2313 2586 2560 2677 paucis

421 2693 692 2765 abhinc
733 2694 940 2764 annis
985 2690 1297 2790 protulit
1325 2690 1469 2788 (1);
1514 2692 1790 2790 quippe
1827 2719 2027 2791 quae,
2067 2703 2394 2772 omnium
2434 2704 2558 2776 do-

423 2832 708 2889 ctorum
776 2813 1122 2912 suffragio
1142 2870 1161 2902 ,
1222 2814 1377 2886 aliis
1445 2813 1785 2902 omnibus
1847 2817 2197 2893 hactenus
2265 2825 2561 2922 prolatis

420 2955 754 3039 praestat:
824 2963 1030 3026 nam,
1086 2953 1169 3010 ut
1220 2940 1341 3011 ille
1406 2941 1651 3009 omnia
1710 2965 1869 3037 quae
1927 2942 2005 3011 in
2069 2948 2563 3041 superioribus

424 3063 629 3136 libris
660 3063 968 3159 alicujus
1006 3076 1209 3133 erant
1244 3061 1569 3133 utilitatis
1601 3063 1972 3159 exposuit,
2004 3078 2077 3133 et
2112 3071 2334 3164 aequis
2371 3097 2560 3170 pon-

425 3185 728 3258 deribus
782 3185 1250 3270 examinavit,
1302 3185 1401 3254 ita
1455 3180 1682 3254 multa
1741 3207 1930 3255 nova
1984 3183 2290 3281 addidit,
2344 3218 2561 3291 prava

466 3450 473 3455 Ι
511 3477 595 3558 (1)
637 3481 765 3537 Hoc
794 3477 966 3537 titulo
995 3500 1010 3536 ε
1049 3504 1072 3528 α
1093 3478 1179 3535 Μ.
1213 3479 1279 3535 Τ.
1309 3474 1606 3534 Ciceronis
1633 3474 1706 3535 de
1738 3476 1978 3537 Finibus
2017 3477 2309 3540 bonorum
2350 3496 2409 3542 et
2438 3505 2562 3545 ma-

430 3585 619 3642 lorum
655 3581 791 3642 libri
819 3588 885 3641 V.
924 3585 1015 3642 Ex
1049 3581 1278 3662 scriptis
1310 3600 1515 3640 recens
1545 3581 1765 3640 collatis
1799 3581 2084 3662 editisque
2125 3584 2289 3646 libris
2322 3591 2562 3670 castiga-

430 3688 543 3745 tius
576 3700 637 3745 et
666 3687 1013 3766 explicatius
1041 3684 1224 3745 edidit
1254 3692 1349 3747 Jo.
1390 3690 1540 3765 Aug.
1574 3690 1836 3745 Goerenz.
1869 3689 2113 3768 Lipsiae,
2161 3692 2339 3767 1813,
2386 3696 2444 3753 in
2493 3698 2561 3756 li-

200 3790 221 3859 J
298 3788 321 3843 ε’
409 3792 625 3873 braria
649 3793 1056 3851 Weidmannia
1080 3818 1123 3850 n.
1145 3795 1379 3850 -Post
1404 3790 1723 3851 editionem
1754 3792 2072 3851 confectam
2087 3837 2105 3867 ,
2157 3796 2338 3854 multa
2370 3800 2560 3857 corri-

316 3894 334 3923 (
430 3896 653 3976 genda,
676 3897 953 3957 mutanda
983 3910 1086 3957 aut
1114 3896 1382 3957 addenda
1408 3897 1532 3975 ipse
1557 3895 1810 3967 invenit,
1837 3916 1965 3973 quae
1988 3898 2049 3954 in
2070 3897 2226 3957 calce
2255 3898 2417 3970 libri,
2454 3902 2564 3960 sub

356 4009 365 4019 '
428 4002 981 4064 Additamentorum
1023 4016 1084 4063 et
1134 4001 1625 4082 corrigendorum
1668 4000 1872 4073 titulo,
1901 4003 2207 4082 apposuit;
2254 4024 2320 4063 ea
2361 4026 2467 4065 nos
2504 4009 2563 4064 in

433 4126 599 4165 suum
638 4129 886 4188 quaeque
925 4110 1122 4168 locum
1161 4106 1559 4168 transferenda
1600 4106 1944 4166 curavimus.

580 4218 670 4285 II.
718 4234 815 4283 Cic.
827 4249 948 4300 pars
973 4232 1125 4281 ter-eia.
1363 4256 1395 4291 ς
2231 4241 2278 4282 a
