3217 4784
697 361 831 458 592

1376 362 1472 428 M.
1518 360 1594 425 T.
1653 358 2138 428 CICERONIS

684 483 1072 583 justitiam,
1110 495 1181 551 et
1221 480 1533 578 reliquas
1576 476 1901 572 ejusdem
1938 478 2243 577 generis.
2277 482 2366 550 Et
2411 484 2823 552 summatim

690 595 985 694 quidem
1029 592 1178 663 haec
1218 604 1421 663 erant
1480 588 1571 660 de
1626 612 1970 686 corpore,
2035 590 2424 685 animoque
2474 589 2825 662 dicenda:

689 706 960 804 quibus
996 703 1195 799 quasi
1244 698 1713 772 informatum
1758 714 1908 788 est,
1951 698 2153 797 quod
2196 699 2514 772 hominis
2566 705 2841 773 natura'

585 843 653 912 37
692 807 1075 913 postuletss.
1109 815 1218 882 Ex
1245 834 1395 907 quo
1423 811 1887 908 perspicuum
1917 824 2062 898 est,
2084 810 2426 908 quoniam
2454 812 2589 909 ipsi
2618 836 2656 881 a
2690 837 2827 883 no-

687 925 798 998 bis
850 922 1264 1019 diiigamur‚‘
1298 920 1691 1017 omniaque
1734 933 1806 991 et
1844 920 1918 990 in
1958 921 2230 1008 animo,
2274 933 2347 992 et
2395 924 2472 991 in
2514 944 2826 1020 corpore

686 1032 1000 1135 perfecta
1036 1031 1339 1102 velimus
1379 1055 1531 1103 esse
1546 1042 1602 1117 9,
1652 1054 1733 1102 ea
1780 1030 1994 1103 nobis
2049 1033 2201 1128 ipsa
2254 1054 2413 1102 cara
2459 1055 2615 1103 esse
2656 1057 2820 1130 pro-

688 1160 847 1244 pter
881 1168 994 1231 se,
1032 1156 1104 1214 et
1142 1143 1217 1211 iu
1254 1142 1339 1213 iis
1366 1149 1430 1184 ¹⁰
1467 1164 1621 1212 esse
1659 1138 1748 1212 ad
1783 1139 1974 1212 bene
2015 1140 2402 1212 vivendum
2449 1157 2821 1213 momenta

687 1254 1017 1325 maxima.
1061 1256 1242 1324 Nam
1287 1252 1404 1322 cui
1444 1253 1814 1349 proposita
1865 1251 1954 1321 sit
1996 1253 2449 1323 conservatio
2498 1253 2647 1338 sui,
2692 1278 2821 1324 ne·

683 1390 879 1438 cesse
913 1378 1022 1435 est
1064 1363 1232 1435 huic
1269 1377 1507 1460 partes
1535 1385 1833 1460 quoque
1871 1363 1981 1433 sui
2019 1385 2216 1434 caras
2249 1387 2437 1449 esse,
2478 1363 2813 1436 cariores-

684 1500 869 1574 que,
911 1499 1063 1572 quo
1090 1471 1555 1572 perfectiores
1586 1473 1732 1543 sint
1755 1482 1843 1560 ¹¹,
1880 1488 1954 1544 et
1996 1474 2220 1571 magis
2256 1475 2329 1544 in
2372 1498 2507 1545 suo
2547 1499 2818 1572 genere

680 1656 1034 1707 circumscribit
1066 1671 1211 1719 quam
1249 1664 1477 1702 contexta
1516 1654 1711 1719 patiun-

684 1749 779 1786 tur.
802 1739 887 1785 Est
913 1736 1042 1783 enim
1066 1745 1179 1782 ante
1209 1733 1382 1782 oculos
1401 1733 1479 1781 his
1504 1734 1711 1782 virtutes

680 1827 892 1881 quatuor
911 1813 1178 1862 cardinales
1196 1812 1544 1878 comprehendi
1557 1847 1572 1868 .
1585 1830 1709 1890 qua-

679 1911 786 1942 rum
829 1896 985 1958 prima
1031 1894 1082 1940 in
1130 1913 1156 1936 ιι
1176 1908 1345 1940 verum
1383 1892 1712 1956 cognoscendi

678 1974 844 2023 studio
862 1994 884 2015 n
913 1973 1072 2038 posita
1093 1972 1143 2021 h.
1165 1957 1198 2020 li
1226 1980 1285 2019 ut
1301 1972 1477 2035 saepius
1489 1971 1711 2035 pruden-

678 2053 747 2101 tia
773 2052 1070 2118 appellatum
1087 2051 1150 2099 cf.
1173 2051 1299 2099 infra
1321 2051 1404 2110 23,
1436 2051 1522 2098 66.
1545 2053 1609 2100 G.

751 2132 799 2180 8.
832 2130 979 2195 Quod
1014 2129 1222 2176 hominis
1264 2139 1446 2176 natura
1481 2130 1708 2193 postulet.

679 2212 809 2257 Bene
835 2210 886 2255 in
914 2209 989 2255 his
1009 2205 1170 2255 Brem.
1196 2205 1322 2270 quid
1336 2223 1429 2272 pro
1452 2209 1588 2273 quod
1598 2225 1708 2257 cor-

677 2288 806 2351 rigit.
833 2286 958 2335 Nam
979 2286 1069 2333 etsi
1093 2284 1292 2349 quidem
1320 2297 1434 2335 snte
1462 2287 1705 2352 infirma-

677 2379 780 2416 tum
796 2364 1022 2415 consulto
1032 2365 1089 2413 id
1098 2366 1331 2414 omissum
1344 2367 1508 2430 putari
1524 2378 1704 2432 potest,

675 2460 731 2497 ut
764 2441 956 2511 gratiior
982 2446 1100 2495 iude
1137 2447 1215 2494 vis
1251 2445 1305 2494 in
1347 2445 1548 2494 verbum
1574 2447 1704 2505 hoc,

676 2527 818 2575 tertio
847 2526 963 2573 loco
986 2524 1230 2589 positum,
1263 2524 1481 2582 caderem
1509 2536 1704 2574 auctor-

674 2621 770 2669 que
787 2620 915 2667 sape
936 2604 1007 2651 sic
1034 2618 1177 2665 pron.
1203 2603 1468 2651 demonstr.
1494 2603 1667 2665 abjicit
1687 2618 1701 2655 τ

676 2697 833 2733 tamen
867 2681 1211 2743 subjunctivus
1242 2681 1304 2728 ad
1347 2682 1486 2745 quod
1507 2683 1702 2732 incom-

674 2762 869 2811 modior
895 2771 992 2819 αις
1015 2774 1305 2823 quamquam
1329 2761 1449 2825 ipse,
1472 2777 1576 2809 non
1597 2764 1702 2810 sine

672 2842 922 2907 exemplo,
945 2855 1096 2904 quum
1116 2838 1320 2903 quadiu
1347 2839 1432 2886 tali
1457 2850 1699 2889 structura

671 2937 774 2970 non
799 2921 944 2970 semel
988 2935 1083 2986 pro
1112 2941 1134 2963 ι
1151 2919 1273 2984 quid
1312 2918 1375 2966 sit
1411 2918 1491 2978 id,
1516 2919 1656 2982 quod
1673 2943 1699 2963 a·

672 3002 884 3052 dicatur.
913 3002 978 3050 G.
1000 3001 1051 3048 iu
1071 2999 1320 3048 Additam.

745 3099 798 3146 9.
835 3081 1115 3145 Omniaque
1142 3090 1189 3128 et
1231 3078 1281 3127 1'12
1318 3077 1487 3127 animo
1508 3111 1524 3136 ,
1567 3089 1615 3127 et
1646 3078 1696 3127 in

671 3178 875 3226 corpore
882 3163 1103 3228 pedet-ea
1120 3158 1331 3209 velimus
1350 3174 1471 3207 esse.
1495 3158 1626 3223 Spir.
1650 3170 1700 3207 et

671 3242 772 3290 Eri.
815 3254 1072 3305 utramque
1120 3239 1172 3287 in
1210 3239 1457 3304 ignorant.
1493 3238 1697 3288 Monac.

670 3344 697 3362 α
720 3321 924 3384 perfecti
944 3319 1156 3368 volimus
1180 3333 1196 3368 ε
1216 3339 1242 3360 ¹·
1260 3316 1392 3366 unde
1417 3316 1543 3365 banc
1563 3333 1696 3365 com-

669 3416 856 3464 ponere
890 3399 1150 3447 lectionem
1186 3397 1358 3455 liceat,
1384 3416 1411 3438 «ι
1435 3398 1698 3462 omniaque

673 3477 870 3544 <quoad
926 3475 1091 3524 omnia
1115 3475 1136 3540 )
1180 3486 1229 3524 et
1283 3475 1448 3523 animo
1483 3486 1532 3523 et
1583 3492 1697 3524 cor-

668 3575 791 3624 pore
814 3556 1020 3623 perfecti
1047 3554 1256 3603 volimus
1279 3571 1383 3604 esse
1403 3577 1446 3603 ι.
1479 3554 1696 3604 Voh’mus

668 3653 762 3702 pro
778 3635 988 3685 velimus
1008 3633 1224 3683 vindieat
1242 3634 1472 3683 Priscian.
1491 3632 1578 3681 lib.
1597 3636 1692 3695 ΙΙ,

669 3734 719 3782 p.
739 3714 1107 3774 286‚Ciceroni
1128 3713 1191 3761 ad
1204 3713 1272 3762 N.
1295 3714 1452 3772 D.11‚
1478 3713 1562 3771 32,
1582 3715 1645 3762 81
1673 3728 1688 3763 τ

673 3799 696 3839 ἰι
719 3810 824 3859 quo
852 3791 1041 3840 facilius
1067 3791 1120 3839 id
1136 3828 1151 3852 ‚
1177 3791 1312 3858 quod
1343 3792 1523 3841 dooere
1547 3791 1689 3841 volu·

668 3889 798 3931 mus,
821 3870 1028 3935 intelligi
1063 3871 1289 3935 ponito,
1327 3870 1491 3935 itaque
1532 3871 1690 3921 edidit

667 3955 833 4003 Daris.
862 3950 999 4000 Idem
1025 3948 1182 3997 eidem
1204 3951 1485 4010 conjectura
1515 3951 1688 4000 tribuit

667 4033 945 4090 ltu-nostine,
972 4031 1109 4078 Brut.
1128 4030 1222 4086 38,
1251 4036 1381 4084 142:
1407 4029 1581 4077 «nulla
1612 4046 1687 4079 res

666 4112 819 4175 magis
843 4120 1063 4176 penetrat
1093 4110 1144 4156 in
1162 4108 1375 4166 animos,
1396 4123 1577 4171 eosque
1595 4106 1686 4156 fin-

1792 1655 1892 1719 git,
1913 1655 2115 1715 format,
2150 1655 2334 1706 flectit:
2363 1657 2577 1722 talesque
2598 1670 2815 1708 oratores

1792 1734 1949 1783 videri
1974 1736 2123 1797 facit,
2145 1736 2311 1801 quales
2342 1737 2437 1802 ipsi
2468 1754 2519 1786 se
2546 1738 2698 1786 videri
2723 1755 2815 1787 vo-

1793 1813 1899 1862 lunt
1924 1828 1981 1863 :¹-
1999 1815 2171 1864 suadet
2189 1818 2318 1865 enim
2346 1817 2522 1867 volort.
2556 1817 2651 1866 sed
2677 1829 2815 1866 utro·

1791 1909 1888 1957 que
1911 1893 2010 1941 hoc
2029 1894 2142 1943 loco
2164 1895 2454 1945 indicativus
2472 1897 2649 1945 modus
2666 1897 2815 1960 longe

1791 1972 2119 2035 proferendus
2141 1985 2213 2023 est
2234 1990 2248 2023 ε
2268 1987 2324 2024 ut
2335 1975 2446 2037 jure
2467 1976 2678 2025 dubitari
2694 1990 2815 2040 poa·

1789 2052 1852 2099 sit
1866 2085 1880 2109 ‚
1924 2068 1985 2099 an
2032 2069 2261 2118 nmquam
2305 2057 2464 2120 prisca
2510 2057 2603 2105 bac
2656 2056 2811 2104 forma

1788 2145 1904 2177 usus
1924 2130 1986 2177 sit
2005 2132 2196 2182 Cicero.
2215 2135 2321 2183 Nos
2345 2134 2545 2198 quidem
2568 2134 2812 2200 vulgatam

1789 2205 1922 2273 (que
1944 2209 2089 2259 etiam
2116 2211 2232 2259 inde
2253 2212 2492 2272 turbatur,
2518 2213 2653 2278 quod
2675 2214 2808 2262 Gud.

1792 2305 1820 2335 2
1842 2322 1857 2348 ,
1898 2289 2192 2354 omniaque,
2241 2290 2375 2340 Gud.
2413 2308 2458 2349 ι,
2483 2294 2609 2342 Ven.
2645 2300 2772 2358 1494
2792 2330 2809 2353 ,

1785 2368 1915 2417 Crat.
1934 2367 2099 2417 omnia
2123 2386 2234 2433 qua
2255 2367 2494 2433 referunt)
2508 2407 2525 2431 ,
2549 2388 2709 2422 veram
2727 2376 2814 2435 ju-

1786 2445 2029 2508 dieamm3
2084 2448 2250 2496 turbas
2295 2460 2455 2497 autem
2506 2451 2624 2499 inde
2668 2464 2810 2502 natas

1783 2527 2103 2590 suspicamur,
2124 2527 2260 2592 quod
2279 2529 2451 2577 scriba!
2471 2531 2524 2577 in
2550 2529 2734 2595 duplici
2753 2533 2808 2579 in

1782 2605 2029 2654 haerebant
2043 2644 2057 2669 ,
2074 2608 2226 2654 nescii
2252 2608 2350 2655 vim
2373 2609 2477 2670 ejus
2497 2610 2550 2659 h.
2567 2610 2604 2659 l.
2625 2631 2649 2654 ι
2665 2611 2801 2675 quod

1782 2685 1957 2732 attinet
1989 2684 2052 2733 sd
2077 2707 2104 2727 ιι
2129 2701 2262 2744 esse,
2289 2702 2385 2750 qua
2422 2688 2472 2734 vi
2498 2688 2626 2738 hane
2650 2705 2802 2754 prep-

1781 2764 1958 2826 saepius
1994 2764 2353 2814 vindicavimus
2369 2803 2382 2826 ,
2426 2767 2803 2817 vindioebimus-

1783 2857 1895 2906 que.
1913 2845 1980 2892 G.

1858 2936 1935 2971 ιο.
1956 2922 2021 2969 Ee
2043 2921 2094 2971 ἰιι
2125 2922 2203 2971 iis.
2223 2924 2573 2990 Intelliguntur
2589 2943 2670 2988 ea,
2690 2944 2806 2992 que

1779 3011 1953 3049 auctor
1970 3001 2088 3050 alias
2103 3005 2373 3053 sacenties
2392 3028 2416 3047 α
2427 3007 2579 3070 prima
2596 3016 2801 3069 nature,

1778 3081 2018 3147 principia
2063 3094 2250 3133 natura.-
2266 3118 2281 3142 ‚
2328 3086 2482 3150 prima
2535 3085 2769 3134 naturalia
2784 3122 2801 3145 ‚

1779 3169 1872 3209 etc.
1888 3181 1914 3202 ιι
1945 3170 2104 3210 vocat.
2128 3163 2190 3210 G.

1858 3255 1879 3287 ι
1894 3253 1938 3288 1.
1972 3238 2126 3288 ear-as
2162 3257 2263 3289 esse
2277 3277 2293 3304 ‚
2327 3242 2665 3309 eae-foresque,
2701 3261 2805 3311 qno

1768 3316 2084 3383 pefieeiores
2111 3319 2225 3369 sine.
2267 3324 2345 3371 Ne
2363 3333 2507 3388 putes
2534 3341 2593 3373 eo
2618 3325 2801 3374 addeu-

1778 3397 1892 3445 dum
1910 3431 1925 3453 ‚
1949 3414 2105 3461 quum
2128 3398 2270 3448 facile
2295 3403 2455 3466 possit
2485 3404 2613 3452 inter
2638 3421 2666 3451 e
2697 3415 2747 3452 et
2767 3420 2798 3452 c

1776 3475 2014 3524 excidisse
2026 3477 2197 3538 videri,
2213 3478 2401 3528 dudum
2421 3480 2591 3531 docuit
2600 3483 2797 3534 Ruhuk.

1772 3556 1836 3605 ad
1853 3555 2007 3604 Rutil.
2026 3559 2066 3623 ζ.
2089 3565 2143 3616 4,
2161 3573 2214 3623 p.
2241 3574 2323 3622 17,
2341 3562 2627 3626 particulam
2644 3563 2795 3624 lunc,

1774 3652 1872 3701 quo
1906 3636 1983 3683 vel
2026 3638 2369 3702 antecedente,
2418 3641 2497 3689 vel
2536 3654 2797 3706 sequente,

1779 3715 1944 3763 omitti
1969 3715 2140 3768 solere.
2162 3717 2260 3766 Sed
2284 3719 2336 3768 h.
2355 3720 2391 3769 l.
2408 3731 2458 3768 et
2478 3722 2718 3771 similibus
2742 3739 2800 3769 eo

1777 3808 1841 3842 ue
1850 3794 2081 3843 omissum
2089 3796 2286 3859 quidem
2300 3800 2462 3863 putari
2471 3799 2633 3860 debet,
2646 3817 2796 3865 quum

1775 3889 1872 3939 que
1920 3873 1981 3922 ad
2035 3887 2325 3941 comparatt.
2364 3898 2387 3921 ι
2417 3878 2568 3926 inno
2618 3880 2760 3927 etiam
2783 3917 2798 3942 ,

1776 3951 1897 4016 quid
1913 3987 1927 4012 ,
1954 3953 2127 4018 quod»
2151 3956 2321 4006 valeat.
2354 3957 2429 4006 Cf.
2456 3959 2603 4006 Divv.
2629 3960 2694 4017 V,
2715 3975 2795 4023 ep.

1780 4046 1809 4080 a
1831 4046 1847 4081 ε
1867 4055 1894 4074 α
1928 4033 2109 4081 Maneo
2136 4034 2187 4081 in
2215 4035 2495 4096 voluntate,
2518 4049 2567 4085 et
2585 4070 2601 4097 ,
2633 4038 2796 4101 quoad

1775 4111 1910 4159 voles
1927 4122 1980 4160 tu
1997 4148 2012 4170 ‚
2036 4112 2355 4176 permane-1103
2376 4117 2617 4183 citiusque
2634 4133 2799 4166 amoro
