3217 4784
655 494 674 538 ι
696 468 786 554 54
1324 472 1420 538 Μ.
1473 474 1550 539 Τ.
1604 472 2090 541 CICERONIS

644 618 806 664 mus
834 592 1134 664 verbum
1165 592 1466 662 latinum
1492 618 1621 692 par
1646 618 1908 692 gra-co,
1945 608 2017 665 et
2046 591 2245 690 quod
2280 591 2472 663 idem
2495 591 2714 663 valeat
2753 607 2774 662 ε’

647 703 766 772 hic
816 701 999 771 nihil
1057 698 1226 787 fuit,
1278 703 1479 800 quod
1543 728 2053 800 quaereremus.
2114 702 2408 774 Nullum
2470 703 2772 772 inveniri

650 825 920 908 potest,
957 810 1157 909 quod
1195 814 1418 910 magis
1448 813 1639 886 ide-m
1675 813 1989 890 declaret
2025 813 2273 900 latine,
2311 810 2510 908 quod
2547 836 2770 909 graece

645 920 831 1003 ἡδονὴ
854 913 953 1011 ¹⁵,
990 950 1206 1022 quam
1249 925 1563 999 declarat
1595 929 1949 1025 voluptas.
1992 931 2179 999 Huic
2216 925 2441 998 verbo
2475 949 2768 1011 omnem,

646 1038 775 1131 qui
816 1032 1084 1132 ubique
1133 1051 1334 1125 sunt,
1386 1039 1512 1135 qui
1557 1039 1777 1110 latine
1826 1039 2096 1122 sciunt,
2159 1035 2334 1107 duas
2382 1059 2497 1106 res
2551 1033 2770 1131 subji-

647 1140 951 1233 ciunt¹⁶‚
989 1144 1303 1218 laetitiam
1332 1150 1405 1217 in
1440 1149 1722 1236 animm
1754 1151 2314 1220 commotionem
2347 1170 2635 1236 suavem
2659 1147 2772 1242 ju-

646 1255 1028 1326 cunditatis
1072 1259 1149 1328 in
1200 1282 1527 1356 corpore.
1575 1263 1759 1331 Nam
1798 1273 1869 1330 et
1912 1257 2032 1328 ille
2076 1256 2354 1353 apud¹⁷
2395 1255 2770 1342 Trabeam,

646 1365 1086 1462 voluptatem
1126 1370 1346 1439 animi
1402 1370 1698 1439 nimiam
1722 1360 1812 1454 ¹⁸,
1851 1368 2270 1438 «laetitiam»
2321 1364 2532 1445 dicit,
2586 1391 2774 1437 eam-

647 1474 857 1561 dem,
913 1502 1129 1572 quam
1185 1478 1305 1550 ille
1363 1477 1820 1566 Caecilianus,
1880 1479 2006 1574 qui
2064 1472 2462 1546 «omnibus
2518 1476 2771 1546 laetitiis

647 1586 886 1657 laetum
942 1612 1095 1659 esse
1136 1613 1272 1660 se»
1316 1604 1579 1661 narrat.
1639 1589 1777 1661 Sed
1823 1588 1963 1660 hoc
1997 1589 2329 1671 interest,
2382 1583 2586 1681 quod
2641 1610 2770 1655 vo·
2841 1622 2852 1633 ι

643 1696 877 1794 luptas
931 1697 1194 1769 dicitur
1230 1700 1442 1771 etiam
1479 1701 1552 1770 in
1606 1701 1894 1787 animo;
1943 1697 2195 1768 vitiosa
2241 1720 2395 1781 τρε,
2445 1709 2525 1764 ut
2566 1695 2772 1765 stoici

640 1939 993 1995 transponunt,
1031 1941 1082 1978 et
1113 1930 1224 1977 VV.
1260 1930 1370 1977 DD.
1408 1930 1494 1993 qui
1528 1930 1662 1978 bunc

638 2012 746 2060 Cic.
772 2027 956 2059 morem
983 2011 1241 2073 ignorant,
1267 2008 1555 2073 plerumque
1579 2009 1664 2057 de·

639 2090 788 2138 terius
813 2100 1099 2152 sequuntur.
1134 2087 1255 2136 Inde
1281 2087 1426 2135 nobis
1451 2087 1666 2152 explica·

639 2184 773 2229 mus,
801 2166 937 2231 quod
959 2183 1023 2213 ex
1048 2166 1185 2215 nullo
1203 2166 1301 2215 alio
1322 2167 1494 2215 codice
1519 2168 1665 2228 buius

640 2245 900 2293 verborum
944 2245 1132 2294 ordinis
1177 2247 1428 2295 diversitas
1467 2257 1664 2295 enotata

642 2323 836 2387 legitur.

721 2419 739 2449 1
752 2402 801 2450 5.
823 2399 976 2467 Quod
981 2418 1146 2469 grace
1164 2399 1326 2460 ἡδονή.
1351 2405 1452 2454 Erl.
1471 2416 1519 2455 et
1534 2406 1662 2471 Spir.

641 2482 831 2530 hedone
847 2500 867 2529 .·
891 2494 1131 2532 testantur
1155 2485 1306 2548 igitur
1328 2484 1381 2533 hi
1397 2522 1412 2547 ‚
1437 2502 1547 2534 vere
1568 2487 1667 2534 Ur·

641 2560 735 2607 sini
758 2560 870 2608 eod.
888 2563 959 2609 sic
979 2561 1235 2621 exhibere,
1263 2579 1289 2609 e
1313 2578 1413 2626 qno
1435 2562 1666 2612 Davisius

640 2649 691 2687 et
712 2639 815 2687 rell.
840 2650 967 2687 texta
992 2640 1297 2703 supplevere.
1327 2644 1437 2689 Hoc
1456 2640 1570 2689 loeo
1588 2640 1665 2688 vel

641 2718 745 2764 sine
763 2718 957 2781 seriptis
974 2718 1044 2765 sic
1065 2718 1307 2766 edendnm
1326 2730 1445 2767 erat.
1468 2720 1534 2766 G.

720 2797 799 2845 16.
837 2797 973 2843 Duas
998 2812 1074 2843 res
1101 2798 1388 2862 subjiciunt,
1421 2807 1518 2845 etc.
1547 2801 1587 2847 1.
1616 2814 1663 2847 e.

647 2897 669 2919 ι
695 2875 815 2924 duas
846 2875 1075 2924 notiones
1105 2876 1330 2925 tribuunt
1348 2911 1363 2936 ,
1401 2878 1574 2941 partim
1603 2877 1666 2926 de

638 2956 790 3003 anirni
813 2956 979 3005 laetitia
1006 2972 1174 3005 vocem
1213 2955 1522 3017 adhibentes,
1548 2973 1665 3021 par-

640 3036 726 3083 tim
750 3035 810 3084 de
833 3037 972 3084 suavi
987 3036 1309 3101 jucundoque
1331 3045 1468 3084 motu
1489 3052 1667 3100 corpo-

640 3115 706 3162 ris
722 3138 764 3164 ι.
785 3117 956 3181 Neque
969 3117 1023 3165 in
1045 3134 1124 3166 vv.
1147 3139 1168 3159 α
1181 3116 1510 3165 commotione
1528 3116 1667 3164 suavi

635 3195 952 3256 jucunditatis
979 3219 1004 3239 ι-
1053 3197 1337 3245 bat-endum
1380 3211 1394 3245 τ
1443 3195 1666 3244 similiter

639 3283 811 3321 auctor
840 3277 977 3324 Orat.
1020 3278 1124 3334 111,
1160 3277 1241 3334 15,
1276 3276 1376 3324 56:
1409 3296 1432 3319 ι
1461 3286 1665 3340 propter

641 3353 794 3417 ipsius
825 3355 1038 3403 scientiae
1068 3356 1380 3415 suavitatem,
1415 3371 1510 3419 qua
1537 3356 1663 3403 nihil

639 3442 710 3480 est
750 3432 1029 3481 hominibus
1063 3435 1328 3495 iucundius
1354 3456 1397 3484 a.
1442 3435 1664 3484 Suam'tas

639 3512 827 3559 externi
852 3528 1018 3561 sensus
1043 3515 1181 3576 quasi
1206 3513 1525 3562 titillationem
1543 3531 1558 3572 ;
1572 3515 1663 3578 ju-

640 3590 868 3638 cunditas
898 3609 1001 3641 eam
1035 3593 1215 3641 interni
1240 3605 1413 3643 notat:
1435 3595 1523 3641 sed
1555 3595 1589 3643 l.
1622 3596 1662 3645 1.

638 3686 777 3719 suar.
835 3671 899 3719 ad
946 3672 1105 3720 solum
1150 3672 1364 3721 animum
1416 3674 1664 3721 transfert-i

642 3750 849 3809 videtur,
887 3751 1025 3815 quod
1063 3763 1137 3800 est
1174 3753 1483 3803 rarissimum.
1523 3752 1665 3801 Cete-

638 3845 747 3876 rum
775 3845 877 3877 non
904 3841 977 3879 est
1004 3830 1374 3895 negligendum,
1402 3842 1499 3880 tres
1531 3831 1664 3894 opti-

640 3926 746 3957 mos
758 3922 952 3958 nostros
966 3911 1153 3958 meliori
1167 3912 1335 3975 positu
1344 3909 1663 3972 jucunditatis

639 4004 833 4036 suavem
850 3990 1074 4039 scribere.
1094 3991 1156 4037 G.

720 4085 798 4130 ¹7·
847 4068 998 4132 Apud
1039 4068 1297 4118 Trabeam.
1342 4067 1525 4117 Trabea
1572 4068 1666 4118 fuit

640 4158 779 4196 vetus
795 4159 939 4212 poeta
956 4149 1198 4207 comicus,
1219 4148 1358 4209 cujus
1379 4147 1661 4212 paucissima

640 4228 900 4292 fragmenta
918 4239 1193 4293 supersunt.

1826 1947 1846 1978 1
1859 1932 1905 1979 8.
1926 1930 2230 1994 Voluptatem
2249 1926 2402 1977 animi
2416 1926 2639 1976 naniam.
2663 1928 2773 1976 Huc

1750 2009 1972 2073 proxime
1989 2008 2128 2057 locus
2145 2009 2354 2073 pertinet
2371 2007 2517 2055 Divv.
2536 2010 2693 2071 11‚ep.
2709 2022 2772 2068 9:

1750 2110 1776 2129 α
1796 2089 2017 2151 Repente
2044 2103 2159 2135 vero
2194 2087 2370 2134 incessi
2399 2086 2630 2135 omnibus
2654 2084 2774 2133 laeti-

1752 2166 1831 2213 tiis
1862 2166 2001 2213 laetus
2037 2168 2056 2228 (
2094 2167 2165 2213 sic
2211 2165 2458 2214 verissime
2495 2166 2643 2213 Mart.
2681 2166 2772 2210 La·

1751 2262 1880 2311 gnua
1918 2245 2057 2311 ).1n
2109 2261 2212 2310 quo
2265 2261 2420 2309 quum
2464 2245 2775 2307 objurgaret,

1750 2328 1887 2391 qnod
1913 2327 2067 2375 nimio
2094 2325 2272 2391 gaudio
2298 2342 2438 2391 paene
2465 2325 2733 2389 desiperem
2762 2338 2775 2369 z

1750 2405 1817 2454 ita
1851 2423 1927 2454 me
1956 2405 2271 2453 defendebam
2298 2419 2311 2453 :
2337 2406 2443 2466 Ego
2474 2402 2772 2464 voluptatem
2803 2419 2808 2422 ·

1750 2486 1897 2531 animi
1943 2483 2140 2531 nimiam
2168 2502 2210 2530 ιο.
2254 2481 2405 2528 Citari
2441 2479 2516 2526 bis
2550 2479 2772 2527 eumdem

1749 2562 1949 2609 Trabeae
1975 2561 2141 2608 locum
2171 2569 2301 2606 recte
2327 2556 2551 2606 videmnt
2574 2556 2644 2603 ibi
2661 2557 2771 2605 intt.

1750 2641 1937 2691 Nostro
1961 2638 2075 2688 loco
2101 2639 2261 2685 atinus
2285 2624 2630 2692 atte'uderunu
2658 2635 2777 2683 alias

1750 2722 1880 2768 enim
1900 2718 2006 2766 haec
2031 2718 2135 2781 ipsa
2152 2704 2296 2764 berb·
2318 2752 2332 2777 ,
2352 2730 2456 2763 non
2481 2732 2530 2763 v.
2558 2714 2773 2763 Iaete‘tiam

1751 2798 1954 2846 diversis
1976 2798 2108 2861 typis
2130 2795 2453 2859 insignissent.
2481 2793 2614 2841 Idem
2636 2794 2776 2842 locus

1749 2879 1894 2927 etiam
1919 2876 2197 2941 proximum
2224 2875 2407 2923 Caecilii
2427 2873 2652 2922 illustrat.
2676 2876 2777 2938 Ap-

1748 2966 1889 3023 paret
1924 2957 2050 3003 enim
2079 2954 2193 3004 VV.
2236 2956 2345 3004 ΠΙ).
2372 2955 2424 3002 in
2454 2953 2551 3001 boc
2579 2970 2778 3017 quoque

1750 3035 1895 3085 verba
1926 3050 2027 3083 esse
2061 3049 2114 3082 se
2139 3050 2288 3099 prave
2324 3045 2378 3082 ut
2411 3032 2670 3083 caeciliana
2700 3031 2776 3079 di·

1749 3115 1998 3165 stinxisse.
2029 3112 2125 3162 Sed
2152 3129 2247 3161 nos
2274 3113 2501 3177 quidem,
2542 3126 2645 3158 non
2672 3110 2777 3169 sine

1749 3195 1994 3261 probabili
2035 3195 2251 3254 ratione,
2298 3209 2392 3258 pro
2433 3209 2511 3239 vv.
2557 3205 2656 3238 esse
2689 3205 2767 3246 se,

1749 3274 2004 3325 incessisse
2029 3272 2286 3337 legendnm
2314 3270 2596 3324 statuimus,
2622 3268 2693 3315 sic
2719 3279 2775 3315 ut
2811 3332 2814 3337 .

1747 3354 1933 3420 syllaba
1972 3353 2020 3401 ἰη
2067 3368 2156 3417 per
2204 3348 2412 3415 praeoed.
2458 3364 2504 3393 m
2547 3345 2774 3410 absorpta

1748 3444 1963 3499 putetur.
1989 3435 2099 3480 Hoc
2117 3439 2278 3478 autem
2297 3428 2454 3484 facto,
2467 3441 2568 3473 non
2587 3426 2748 3489 potnit
2760 3458 2777 3485 ,

1747 3513 1884 3577 qnin-
1914 3510 2124 3566 haeesic
2177 3515 2510 3572 pravarentnr.
2551 3506 2774 3554 Ceterum

1748 3591 1939 3655 plenius
1979 3590 2061 3637 ille
2102 3587 2304 3636 Trabea!
2344 3601 2512 3633 versus
2551 3584 2776 3647 laudator

1748 3670 1894 3717 Tusc.
1924 3670 2010 3725 IV,
2056 3666 2144 3723 15,
2176 3665 2271 3722 35,
2302 3663 2366 3710 ad
2401 3679 2544 3726 quem
2577 3663 2741 3709 locum
2762 3697 2775 3721 ,

1747 3748 1844 3796 hoc
1855 3784 1871 3808 ‚
1895 3762 2038 3810 quem
2058 3744 2398 3801 excitavimus,
2414 3741 2629 3803 adjutus,
2645 3741 2775 3788 bunc

1749 3826 2051 3874 trochaicum
2071 3822 2283 3887 complet
2301 3836 2502 3885 magnus
2520 3821 2600 3867 ille
2619 3821 2775 3869 Bentl.

1750 3928 1776 3948 ιι
1797 3906 1902 3969 Ego
1929 3905 2226 3967 voluptatem
2249 3900 2397 3948 animi
2417 3900 2613 3947 nimiam
2641 3916 2773 3948 sum-

1750 4002 1880 4033 mum
1910 4000 2012 4033 esse
2047 3998 2259 4030 errorem
2294 3980 2503 4028 arbitror
2527 4003 2569 4030 a.
2615 3982 2678 4028 G.
2706 4008 2772 4017 --

1757 4065 1948 4129 VoItept.
1972 4061 2129 4110 animi
2145 4060 2348 4115 nimiam
2368 4096 2382 4119 ,
2414 4060 2516 4110 loet.
2547 4062 2772 4109 Muretus

1753 4142 2054 4208 interpungit
2076 4156 2091 4190 ε
2114 4162 2141 4183 α
2165 4141 2492 4206 voluptatem,
2522 4141 2668 4189 animi
2699 4141 2776 4187 ni-

1750 4228 1894 4272 miam
1920 4222 2135 4271 laetitiam
2164 4242 2207 4270 s.
