3217 4784
1116 461 1867 530 ARGUMENTUM.
2476 455 2566 528 25

524 588 681 667 quod
719 608 788 645 ex
820 588 918 646 illa
954 606 1133 665 prave
1167 586 1461 646 utentibus
1488 588 1678 665 magni
1710 586 1974 655 doloreS‚
2018 604 2092 644 ex
2130 584 2243 642 boc
2274 582 2564 642 interdum

524 705 742 762 magnae
781 685 1109 762 voluptates
1146 683 1424 741 oriantur.
1485 687 1600 742 Eos
1636 695 1827 741 autem
1860 683 1992 761 jure
2031 678 2412 751 accusandos,
2465 681 2584 771 qui·

523 802 677 841 caeco
720 782 940 860 impetu
972 782 1031 839 in
1066 794 1374 859 praesentes
1409 781 1741 859 voluptates
1773 780 2062 851 serantur,
2109 798 2217 836 nec
2237 821 2253 849 ,
2299 777 2400 855 qui
2431 774 2567 834 inde

524 878 755 937 dolores
782 878 894 936 sint
921 878 1187 951 oriundi,
1214 878 1592 956 provideant:
1617 879 1829 937 similes
1854 877 1964 935 bos
1988 877 2060 935 iis
2092 895 2241 944 esse,
2268 873 2370 952 qui
2395 872 2570 931 animi

525 976 796 1048 mollitie,
838 974 898 1033 id
933 990 1039 1049 est,
1084 975 1352 1034 dolorum
1392 978 1559 1053 fuga,
1607 976 1796 1034 officia
1838 995 1939 1033 sua
1982 973 2269 1033 deserant.
2301 969 2571 1028 Incidere

523 1074 677 1131 enim
708 1085 967 1151 tempora
989 1117 1006 1142 ,
1039 1073 1249 1151 quibus
1273 1076 1776 1153 saepe.voluptates
1803 1071 2158 1151 rejiciendae,
2181 1068 2572 1145 molestiaeque

524 1168 898 1247 suscipiendae
933 1171 1084 1242 sint,
1125 1185 1190 1228 ut
1224 1171 1551 1248 rejiciendis
1585 1171 1700 1230 illis
1729 1170 1975 1249 majores
2001 1169 2126 1227 aliae
2155 1179 2452 1246 parentur,
2480 1164 2570 1222 bis

531 1266 908 1344 suscipiendis
940 1267 1205 1327 duriores
1239 1254 1612 1327 declinentur.
1639 1271 1730 1325 Ita
1755 1272 2115 1345 Torquatum
2137 1306 2154 1335 ‚
2181 1284 2361 1341 quum
2387 1261 2573 1321 filium

527 1377 713 1421 morte
738 1364 1009 1422 multaret
1028 1408 1045 1436 ,
1074 1365 1242 1422 saluti
1270 1365 1482 1423 civium
1511 1364 1901 1442 prospexisse,
1925 1363 2027 1441 qui
2055 1358 2439 1428 intellexerit,
2461 1358 2573 1416 hac

524 1479 687 1519 suam
715 1480 949 1538 quoque
977 1462 1279 1520 contineri.
1306 1466 1500 1539 Atque
1528 1462 1606 1520 ita
1630 1461 1867 1518 omnino
1898 1460 2052 1518 viros
2074 1459 2260 1516 claros
2281 1458 2572 1533 fortesque
2611 1500 2618 1505 .

526 1557 745 1625 fecisse,
774 1570 856 1625 ut,
888 1554 1283 1635 voluptatibus
1309 1557 1602 1635 neglectis,
1630 1556 1770 1614 alias
1795 1554 2041 1632 majores
2065 1563 2573 1630 consequerentur,

522 1651 871 1729 doloresque
897 1654 1230 1731 exciperent
1263 1653 1531 1724 leviores,
1572 1650 1908 1709 durioribus
1938 1647 2216 1715 vitandiS,
2263 1655 2295 1721 5
2320 1647 2572 1719 32-37,

522 1749 637 1807 Sed
666 1750 737 1807 ad
763 1768 1021 1807 errorem
1049 1750 1450 1826 imperitorum
1482 1747 1801 1806 tollendum
1825 1746 1939 1805 hoc
1967 1745 2231 1824 inprimis
2259 1744 2467 1815 facere,
2491 1758 2574 1814 ut,

522 1864 653 1923 quae
677 1846 981 1923 qualisque
1015 1847 1280 1924 voluptas
1310 1845 1432 1923 ipsa
1464 1845 1573 1915 sit,
1602 1856 1880 1903 teneatur.
1907 1848 2040 1901 Non
2068 1842 2221 1899 enim
2248 1859 2374 1898 eam
2396 1841 2573 1897 solam

521 1941 880 2020 voluptatem
921 1941 1246 2000 habendam
1288 1962 1440 2011 esse,
1472 1961 1602 2019 quae
1645 1961 1844 1998 sensus
1890 1940 2146 1998 suaviter
2187 1938 2429 2009 afficiat,
2470 1936 2572 1993 sed

521 2056 647 2115 eam
670 2042 973 2098 maximam
997 2038 1396 2116 judicandam,
1422 2060 1549 2118 quae
1580 2038 1717 2097 insit
1739 2039 1797 2094 in
1827 2036 2047 2095 doloris
2080 2035 2268 2093 omnis
2294 2032 2571 2093 absentia.

524 2138 717 2207 Quum
746 2157 887 2194 vero
915 2152 1181 2214 expertes
1220 2137 1437 2196 doloris
1455 2179 1471 2205 ‚
1501 2137 1786 2213 vacuique
1814 2136 1971 2192 omni
2003 2134 2295 2205 molestia,
2319 2131 2575 2209 gaudea-

525 2250 682 2301 mus,
700 2249 869 2289 omne
883 2247 1073 2290 autem
1094 2233 1366 2309 gaudium
1401 2234 1667 2310 voluptas
1695 2232 1802 2289 sit:
1833 2245 1987 2289 recte
2010 2231 2148 2288 hinc
2170 2230 2325 2287 illam
2356 2228 2575 2286 doloris

525 2328 870 2385 vacuitatem
924 2328 1272 2406 appellatam
1330 2347 1451 2386 esse
1504 2329 1890 2405 voluptatem,
1959 2347 2203 2405 eamque
2255 2344 2573 2394 summam3

521 2436 641 2482 tum
685 2426 835 2484 enim
866 2423 1079 2484 variari
1124 2425 1299 2484 modo
1336 2445 1504 2504 posse
1536 2426 1920 2503 voluptatem,
1974 2425 2171 2502 augeri
2213 2444 2332 2482 non
2366 2442 2574 2502 posse,

520 2527 550 2593 S
580 2523 833 2594 37—40-

598 2624 714 2678 Eos
745 2620 951 2697 igitur,
979 2621 1081 2698 qui
1110 2634 1314 2679 contra
1344 2633 1611 2679 naturam
1646 2639 1929 2679 summum
1960 2618 2179 2677 bonum
2207 2618 2329 2677 sola
2360 2617 2419 2675 in
2449 2618 2573 2674 vir-

523 2727 643 2772 tute
687 2728 943 2792 ponant,
992 2717 1280 2789 maxim0‚
1323 2717 1371 2774 si
1417 2718 1733 2794 Epicurum
1766 2714 2041 2801 audiant,
2094 2713 2330 2773 liberari
2374 2734 2572 2772 errore

518 2829 703 2887 posse.
734 2811 988 2867 Virtutes
1023 2813 1176 2869 enim
1205 2814 1332 2870 illas
1360 2833 1591 2883 omnes,
1625 2832 1768 2889 quas
1812 2824 2113 2889 tantopere
2152 2810 2472 2879 celebrent,
2499 2831 2572 2868 ex

516 2924 590 2962 eo
617 2906 778 2982 ipsc,
811 2904 968 2981 quod
996 2907 1351 2984 voluptatem
1381 2908 1666 2975 efficiant,
1703 2905 2018 2965 laudabiles
2055 2926 2178 2964 esse
2205 2919 2264 2963 et
2293 2918 2573 2983 expeten-

518 2999 637 3057 das.
673 3002 1031 3074 Sapientiam
1060 3001 1240 3073 enim,
1278 3022 1409 3079 quae
1457 3023 1550 3061 ars
1598 3004 1673 3060 sit
1703 3002 1967 3072 vivendi,
2010 3015 2076 3058 ut
2126 3013 2279 3057 artes
2319 3011 2570 3070 ceteras,

434 3134 439 3143 ·
514 3096 652 3154 inde
676 3116 798 3154 esse
820 3095 1199 3173 expetendam
1218 3142 1235 3169 ,
1261 3098 1417 3175 quod
1448 3099 1807 3177 voluptatem
1837 3098 2144 3174 conquirat
2171 3108 2229 3154 et
2254 3110 2570 3175 comparet,

517 3207 928 3270 removeatque
953 3213 1025 3251 ex
1048 3195 1250 3252 animis
1287 3209 1558 3265 terroreS,
1579 3196 1921 3273 cupiditates
1945 3200 2215 3272 (quarum
2244 3194 2470 3272 egregia
2498 3195 2572 3253 sit

519 3290 730 3369 triplex
753 3291 851 3348 illa
869 3290 1108 3369 Epicuri
1123 3292 1405 3371 partitio),
1429 3291 1713 3369 falsasque
1728 3291 2049 3368 opiniones.
2070 3296 2202 3350 Non
2219 3305 2375 3349 recte
2394 3292 2573 3369 igitur

514 3408 642 3445 eam
661 3401 905 3466 propter
930 3402 1111 3446 semet
1141 3389 1323 3466 ipsam
1356 3388 1584 3466 expeti,
1622 3395 1652 3461 ς
1695 3397 1947 3461 42—:47-
1990 3389 2212 3448 Eodem
2241 3388 2417 3447 modo
2446 3409 2571 3448 esse

516 3485 607 3542 vel
630 3489 1063 3561 temperantiam
1090 3505 1210 3543 non
1230 3499 1475 3565 propter
1496 3505 1581 3555 se,
1602 3482 1702 3545 sed
1719 3487 1855 3564 quia
1877 3505 2076 3564 pacem
2102 3500 2160 3545 et
2178 3486 2570 3564 tranquillita-

514 3595 629 3641 tem
672 3582 877 3640 animis
908 3584 1207 3655 conciliet,
1252 3583 1654 3662 expetendam.
1701 3588 1864 3644 Hanc
1907 3585 2085 3657 enim,
2121 3584 2345 3643 ratione
2388 3583 2568 3657 duce,

513 3700 630 3737 non
656 3680 844 3738 solum
862 3679 1158 3758 judicare,
1190 3680 1330 3758 quid
1362 3681 1719 3755 faciendum,
1747 3680 2120 3740 vitandumve
2153 3682 2262 3752 sit;
2295 3680 2397 3739 sed
2429 3701 2565 3760 per-

510 3790 662 3836 stare
712 3778 884 3836 etiam
932 3779 990 3837 in
1030 3779 1293 3857 judicato
1328 3778 1586 3839 debere:
1625 3779 1786 3858 quod
1834 3779 1946 3857 qui·
1981 3779 2331 3857 neglexerit,
2371 3778 2559 3848 bunc,

508 3873 705 3933 oblata
726 3876 918 3952 specie
948 3875 1211 3935 utilitatis
1230 3916 1246 3945 ,
1273 3875 1614 3936 libidinibus
1645 3876 2024 3937 constrictum
2051 3877 2315 3935 maximis
2342 3874 2566 3934 dolori-

511 3970 619 4028 bus
644 3971 1034 4050 improvidum
1063 3986 1292 4051 patere;
1337 3972 1716 4052 doloremque
1750 3986 1869 4032 tum
1903 3976 2131 4053 fugere,
2168 3993 2346 4050 quum
2381 3972 2563 4048 major

512 4088 583 4125 ex
608 4089 678 4126 eo
711 4070 978 4148 voluptas
1006 4083 1337 4141 enascatur,
1369 4071 1781 4148 gravioresque
1815 4069 2047 4130 dolores
2078 4071 2282 4129 evitari
2315 4068 2559 4148 possint,

523 4164 558 4239 §
618 4172 866 4242 47—49.
943 4171 1064 4226 Nec
1106 4167 1274 4224 aliam
1334 4186 1455 4226 esse
1495 4169 1869 4241 fortitudinis·
1931 4167 2214 4226 rationem
2270 4188 2282 4221 :
2343 4163 2559 4242 quippe
