3217 4784
528 742 594 777 20

629 372 764 445 568
1284 379 1379 444 Μ.
1433 380 1506 444 Τ.
1562 376 2042 446 CICERONIS

624 521 774 567 non
811 495 1201 568 dolendum
1224 550 1243 582 ,
1275 512 1398 567 aut
1437 496 1525 567 ad
1554 501 1786 597 prima
1825 496 1944 567 iiia
1979 492 2374 566 secundum
2413 506 2772 562 naturam

606 605 1038 705 obtinenda.
1066 620 1073 629 ·

726 717 1083 813 Expositis
1111 716 1261 808 jam
1287 719 1503 812 igitur
1525 706 1584 761 ¹⁵
1615 743 1737 789 sex
1779 715 1869 787 de
1901 738 2182 786 summo
2219 711 2416 783 hono
2454 725 2769 781 senten-

629 828 780 910 tiis,
815 826 1032 895 trium
1063 826 1548 921 proximarum
1584 827 1658 897 hi
1702 827 2063 923 principes
2093 849 2107 891 :
2140 821 2561 918 voluptatis,
2600 821 2764 890 Ari-

633 937 947 1032 stipp.us;
975 958 1124 1004 non
1151 932 1439 1006 dolendi
1466 990 1486 1023 ‚
1516 940 2031 1031 Hieronymu53
2057 929 2343 1004 fruendi
2372 928 2592 1001 rebus
2625 930 2712 999 iis
2731 984 2760 1012 ‚

633 1063 812 1140 quas
847 1043 1113 1140 primas
1159 1044 1557 1115 secundum
1608 1058 1938 1115 naturam
1997 1066 2150 1114 esse
2197 1039 2543 1125 diximus,
2586 1043 2766 1109 Car-2

596 1196 601 1201 -
634 1150 918 1237 neadeS,
943 1176 1089 1223 non
1105 1152 1224 1224 ille
1238 1153 1531 1250 quidem
1553 1169 1830 1238 auctor,
1852 1150 1976 1223 sed
1995 1149 2329 1223 defensor
2352 1144 2762 1219 disserendi

636 1285 844 1332 causa
878 1259 1033 1332 fuit.
1080 1266 1497 1360 Superiores
1542 1280 1684 1335 tres
1727 1277 1932 1334 erant
1958 1317 1977 1349 ‚
2021 1285 2181 1358 quae
2225 1283 2378 1330 esse
2413 1271 2758 1355 possent:

637 1395 942 1467 quarum
984 1386 1091 1442 est
1141 1397 1285 1444 una
1333 1373 1485 1445 sola
1534 1368 1936 1459 defensam,
1995 1392 2222 1475 eaque
2265 1366 2756 1461 vehementer.

632 1484 813 1551 Nam
862 1481 1250 1579 voluptatis
1299 1507 1509 1555 causa
1563 1482 1795 1555 facere
1842 1482 2124 1568 omnia,
2158 1502 2431 1576 quum,
2478 1478 2764 1547 etiarnsi

633 1590 814 1660 nihil
846 1615 1395 1688 consequamur,
1437 1608 1675 1663 tamen
1696 1602 1755 1648 ι7
1784 1596 2020 1690 ipsum
2046 1587 2223 1660 iilud
2257 1586 2631 1659 consilium
2657 1587 2762 1662 ita

635 1697 977 1787 faciendi,
1011 1726 1143 1798 per
1173 1726 1248 1772 se
1285 1700 1807 1799 expetendum,
1840 1716 1914 1775 et
1950 1701 2371 1785 honestum,
2409 1710 2482 1775 et
2522 1694 2762 1765 solum

638 1808 911 1880 bonum
942 1814 1031 1881 sit
1056 1864 1076 1897 ‚
1107 1835 1322 1882 nemo
1345 1811 1538 1882 dicit.
1585 1816 1692 1885 Ne
1722 1814 2132 1883 vitationem
2166 1808 2463 1906 quidem
2488 1803 2768 1875 doloris

638 1918 868 2014 ipsam
905 1942 1035 2016 per
1077 1944 1151 1990 se
1188 1921 1573 2016 quisquam
1617 1923 1693 1991 in
1729 1920 1947 2001 rebus
1987 1916 2406 2016 expetendis
2440 1916 2766 2014 putavit,

642 2050 735 2097 ne
761 2028 818 2097 si
857 2029 1069 2123 etiagn
1091 2028 1367 2099 'evitare
1401 2025 1739 2126 possetffi.
1772 2036 1861 2101 At
1888 2056 2058 2101 vero
2094 2027 2329 2099 facere
2372 2027 2647 2110 omnia,
2679 2039 2766 2094 ut

641 2218 969 2281 Augustinus,
1011 2218 1293 2282 primigenia
1335 2219 1655 2269 nominaban-

1745 2222 1845 2269 rius
1863 2220 1959 2268 boe
1977 2218 2032 2267 fit
2052 2217 2083 2284 S
2106 2232 2205 2267 ao:
2229 2238 2251 2260 ι
2278 2216 2373 2265 Sed
2393 2216 2542 2280 igitur
2556 2214 2633 2263 he
2648 2225 2768 2263 sunt

644 2307 741 2357 tur.
766 2296 924 2343 Varro
951 2305 1110 2345 sutem
1134 2297 1331 2363 longius
1356 2298 1444 2348 ins
1466 2300 1660 2364 produ·

1747 2300 1987 2363 simplices
2023 2335 2036 2345 .
2060 2333 2074 2347 .
2099 2336 2110 2349 .
2141 2297 2393 2345 sententia
2410 2317 2451 2345 ι.

645 2374 786 2423 cubat
823 2377 1098 2425 sententias.
1125 2375 1228 2426 Aut
1250 2380 1380 2427 enim
1414 2395 1563 2443 quum
1598 2378 1662 2427 sd

645 2453 947 2517 voluptatem
985 2455 1172 2506 aceedit
1216 2457 1394 2517 virtus,
1434 2459 1499 2506 its
1526 2474 1663 2507 soce·

649 2531 763 2577 dere
803 2540 995 2594 potest,
1026 2543 1083 2579 ut
1117 2535 1431 2597 preferatur,
1483 2547 1567 2584 snt
1609 2549 1665 2586 nt

648 2617 994 2673 postponatur,
1028 2621 1115 2658 sut
1140 2621 1194 2658 ut
1220 2612 1386 2671 juncta
1413 2626 1663 2678 aequetnr:

650 2689 718 2734 its
754 2697 851 2734 tres
878 2687 1111 2735 assistent
1148 2692 1414 2739 sententiae.
1433 2695 1665 2742 Praeterea

652 2783 717 2814 ex
741 2765 1052 2827 adjunctione
1078 2767 1297 2828 ejusdem
1333 2770 1524 2817 vittatis
1555 2787 1667 2819 cum

653 2843 953 2909 primigeniis
967 2844 1062 2893 iilis
1089 2846 1195 2894 sliae
1218 2857 1345 2895 tres:
1369 2860 1415 2896 et
1434 2848 1474 2894 si
1498 2849 1667 2896 confe-

654 2935 788 2972 ratur
805 2940 1001 2989 quoqne
1022 2941 1135 2973 cum
1158 2927 1355 2991 Epicuri
1378 2927 1634 2991 voluptate
1652 2963 1669 2988 ,

656 3014 753 3052 tres
771 3004 968 3069 insuper
987 3016 1230 3069 emergent
1252 3021 1266 3054 ε
1292 3022 1402 3070 quae
1422 3022 1589 3054 omnes
1616 3007 1669 3054 in

657 3081 1007 3131 duodenarium
1036 3101 1285 3135 numerum
1328 3087 1668 3134 sententiarum

657 3174 939 3210 excurrunt.
977 3164 1148 3212 Cicero
1179 3180 1258 3212 oss
1296 3175 1543 3213 enumerat
1569 3180 1672 3213 non

659 3255 766 3301 quae
780 3256 881 3288 esse
897 3253 1159 3304 potnerunt
1171 3278 1187 3303 ‚
1207 3243 1343 3306 quod
1357 3244 1513 3291 Vari-o
1528 3244 1670 3291 facit:

660 3316 743 3363 sed
763 3319 1047 3381 simpliciter
1064 3336 1173 3382 quoe
1193 3321 1386 3368 suerunt
1402 3355 1417 3377 ,
1454 3321 1676 3368 defenso-

660 3409 829 3457 resque
846 3397 1132 3445 invenerunt
1154 3399 1283 3446 inter
1301 3398 1503 3459 alicujus
1521 3399 1676 3447 nomi-

660 3472 738 3517 nis
762 3473 1098 3537 philosophos.
1125 3476 1324 3523 Moru..
1345 3503 1413 3512 —
1428 3475 1674 3543 Referunt.

662 3553 749 3613 Sp.
766 3552 867 3599 Eri.
889 3552 1019 3600 Gud.
1046 3570 1091 3615 r,
1116 3555 1223 3601 Bas.
1244 3570 1355 3601 oum
1372 3556 1494 3604 Ven.
1520 3564 1676 3617 1494,

664 3628 870 3691 referent
883 3662 897 3685 ,
916 3631 1049 3680 Gud.
1067 3648 1094 3680 α
1112 3645 1162 3681 et
1178 3636 1233 3682 E.
1254 3632 1503 3690 referrent.
1529 3638 1677 3681 Futu-

664 3724 770 3754 rum
805 3707 855 3755 h.
880 3708 914 3754 Ι.
941 3709 1130 3758 admitti
1156 3713 1237 3760 vix
1283 3724 1445 3777 potest
1467 3729 1479 3761 ε
1504 3713 1678 3760 mirum

666 3797 845 3842 tamen,
871 3786 998 3833 unde
1021 3787 1125 3835 hoec
1146 3792 1365 3839 varietas.
1388 3793 1450 3839 G.

741 3880 757 3909 1
772 3864 821 3912 5.
852 3864 1097 3927 Expositis
1119 3864 1232 3929 jam
1267 3868 1429 3930 igitur.
1457 3870 1680 3931 Quatuor

664 3942 820 3990 nostri
846 3953 895 3991 et
921 3944 1049 3991 Crat.
1077 3943 1367 4008 igitur-jam.
1394 3949 1459 3994 At
1479 3948 1680 3995 Oxonn.

666 4024 726 4069 V.
752 4021 902 4084 igitur
917 4023 1106 4085 ignorat
1128 4023 1292 4087 :quod
1316 4024 1473 4088 placet
1488 4059 1504 4081 ,
1529 4041 1679 4088 quum

666 4111 836 4147 auctor
862 4100 1078 4149 nondum
1107 4102 1248 4166 piene.
1288 4102 1502 4166 colligat.
1547 4104 1678 4150 Inse-

1826 2379 1907 2427 16.
1933 2381 2044 2425 Una
2057 2376 2163 2424 sola
2181 2372 2529 2440 definsassola
2540 2372 2768 2421 nesciunt

1749 2458 1896 2506 Mars.
1916 2458 2045 2506 Crst.
2069 2471 2181 2504 cnm
2213 2454 2318 2503 aliis
2344 2469 2358 2502 :
2384 2452 2468 2501 sed
2494 2450 2769 2499 defenditur

1750 2552 1812 2584 ex
1837 2535 2113 2600 graecismo,
2146 2523 2208 2592 εἷς
2234 2531 2385 2600 μόνος.
2413 2532 2490 2581 cf.
2519 2532 2683 2579 Suara.
2701 2529 2764 2576 sd

1750 2613 1958 2663 anseil.
1994 2631 2047 2677 p.
2085 2612 2209 2675 926.
2251 2615 2314 2661 G.

1831 2709 1910 2752 ¹7·
1965 2694 2122 2756 Quum
2176 2723 2191 2738 .
2212 2727 2224 2740 .
2248 2726 2262 2740 .
2305 2701 2480 2737 samen.
2523 2690 2765 2749 Deceptus

1753 2771 1918 2819 Davis.
1929 2785 2078 2834 quum
2093 2770 2262 2825 harum
2286 2768 2627 2833 particularum
2647 2763 2772 2813 tels-

1755 2849 1937 2897 tionem
1963 2864 2066 2896 non
2089 2848 2306 2904 videret,
2350 2863 2414 2894 ex
2455 2862 2550 2909 qus
2587 2858 2729 2909 quum
2749 2878 2764 2897 ,

1756 2927 1868 2975 licet
1907 2927 2067 2984 valet,
2113 2927 2258 2988 hujus
2301 2924 2410 2973 vice
2447 2937 2502 2972 ut
2536 2923 2727 2984 corrigit
2750 2954 2766 2978 ,

1756 3021 1905 3069 quum
1929 3008 2124 3071 potins,
2156 3006 2198 3052 si
2225 3020 2350 3070 opus
2367 3014 2493 3052 esset
2509 3036 2526 3061 ‚
2558 3016 2651 3065 quo
2667 3013 2767 3047 sus-

1758 3084 1972 3132 dendum
1994 3086 2182 3132 fuisset.
2203 3084 2267 3130 G.

1836 3178 1855 3209 1
1867 3164 1914 3211 8.
1937 3164 2013 3210 Ne
2032 3163 2078 3210 si
2093 3162 2238 3209 etiam
2266 3160 2444 3209 evitare
2458 3169 2642 3224 possse.
2659 3159 2775 3205 Em.

1760 3241 2099 3304 corrigendum
2118 3239 2291 3288 evitari
2300 3249 2440 3305 putat
2459 3237 2773 3303 :propensior

1759 3330 1920 3367 tamen
1973 3321 2024 3366 iu
2060 3318 2318 3367 lectionem
2360 3319 2550 3366 evenire
2572 3350 2587 3375 ‚
2632 3330 2772 3380 qnam

1760 3396 1962 3444 Eliensis
1987 3396 2172 3460 praebet
2189 3431 2204 3453 ,
2241 3408 2482 3460 receptam
2511 3411 2540 3443 s
2563 3393 2775 3443 Davisio.

1760 3478 1831 3523 At
1857 3475 1978 3523 nibil
2005 3475 2226 3538 frigidius
2256 3475 2310 3523 h.
2345 3473 2383 3523 l.
2423 3491 2567 3538 quam
2597 3470 2779 3520 evenire

1765 3553 1966 3602 dixeris.
2000 3554 2269 3617 Vuigstum
2303 3552 2443 3601 facile
2477 3553 2545 3600 its
2572 3551 2696 3599 tueri
2723 3550 2780 3597 li-

1766 3643 1869 3680 ceat
1881 3666 1895 3687 .
1916 3643 1969 3679 ut
1986 3648 2048 3679 ex
2066 3632 2327 3696 quisquam
2339 3667 2354 3688 ,
2370 3630 2503 3694 quod
2522 3627 2779 3692 precedit,

1768 3709 1947 3774 aliquis
1971 3711 2178 3773 cogites,
2215 3725 2362 3773 quum
2388 3708 2481 3755 hoe
2510 3720 2778 3769 pronomen

1767 3787 1899 3837 haud
1928 3805 2036 3837 raro
2059 3788 2122 3837 ad
2140 3806 2187 3838 v.
2207 3804 2354 3852 posse
2370 3785 2679 3848 intelligatur.
2702 3783 2778 3832 cf.

1768 3884 1913 3932 supra
1940 3870 2020 3924 11,
2056 3884 2103 3929 7,
2133 3884 2218 3915 αα.
2245 3866 2338 3916 Sed
2361 3863 2661 3926 suspicamur
2679 3898 2695 3922 ‚
2733 3873 2779 3909 et

1769 3947 1943 3994 evitare
1961 3983 1975 4007 ,
2005 3959 2054 3994 et
2094 3944 2310 3997 multe,
2354 3958 2413 3989 ex
2441 3941 2599 4003 glossa
2620 3956 2778 3987 ncces·

1768 4027 1913 4086 sisse,
1955 4041 2105 4089 quum
2141 4038 2329 4070 sensum
2362 4020 2571 4086 probum
2602 4018 2782 4067 librarii

1767 4104 1897 4151 hunc.
1918 4119 2016 4150 non
2042 4102 2283 4162 viderent,
2307 4121 2332 4142 ιι
2355 4116 2417 4148 ne
2438 4111 2539 4148 tum
2560 4097 2782 4163 quidem,
