3217 4784
701 462 792 533 70

1367 439 1464 504 M.
1515 439 1589 504 T.
1645 439 2131 525 c1CERoN1s

696 557 819 630 sed
865 559 1034 654 quia
1075 568 1624 649 consequuntur
1684 557 1920 652 magni
1972 554 2258 627 dolores
2308 578 2468 643 εοε,
2507 558 2635 651 qui
2688 579 2801 624 ra-

700 670 897 738 tione
935 664 1370 762 voluptatem
1409 667 1613 760 sequi
1642 666 1972 736 nesciunt
1987 669 2039 734 4.
2073 669 2322 762 Neque
2367 689 2583 763 porro
2611 666 2802 762 quis-

696 799 916 872 quam
955 778 1100 859 θεῖ,
1138 774 1264 872 qui
1308 772 1632 844 dolorem
1669 775 1938 871 ipsum,
1977 779 2145 870 quia
2183 774 2392 845 dolor
2435 777 2546 855 sit,
2575 787 2798 859 amet,

696 898 1169 971 consectetur,
1224 881 1517 980 adipisci
1577 883 1790 970 velit3
1844 882 1965 955 sed
2028 888 2194 980 quia
2249 908 2798 980 nonnumquam

692 991 1049 1087 ejusmodi
1093 1007 1416 1090 tempora
1442 991 1809 1080 incidunt,
1837 1007 1920 1063 ut
1956 992 2202 1065 labore
2242 1010 2313 1065 ct
2352 993 2600 1065 dolore
2645 1018 2795 1063 ma·

689 1125 902 1197 gnam
922 1102 1229 1199 aliquam
1255 1115 1527 1199 quaerat
1540 1101 2008 1198 voluptatem.
2037 1106 2137 1174 Ut
2163 1104 2355 1173 enim
2382 1101 2470 1173 ad
2503 1104 2797 1173 minima

686 1213 968 1283 veniam
991 1266 1010 1299 ‚
1046 1214 1206 1308 quis
1236 1225 1563 1281 nostrum
1597 1213 2177 1282 exercitationem
2219 1211 2435 1282 ullam
2474 1211 2796 1309 corporis

688 1325 982 1419 suscipit
1025 1321 1493 1409 laboriosam,
1529 1321 1665 1390 nisi
1711 1334 1794 1390 ut
1836 1320 2107 1418 aliquid
2157 1348 2248 1393 ex
2296 1348 2378 1393 ea
2434 1320 2794 1393 commodi

687 1445 1185 1528 consequatur.
1225 1432 1403 1521 Quis
1427 1444 1668 1501 autem
1691 1429 1802 1499 vel
1824 1455 1988 1501 eum
2013 1434 2177 1526 jure
2209 1431 2788 1530 reprehenderit,

687 1542 813 1637 qui
852 1542 927 1611 in
975 1565 1057 1612 ea
1094 1540 1462 1638 voluptate
1508 1538 1682 1610 velit
1726 1562 1916 1625 esse,
1957 1564 2174 1636 quam
2202 1618 2206 1627 Δ
2231 1539 2412 1610 nihil
2453 1538 2794 1609 molestiae

685 1648 1229 1748 consequatur⁵,
1254 1649 1366 1720 vel
1391 1648 1618 1733 illum,
1657 1649 1784 1745 qui
1811 1648 2137 1720 dolorem
2171 1670 2334 1720 eum
2368 1647 2617 1744 fugiat,
2642 1671 2792 1743 quo

582 1769 648 1824 33
681 1760 1011 1857 voluptas
1059 1759 1257 1830 nulla
1305 1756 1671 1855 pariatur?
1702 1761 1794 1828 At
1833 1782 2006 1829 vero
2058 1782 2179 1829 eos
2224 1772 2294 1829 et
2338 1780 2791 1843 accusamuS,

684 1884 756 1940 et
813 1871 1013 1964 justo
1058 1866 1226 1938 odio
1276 1867 1726 1963 dignissimos
1778 1864 2158 1938 ducimus⁶
2183 1921 2203 1955 ‚
2241 1868 2369 1964 qui
2430 1863 2791 1937 blanditiis

686 2101 943 2164 idquenon
956 2109 1055 2147 tam
1068 2132 1086 2156 ,
1118 2098 1252 2164 quod
1272 2098 1341 2146 sic
1361 2107 1391 2155 4
1412 2098 1533 2157 mei,
1548 2111 1693 2160 quam

687 2195 751 2226 ex
776 2178 872 2226 loci
903 2177 1171 2238 sententia3
1213 2194 1364 2241 quum
1413 2177 1543 2226 dicat
1588 2175 1693 2223 haec

683 2258 783 2318 jam
809 2254 1034 2304 dubitans
1053 2256 1262 2306 Atticus.
1292 2260 1426 2306 Orat.
1447 2257 1538 2315 54,
1560 2257 1684 2303 180:

685 2334 1008 2398 nquibusdam
1031 2337 1159 2384 euim
1185 2352 1286 2384 non
1312 2337 1506 2385 videtur
1531 2355 1542 2382 =
1580 2334 1693 2398 quia

687 2411 809 2459 nihil
836 2413 948 2460 insit
971 2413 1023 2461 in
1047 2430 1102 2463 ea
1127 2415 1247 2462 certi
1264 2437 1306 2464 n.
1333 2416 1433 2463 Off.
1453 2416 1510 2473 1,
1550 2432 1575 2475 '7
1597 2448 1614 2471 ο
1643 2421 1694 2469 4:

686 2492 963 2555 «Eano,
1003 2494 1115 2557 quia
1149 2510 1288 2542 suum
1323 2496 1556 2558 cujusque
1593 2492 1694 2551 sit,

688 2580 781 2618 etc.
799 2592 824 2612 ι·
851 2582 977 2619 reete
1002 2589 1094 2637 pro
1115 2572 1189 2639 fit
1218 2575 1371 2621 Heus.
1411 2571 1695 2638 Not-vimus

687 2648 790 2695 haec
808 2648 871 2696 ad
889 2648 1050 2697 locum
1069 2684 1086 2710 ,
1105 2651 1159 2698 in
1175 2666 1315 2713 quem
1338 2665 1535 2713 prorsus
1551 2646 1694 2695 dubi-

691 2726 811 2773 tatio
846 2741 951 2773 non
988 2726 1117 2774 cadit
1131 2760 1147 2786 ,
1172 2743 1323 2791 quum
1346 2727 1398 2774 in
1415 2725 1693 2787 hujusmodi

688 2801 1024 2864 subjunctivoa
1048 2805 1319 2867 frequenter
1338 2812 1578 2869 peccetur.
1593 2805 1655 2851 G.

757 2890 809 2938 4.
861 2882 956 2945 Qui
993 2882 1185 2931 ratione
1222 2883 1521 2948 mluptatem
1554 2882 1695 2946 sequi

684 2960 915 3009 nesciunt.
942 2964 1140 3010 Vertere
1166 2961 1282 3010 licet
1299 2996 1315 3023 ‚
1342 2960 1555 3025 aufee‘ne
1574 2978 1691 3010 ver-

684 3037 905 3105 m'infie'ge
952 3040 1141 3103 Weise,
1179 3041 1250 3089 sic
1285 3050 1342 3088 ut
1378 3056 1535 3105 greco
1561 3042 1690 3112 λόγῳ

684 3117 984 3181 respondeat.
1034 3119 1129 3167 Sed
1182 3119 1536 3183 ambiguitatem
1581 3121 1690 3184 quis

682 3209 786 3241 non
811 3192 977 3244 videt?
1003 3198 1240 3260 Equidem
1278 3198 1521 3263 vulgatam
1554 3199 1689 3248 labe-

685 3271 853 3319 factari
874 3274 991 3322 nolo
1021 3289 1035 3323 ε
1061 3276 1148 3324 sed
1173 3278 1298 3340 Spir.
1325 3288 1449 3326 recte
1466 3296 1488 3334 ,-
1531 3290 1581 3328 et
1598 3294 1689 3327 no·

683 3348 883 3396 tandum
906 3365 1017 3398 sane
1036 3363 1109 3400 est
1123 3386 1138 3410 ,
1162 3354 1348 3402 racione
1374 3366 1421 3404 et
1447 3370 1574 3406 reete
1597 3374 1688 3406 ιω-

682 3426 877 3491 pissime
897 3445 925 3476 a
940 3431 1114 3479 scribis
1130 3447 1193 3479 ex
1208 3449 1366 3498 comp.
1392 3423 1453 3482 νῖ
1480 3437 1689 3485 consun-

686 3502 755 3552 di.
775 3504 850 3555 cf.
880 3507 1030 3555 Rosc.
1058 3504 1251 3573 Am.39
1271 3545 1286 3570 ‚
1317 3520 1409 3567 114
1433 3515 1540 3568 ‚asi
1560 3522 1688 3560 recte

682 3580 832 3640 flata-3
856 3584 944 3632 ubi
965 3585 1130 3649 plures
1154 3588 1300 3638 codd.
1348 3590 1550 3637 ratione.
1591 3592 1687 3637 Pro

683 3660 853 3721 Quint.
879 3678 937 3723 17
956 3697 985 3723 ,,
1015 3665 1079 3719 54
1110 3678 1124 3712 :
1155 3686 1181 3707 ‹-
1215 3668 1438 3716 Profecto
1474 3668 1515 3714 si
1557 3679 1688 3716 recte

682 3748 884 3787 vestram
906 3741 1174 3790 bonitatem
1192 3779 1206 3793 .
1227 3778 1240 3790 .
1262 3780 1273 3791 .
1303 3746 1573 3810 cognovi»,
1599 3746 1688 3793 ubi

679 3816 795 3865 item
810 3818 909 3867 duo
922 3820 1019 3868 mei
1035 3819 1250 3881 ratione,
1274 3835 1364 3872 etc.
1381 3826 1548 3873 Priore
1574 3824 1686 3873 loco

678 3910 864 3959 nuper,
912 3898 1283 3961 suffragantibus
1308 3906 1466 3953 Graev.
1485 3914 1535 3953 et
1567 3905 1683 3954 Em.

676 3973 746 4022 sic
769 3987 1015 4040 receptum
1038 3989 1125 4026 est.
1149 3981 1207 4027 In
1234 3983 1496 4044 posteriore
1521 3994 1684 4047 aperte

675 4052 847 4101 falsum
876 4087 891 4109 ,
945 4065 999 4101 nt
1037 4055 1214 4118 saepius
1257 4061 1401 4110 codd.
1460 4067 1680 4113 tractanti

674 4129 925 4183 observare
943 4133 1070 4182 lieet.
1096 4134 1158 4181 G.

1853 2094 1903 2144 5.
1936 2097 2095 2159 Quam
2123 2093 2248 2145 nihil
2272 2095 2500 2144 molestie
2524 2112 2793 2162 consequa·

1782 2184 1875 2221 tur.
1906 2174 2061 2236 Quam
2080 2173 2205 2222 clare
2230 2175 2442 2223 referunt
2465 2175 2563 2223 Erl.
2586 2187 2636 2224 et
2664 2178 2791 2241 Spir-

1781 2256 1910 2301 Ante
1932 2254 2098 2302 Lamb.
2137 2270 2237 2319 qua
2269 2253 2528 2314 edebatur,
2566 2265 2623 2303 ut
2648 2256 2789 2305 etiam

1780 2332 1954 2396 reliqui
1974 2334 2066 2381 mei
2091 2328 2330 2397 nabent,
2348 2333 2486 2397 quod
2500 2350 2611 2382 cum
2624 2337 2788 2398 Wop-

1780 2408 1950 2458 kenaio
1992 2410 2213 2459 Matthia
2271 2426 2327 2474 p.
2376 2428 2465 2459 101
2487 2449 2503 2476 ‚
2555 2412 2788 2460 defendit.

1782 2487 1878 2536 Sed
1901 2487 2094 2535 videtur
2118 2487 2261 2551 plane
2275 2480 2525 2539 aliudesse
2538 2525 2553 2549 ,
2565 2512 2590 2532 αι
2607 2492 2658 2536 in
2676 2506 2788 2537 cau-

1782 2579 1859 2623 sa,
1883 2568 2146 2625 sententia,
2170 2582 2304 2625 esse,
2349 2584 2472 2631 qua,
2514 2580 2651 2619 etc.»
2693 2584 2786 2632 pro

1781 2664 1808 2685 οι
1828 2642 1878 2690 in
1906 2659 1999 2707 qua
2017 2665 2039 2687 ιι
2056 2680 2073 2706 ,
2091 2655 2140 2693 et
2157 2666 2183 2686 κ
2203 2645 2255 2692 in
2274 2646 2523 2711 voluptate
2545 2663 2673 2705 esse,
2691 2663 2786 2711 qua

1789 2754 1803 2769 .
1818 2757 1829 2769 .
1843 2753 1858 2767 .
1887 2734 2206 2787 consequatur
2214 2745 2257 2774 ιι.
2277 2725 2402 2773 Nam
2419 2742 2585 2774 sensus
2602 2738 2787 2796 nonest

1781 2798 1842 2846 de
1861 2800 2132 2866 voluptate,
2162 2803 2212 2852 in
2235 2821 2330 2869 qua
2343 2839 2359 2864 ‚
2378 2804 2464 2853 sed
2480 2814 2784 2869 «postquam

1779 2878 1901 2926 nihil
1925 2880 2043 2931 mol.
2076 2898 2273 2949 conseq.
2292 2906 2318 2926 ι·
2340 2884 2511 2948 Neque
2544 2885 2785 2933 Bremium

1778 2957 1951 3017 audio,
1979 2960 2061 3023 qui
2097 2972 2154 3009 ut
2177 2962 2482 3011 instrumenti
2504 2961 2648 3012 ablat.
2681 2979 2784 3027 qua

1779 3034 1969 3085 defendi
1989 3054 2079 3103 pro
2105 3057 2196 3103 per
2216 3057 2368 3105 quam
2391 3056 2531 3105 posse
2553 3051 2710 3104 putat.
2731 3041 2783 3086 si

1776 3114 2057 3165 mordicitus
2113 3135 2215 3183 qua
2270 3118 2495 3168 retinebis
2510 3154 2524 3179 ,
2570 3119 2668 3169 abl.
2725 3136 2784 3170 ex

1777 3195 1954 3242 omisso
1982 3208 2182 3261 propter
2222 3197 2438 3245 derivare
2479 3197 2658 3246 licebit.
2705 3198 2783 3248 ef.

1775 3274 1991 3339 Legg.1‚
2020 3277 2120 3334 15,
2166 3275 2418 3335 4331bid.
2448 3278 2557 3339 111,
2588 3293 2644 3339 7,
2691 3279 2786 3337 153

1774 3351 1899 3399 adde
1924 3353 1976 3403 h.
2006 3353 2043 3401 l.
2069 3352 2102 3418 s
2124 3354 2341 3418 proxima
2373 3370 2386 3401 :
2417 3354 2501 3402 sed
2524 3357 2781 3420 sepissime

1773 3430 1996 3481 lineolam
2025 3449 2169 3497 super
2197 3418 2309 3496 qu:
2333 3430 2627 3481 obliteratam
2652 3434 2781 3482 vidi·

1774 3525 1896 3559 mus.
1919 3514 1979 3558 In
2005 3512 2260 3575 voluptate
2277 3521 2433 3559 autem
2459 3528 2558 3560 esse
2581 3528 2639 3562 ex
2666 3529 2781 3562 vero

1774 3590 2022 3652 graecismo
2048 3588 2251 3651 elicitum
2284 3590 2396 3639 vide
2410 3589 2474 3638 ad
2498 3591 2683 3640 Acadd.
2696 3594 2747 3639 11
2761 3627 2777 3650 ,

1775 3667 1868 3728 26,
1896 3668 1981 3716 83.
2005 3670 2066 3716 G.

1844 3747 1892 3793 6.
1928 3749 1992 3793 Ec
2021 3745 2063 3806 j.
2083 3744 2195 3792 odio
2227 3746 2522 3811 dtknissimos
2549 3748 2779 3797 ducimus.

1774 3825 1923 3872 Recte
1945 3822 2162 3872 defendit
2178 3825 2336 3873 Bremi
2347 3827 2477 3890 justo
2497 3845 2515 3875 .·
2530 3843 2639 3875 nam
2659 3827 2780 3874 mul-

1771 3912 1820 3950 ta
1846 3903 1972 3952 soret
1989 3904 2128 3950 etiam
2145 3906 2372 3953 coactius.
2381 3906 2475 3954 Sed
2486 3904 2778 3969 superfluum

1770 3982 1898 4045 justo
1921 3998 2028 4031 cum
2048 3981 2218 4030 eodem
2246 4000 2347 4032 non
2377 3984 2604 4042 dixerim,
2629 4001 2779 4047 quum

1767 4062 1864 4109 vim
1890 4060 2168 4125 superlativi
2200 4075 2396 4127 augeat.
2430 4064 2656 4112 Jeremias
2684 4067 2776 4113 Ju-

1768 4138 1888 4196 dex,
1916 4138 2000 4200 qui
2021 4139 2150 4186 hunc
2174 4140 2366 4199 locum,
2389 4158 2441 4207 p.
2469 4143 2773 4205 to7‚babct‚
