3217 4784
850 377 973 443 DE
1020 373 1196 443 FtN.
1242 375 1449 443 BON.
1498 377 1611 442 ET
1661 372 1880 441 MAL.
1933 372 2001 453 1,
2060 395 2166 439 ιι.

2475 394 2561 466 77

455 499 666 567 etiam
725 519 1076 567 summam
1131 495 1595 591 voluptatem.
1653 496 1999 588 Quisquis
2054 493 2245 563 enim
2310 494 2562 575 sentit,

451 605 1066 703 quemadmodum
1118 608 1211 676 sit
1255 603 1590 687 affectus,
1628 626 1798 675 eum
1845 625 2135 675 necesse
2171 615 2278 674 est
2318 615 2445 673 aut
2489 604 2562 671 in

452 714 817 811 voluptate
850 738 1002 786 esse
1025 766 1044 801 ,
1081 728 1204 785 aut
1240 715 1317 783 iu
1352 711 1626 784 dolore.
1695 713 2030 782 Omnis¹⁰
2066 726 2305 785 autem
2339 714 2564 808 priva·

453 827 648 895 tione
681 823 954 895 doloris
990 838 1198 921 putat
1236 824 1590 921 Epicurus
1633 824 2002 895 terminari
2048 846 2404 894 summam
2438 848 2567 892 vo-

452 933 797 1029 luptatem
837 958 855 1003 z
897 946 982 1002 ut
1019 947 1269 1029 postea
1306 933 1557 1005 variari
1603 933 1933 1029 voluptas
1955 940 2045 1020 ¹¹,
2071 930 2564 1028 distinguique

450 1044 711 1136 possit;
764 1042 1039 1136 augeri,
1082 1039 1648 1138 amplificarique
1699 1066 1852 1112 non
1906 1042 2152 1137 possit.
2208 1045 2301 1111 At
2350 1045 2564 1113 etiam
2611 1064 2675 1129 39

448 1149 744 1220 Athenis
773 1204 793 1230 ,
850 1164 934 1220 ut
984 1176 1025 1222 a
1083 1164 1285 1247 patre
1346 1149 1723 1221 audiebam
1748 1160 1830 1235 ¹²,
1879 1147 2105 1222 facete
2162 1166 2233 1222 et
2285 1149 2565 1222 urbane

446 1260 710 1330 stoicos
732 1252 1173 1346 irridente¹3‚
1193 1273 1424 1331 statua
1447 1273 1553 1330 est
1579 1262 1652 1329 iu
1677 1262 2049 1330 Ceramico
2067 1257 2156 1344 ¹⁴,
2185 1259 2571 1356 Chrysippi

449 1368 800 1454 sedentis,
839 1382 1165 1467 porrecta
1198 1392 1460 1439 manu:
1510 1392 1672 1467 quae
1697 1357 2029 1439 manus¹⁵
2063 1365 2460 1463 significet,
2491 1368 2568 1437 il-

446 1580 536 1617 est.
563 1568 643 1618 stc
663 1584 864 1635 prorsus
890 1569 1016 1618 nihil
1051 1584 1208 1618 cause
1243 1567 1433 1617 videbis
1449 1601 1464 1626 ‚

444 1663 532 1695 cur
556 1665 638 1697 vv.
676 1665 824 1712 quum
839 1648 943 1696 dol.
965 1664 1073 1697 car.
1100 1648 1286 1696 Davisii
1305 1663 1465 1696 exem-

443 1724 553 1790 plo,
577 1727 803 1776 cancellis
819 1725 1032 1773 additus.

525 1821 605 1855 ro.
642 1805 812 1854 Omnis
840 1838 853 1851 .
874 1838 888 1853 .
909 1836 923 1851 .
958 1803 1157 1852 doloris.
1184 1804 1264 1853 Sic
1288 1814 1417 1852 recte
1436 1819 1464 1850 ιι

442 1884 683 1933 lambino
708 1883 920 1950 primum
942 1882 1128 1931 editum
1150 1894 1221 1931 est
1236 1917 1251 1942 ,
1270 1883 1464 1948 scriptis

443 1963 667 2011 omnibns
701 1962 866 2022 omni,
919 1973 976 2011 nt
1001 1961 1189 2020 solent,
1215 1963 1462 2028 peccanti-

444 2038 553 2087 bus.
576 2040 636 2088 G.

519 2134 599 2165 ιι.
636 2120 700 2167 Ut
728 2130 900 2183 postea
930 2118 1126 2167 van'an'
1148 2119 1390 2184 voluptas.
1422 2123 1460 2169 1.

441 2213 485 2244 e.
513 2218 539 2237 ιι
574 2198 646 2243 Its
667 2228 684 2255 ,
710 2206 768 2243 ut
805 2198 847 2243 si
871 2196 953 2243 itl-
989 2196 1215 2261 voluptns
1243 2198 1308 2247 ad
1332 2198 1462 2247 hunc

440 2290 679 2322 summum
720 2273 920 2337 gradum
956 2275 1263 2339 pervenerit,
1286 2276 1464 2325 abinde

440 2369 541 2400 uon
565 2369 782 2401 crescere
813 2353 1052 2418 amplius,
1087 2352 1174 2400 sed
1216 2354 1464 2403 vsrimode

437 2430 565 2479 affici
593 2430 795 2496 (vulgus
828 2428 1099 2478 modificari
1124 2430 1270 2494 dicit)
1293 2465 1310 2492 ,
1343 2449 1461 2498 pos-

437 2509 499 2557 sit
517 2512 711 2560 ».-Eru.
735 2510 834 2558 hoc
853 2509 903 2557 in
925 2510 1094 2575 positu
1120 2509 1233 2558 alibi
1248 2523 1364 2575 pose
1380 2529 1457 2573 ea,

436 2587 671 2652 dirempta
700 2606 819 2637 voce
843 2589 1014 2638 scribit
1031 2623 1046 2647 ,
1070 2589 1141 2639 cf.
1179 2605 1273 2653 pro
1306 2591 1460 2640 Arch.
1528 2633 1535 2639 .

434 2664 488 2712 P.
514 2682 597 2725 ιο,
631 2668 696 2715 25
707 2701 723 2725 ‚
744 2668 881 2728 cnjus
900 2666 1122 2730 equidem
1142 2665 1459 2717 sufficientem

437 2759 632 2792 censam
660 2744 807 2793 video
836 2745 1034 2795 nullam.
1056 2744 1247 2795 Deinde
1260 2746 1462 2795 variari

438 2822 637 2870 verbnm
671 2822 875 2889 Epicuri
899 2823 1225 2876 ποικίλλισθαι
1258 2825 1456 2885 reddin

434 2901 499 2949 cf.
528 2898 682 2948 [ιρι-τ.
706 2904 774 2960 X,
795 2909 893 2958 144
914 2937 929 2961 ‚
951 2920 1058 2971 κυρ.
1078 2896 1185 2964 δοξ.
1206 2903 1456 2952 ΧΙΧ.ὒι’-

434 2979 619 3045 stingui
652 2980 993 3045 explicationis
1055 2997 1196 3029 cansa
1240 2981 1454 3032 additur.

436 3059 563 3108 Vide
585 3056 710 3107 infra
736 3062 816 3119 11,
844 3058 872 3105 3
895 3092 910 3118 ,
939 3072 1016 3105 ιο.
1042 3058 1103 3106 G.

514 3152 592 3184 12.
611 3138 718 3184 Uea
737 3146 885 3200 patre
904 3134 1186 3183 audiebam.
1209 3136 1343 3186 Goer.
1357 3154 1453 3187 scr.

433 3227 488 3263 uc
516 3233 545 3264 e
576 3226 721 3280 patre
755 3214 874 3262 aud.
907 3214 1017 3273 Sic,
1058 3213 1219 3277 inquit
1237 3247 1253 3273 ,
1281 3215 1453 3279 reponi

428 3294 667 3357 jubebant
692 3293 799 3366 Ed.
820 3293 949 3358 Spir.
975 3291 1110 3341 Gud.
1133 3308 1186 3350 α,
1200 3304 1249 3341 et
1266 3309 1329 3340 ex
1344 3292 1450 3341 edi-

434 3372 499 3420 tis
522 3372 655 3421 Crst.
677 3370 895 3435 aliaeque.
911 3373 1082 3418 Forma
1108 3369 1215 3417 haec
1238 3405 1252 3429 ,
1266 3386 1293 3417 e
1316 3372 1449 3421 Grae·

432 3450 505 3497 cis
532 3450 745 3509 unitata,
782 3451 973 3498 auctori
1000 3460 1074 3497 est
1094 3448 1357 3497 admodum
1380 3452 1450 3500 fit-

434 3526 652 3576 miliat-is.
677 3531 814 3577 Orat.
840 3532 911 3591 11,
948 3530 1010 3577 33
1035 3563 1050 3587 ,
1095 3537 1193 3586 144
1212 3541 1227 3593 ς
1249 3549 1271 3571 ι
1302 3546 1365 3579 ex
1387 3546 1447 3579 eo

431 3606 620 3667 audivi,
642 3624 793 3672 quum
814 3608 994 3654 diceret
1015 3628 1058 3655 υ.

510 3704 527 3733 ι
541 3690 592 3736 3.
622 3687 877 3736 Irridenoe.
925 3689 1062 3734 Goer.
1115 3684 1197 3733 det
1238 3686 1443 3736 ridente.

430 3768 502 3813 Ita
521 3800 537 3824 ‚
582 3766 741 3831 inquit
759 3800 774 3826 ‚
821 3782 931 3817 cum
997 3765 1123 3830 Spir.
1166 3766 1446 3829 scripsimus

433 3860 523 3908 pro
550 3845 749 3910 vulgato
777 3844 1025 3893 irn'dente.
1050 3844 1333 3894 Offenderat
1354 3861 1447 3893 nos

432 3922 567 3984 prius
590 3925 691 3985 jam
714 3926 1039 3988 compositum
1055 3958 1071 3983 ,
1110 3940 1260 3987 quum
1283 3923 1446 3988 plures

433 4002 662 4066 scriptos,
682 4015 959 4068 veteresque
976 4002 1162 4061 editos,
1181 4002 1443 4060 arridente,

433 4093 543 4127 cum
614 4082 806 4147 reliquis
858 4081 1036 4132 nostris
1058 4117 1076 4145 ,
1130 4091 1178 4130 et
1236 4091 1447 4146 quatuor

1550 1567 1752 1616 Oxonn.
1778 1578 1828 1617 et
1852 1577 1968 1617 vett.
1993 1567 2238 1631 impressis
2250 1583 2361 1614 cum
2382 1568 2569 1623 Marso.

1548 1645 1680 1694 Crat.
1708 1646 1951 1711 plerisque
1982 1644 2210 1693 omnibus
2246 1643 2472 1692 exhibere
2496 1647 2570 1691 vi-

1532 1722 1795 1785 ·deremus;
1829 1733 1877 1771 et
1915 1733 2166 1771 auctorem
2197 1737 2302 1770 non
2339 1732 2437 1769 tam
2475 1738 2568 1770 uo-

1547 1811 1699 1849 strum
1740 1801 2003 1849 ver-lachen
2020 1835 2037 1862 ,
2083 1815 2227 1864 quam
2277 1800 2397 1851 iiber
2418 1811 2570 1847 etwas

1544 1879 1773 1928 scherun
1793 1912 1810 1939 ‚
1832 1878 2040 1944 exprimi
2066 1878 2276 1926 voluisse
2301 1888 2567 1942 appareret.

1545 1961 1672 2008 Tum
1715 1969 1875 2006 sutem
1910 1959 2068 2005 n'dere
2104 1955 2287 2005 Latini.
2331 1956 2458 2003 Vide
2508 1957 2569 2003 de

1544 2038 1691 2087 Hirro
1718 2038 1805 2087 illo
1831 2040 1945 2087 Div.
1974 2039 2020 2084 11
2038 2070 2052 2093 ,
2091 2052 2173 2099 ep.
2204 2051 2263 2098 9,
2295 2058 2321 2077 ι-
2344 2046 2400 2083 ut
2425 2035 2568 2083 dede-

1544 2117 1612 2165 ris
1634 2116 1778 2165 nobis
1802 2152 1818 2166 .
1838 2151 1852 2164 .
1872 2151 1887 2164 .
1915 2131 2059 2180 quem
2078 2130 2267 2178 semper
2288 2114 2444 2162 ridere
2458 2132 2568 2179 pos-

1544 2211 1703 2243 semus
1728 2215 1772 2243 ⁸.
1801 2200 1966 2259 Atque
1982 2194 2048 2240 ita
2069 2208 2212 2257 saepe.
2232 2194 2404 2257 Neque
2428 2193 2564 2240 urba-

1547 2273 1711 2320 nimis
1735 2283 1808 2321 est.
1822 2272 2024 2320 irridere
2038 2290 2059 2330 ‚-
2080 2271 2164 2318 sed
2184 2270 2342 2318 ridere
2362 2272 2424 2320 ed
2441 2272 2566 2319 hanc

1547 2353 1745 2415 proprie
1783 2354 2012 2416 pertinet.
2056 2352 2233 2399 Causas
2278 2351 2429 2415 igitur
2465 2368 2565 2400 non

1545 2429 1676 2478 leves
1700 2432 1893 2495 sequuti
1914 2445 2104 2490 sumus,
2141 2445 2291 2493 quum
2313 2430 2380 2478 its
2408 2432 2565 2478 corri-

1546 2524 1789 2573 geremus.

1622 2596 1704 2643 τά.
1744 2585 2012 2636 Ceramico.
2039 2587 2153 2634 Duo
2179 2596 2317 2634 eraut
2338 2584 2436 2635 hoc
2463 2605 2563 2636 no·

1542 2666 1673 2714 mine
1697 2666 1795 2714 loci
1808 2664 2043 2714 Athenis:
2059 2663 2195 2724 alter,
2215 2664 2267 2710 in
2286 2681 2387 2728 qno
2407 2682 2562 2715 mere·

1543 2746 1685 2793 trices
1721 2743 2035 2804 habitabant3
2070 2742 2190 2791 aiter
2212 2743 2263 2790 ἰιι
2290 2743 2561 2801 suburbiis,

1540 2824 1629 2871 nbi
1700 2822 1894 2889 publica
1961 2824 2176 2887 impensa
2235 2820 2561 2871 humabantur

1538 2901 1671 2950 bello
1697 2902 1914 2950 defuncti
1940 2917 1955 2950 ε
1985 2899 2047 2948 de
2084 2916 2184 2964 quo
2218 2900 2382 2946 forsan
2409 2900 2562 2947 altero

1537 2974 1623 3029 hic
1650 2981 1831 3045 agitur.

1616 3059 1696 3107 15.
1726 3060 1852 3122 Quoe
1869 3070 2045 3102 manus
2064 3051 2303 3118 significet
2317 3083 2334 3110 ,
2353 3049 2486 3100 illum
2508 3053 2560 3102 in

1538 3135 1636 3184 Ιιαο
1653 3152 1750 3183 esse
1761 3131 2100 3198 rogatiuncula
2110 3130 2413 3179 delectatum.
2425 3133 2557 3183 Goer.

1535 3216 1826 3265 delectatum
1863 3211 2004 3259 nucis
2025 3207 2259 3266 includit,
2285 3219 2519 3275 notatque
2541 3227 2554 3260 ε

1535 3304 1619 3341 snt
1644 3307 1816 3356 parum
1862 3291 2065 3338 omnino
2093 3287 2283 3351 judicio
2313 3289 2525 3341 valemus
2543 3326 2558 3350 ,

1535 3382 1622 3423 aut
1647 3369 1885 3435 vincimps
1904 3403 1921 3431 ‚
1956 3367 2196 3417 cancellos
2221 3384 2249 3415 a
2276 3368 2419 3417 nobis
2443 3369 2493 3419 h.
2517 3372 2553 3422 l.

1534 3461 1667 3499 recte
1691 3464 1793 3497 esse
1832 3447 2094 3497 adhibitos.
2138 3446 2264 3495 Nam
2305 3447 2344 3493 si
2373 3447 2556 3498 sonuu-

1532 3527 1656 3584 lam,
1680 3548 1705 3568 α
1722 3525 1886 3573 essein
1897 3524 2055 3589 eliqua
2074 3540 2184 3583 re»,
2207 3517 2329 3577 εἶναι
2356 3526 2404 3577 δν
2427 3528 2555 3594 τινὶ,

1532 3604 1842 3664 consideres,
1866 3620 1962 3670 qua
1989 3603 2062 3651 vel
2099 3626 2125 3645 «ι
2142 3605 2194 3652 in
2227 3614 2354 3654 statu
2390 3606 2555 3672 aliquo

1529 3701 1633 3734 esse
1647 3706 1689 3743 a,
1716 3684 1793 3733 vel
1812 3704 1833 3726 ι
1852 3682 2079 3747 occupari
2099 3699 2248 3748 quum
2273 3685 2477 3733 maxime
2502 3687 2553 3734 in

1533 3782 1583 3814 re
1604 3763 1878 3828 quadam»,
1900 3762 2136 3827 dicimur;
2156 3773 2212 3812 ut
2233 3786 2258 3805 κ
2277 3780 2378 3813 esse
2401 3767 2452 3813 in
2474 3782 2555 3814 ue·

1534 3844 1673 3909 gotio
1689 3880 1702 3903 ‚
1725 3842 1920 3902 labore,
1940 3858 2053 3891 cura
2069 3876 2089 3903 ,
2122 3845 2549 3904 moerore,vitio·:

1535 3923 1837 3972 obliteratam
1862 3938 1967 3971 enm
1993 3939 2083 3989 per
2108 3922 2431 3986 ignorantiam
2455 3924 2552 3972 hoc

1532 4004 1814 4066 glossemate
1856 4018 1956 4050 uon
1996 4003 2160 4068 inepte
2199 4003 2456 4065 judicabis.
2501 4004 2553 4051 Si

1533 4081 1710 4131 deiude
1732 4080 2022 4143 consideres,
2036 4080 2179 4129 verbs
2194 4115 2209 4141 ,
2221 4103 2248 4124 ι
2262 4095 2374 4144 qua
2383 4096 2551 4129 manns
