3217 4784
833 437 957 508 DE
1009 437 1180 509 FIN.
1233 435 1436 509 BON.
1493 443 1604 511 ET
1654 445 1867 515 MAL.
1908 397 2006 533 νς
2045 453 2175 533 144
2417 451 2553 549 595

425 557 759 647 dicimus;
799 559 1283 656 arboremque
1321 575 1393 630 et
1430 560 1786 634 novellam
1809 619 1828 652 ‚
1863 580 1936 638 et
1968 570 2312 659 vetulam,
2341 588 2413 644 et
2450 576 2558 643 vi-

422 694 625 766 gere,
665 684 740 741 et
770 693 1142 741 senescere
1159 667 1212 737 4.
1243 673 1349 739 Ex
1384 694 1535 766 quo
1576 697 1728 743 non
1763 689 1870 745 cst
1901 675 2210 748 alienum
2231 734 2251 767 ‚
2287 695 2368 750 ut
2409 684 2558 753 ani·

426 780 790 851 mantibus
809 829 829 864 ‚
867 781 967 850 sic
995 778 1134 849 illis
1159 792 1232 848 et
1252 792 1420 875 apta
1449 779 1780 875 quaedam
1806 784 1897 854 ad
1926 800 2255 857 naturam
2285 804 2556 886 aptare,

421 904 495 960 et
520 880 824 976 aliena53
843 912 1237 984 earumque
1260 888 1753 985 augendarum
1776 907 1848 963 et
1867 894 2284 968 alendarum
2309 924 2556 996 quam-

420 999 584 1069 dam
618 998 991 1070 cultricem
1022 1020 1209 1084 esse‚
1255 1020 1416 1093 quae
1457 1000 1551 1070 sit
1592 1001 1923 1091 scientia,
1956 1017 2176 1101 atque
2217 1031 2330 1077 ars
2366 1013 2555 1105 agri-

418 1107 739 1179 colarum
763 1132 969 1204 ‚quae
1001 1106 1506 1193 circumcidat,
1531 1126 1893 1208 amputet,
1925 1115 2149 1212 erigat
2169 1171 2189 1203 ‚
2227 1118 2552 1206 extollat,

413 1217 1017 1303 adminiculetur,
1046 1232 1128 1288 ut
1148 1265 1169 1306 ‚
1203 1240 1353 1314 quo
1386 1232 1649 1289 natura
1685 1217 1904 1308 ferat,
1932 1246 2021 1293 eo
2046 1224 2378 1320 possint⁶
2412 1230 2547 1299 ire:

419 1342 500 1397 ut
519 1328 688 1424 ipsae
709 1327 909 1412 vitm,
932 1327 992 1396 si
1017 1325 1224 1424 loqui
1260 1326 1540 1423 possint
1561 1338 1616 1416 ⁷,
1653 1331 1752 1400 ita
1788 1354 1864 1402 se
1888 1333 2290 1406 tractandas
2333 1350 2549 1408 tuen-

414 1433 735 1535 dasque⁸
774 1459 929 1507 esse
971 1433 1350 1507 fateantur.
1403 1438 1494 1507 Et
1528 1461 1729 1509 nunc
1766 1439 2102 1536 quidem,
2142 1445 2344 1539 quod
2390 1469 2549 1518 eam

486 1649 535 1695 4.
582 1643 644 1689 Ee
667 1642 837 1706 ‘vigere
855 1675 871 1702 ‚
899 1651 949 1689 et
985 1654 1245 1688 senescere.
1273 1637 1436 1701 Vulgo

412 1722 575 1769 editur
598 1721 793 1780 vivere,
819 1720 907 1768 sed
933 1729 1102 1767 contra
1128 1728 1346 1778 nostros,
1370 1727 1435 1776 et,

411 1801 504 1846 nisi
528 1799 672 1864 plane
690 1799 901 1848 fallimur
916 1832 933 1859 ‚
957 1809 1124 1846 contra
1151 1813 1318 1846 omnes
1330 1813 1438 1846 om·

411 1880 564 1926 nium.
605 1880 708 1926 Nec
734 1879 875 1927 aliter
904 1879 1124 1944 impressi
1151 1888 1269 1926 vett.
1295 1877 1437 1925 editi·

409 1975 504 2021 que
525 1958 587 2007 ad
608 1960 776 2007 Daris.
803 1975 956 2022 usque
976 1974 989 2016 ;
1021 1973 1083 2005 ne
1103 1957 1185 2005 hic
1208 1956 1433 2020 quidem,

407 2039 501 2085 nisi
516 2039 690 2087 tacite:
716 2050 771 2087 ut
783 2038 836 2085 id
850 2037 1214 2104 typothetarum
1236 2035 1430 2094 vitium,

406 2118 458 2163 in
486 2118 765 2164 Ernestiana
800 2118 1059 2181 repetitum
1077 2151 1094 2177 ,
1119 2116 1430 2164 statuendum

407 2195 483 2240 sit.
511 2195 579 2241 At
604 2194 776 2259 vigere
792 2194 963 2242 dicunt
983 2196 1178 2258 proprie
1197 2194 1428 2242 arborum

405 2281 452 2318 et
478 2272 750 2336 plantarum
790 2289 922 2330 esse,
961 2289 1112 2336 quum
1150 2274 1373 2338 proxime
1396 2289 1424 2322 a

403 2352 521 2398 flore
550 2352 740 2411 absint;
772 2362 920 2415 atque
943 2351 1056 2399 inde
1086 2351 1265 2415 glossas
1290 2351 1426 2400 verbi

405 2425 539 2478 nata‘s
566 2429 789 2497 ἀκμάζειν
807 2442 856 2479 et
876 2429 1082 2480 θάλλεινῐ
1104 2433 1171 2480 At
1198 2446 1289 2478 nos
1307 2447 1425 2480 vero

405 2510 531 2557 Festi
575 2511 742 2575 potius
777 2512 1111 2559 anctoritatem
1141 2509 1388 2573 sequimur
1407 2544 1422 2567 ,

402 2589 487 2652 qui
525 2590 691 2655 vigere
715 2608 743 2638 a
782 2590 839 2638 vi
875 2607 1024 2654 agere
1046 2590 1242 2654 repetit,
1278 2599 1422 2652 atque

401 2669 515 2717 inde
555 2685 720 2733 reapse
764 2669 966 2718 verbum
1008 2670 1106 2716 boc
1131 2668 1423 2732 corporibus

397 2749 563 2796 animo
586 2749 803 2813 praeditis
821 2784 835 2807 ‚
861 2765 1009 2813 quum
1033 2747 1207 2796 valide
1233 2759 1416 2811 agam,

397 2830 654 2891 proprium
671 2827 827 2876 addit.
843 2829 919 2875 Ne
940 2828 1090 2876 multa
1107 2843 1121 2877 z
1136 2826 1304 2891 vigere
1316 2827 1366 2873 h.
1385 2827 1420 2874 l.

399 2904 462 2951 ad
485 2906 722 2953 novellam
759 2906 983 2953 arborem
1007 2907 1240 2964 refertum
1261 2917 1311 2954 et
1334 2923 1421 2954 ve·

396 2985 499 3032 mla
516 2985 555 3031 si
573 2999 817 3031 senescere
837 2983 1031 3042 dicitur,
1057 2985 1165 3048 pari
1183 2996 1330 3047 tropo
1346 2985 1421 3032 vi-

396 3063 480 3111 vie.
517 3066 581 3114 G·

472 3143 517 3191 5.
545 3144 613 3189 Ee
631 3153 751 3206 apta
787 3158 836 3206 q.
860 3140 933 3188 ad
959 3154 1189 3190 naturam
1218 3154 1416 3207 aptare,

396 3232 444 3266 ec
472 3221 540 3270 al.
586 3222 682 3270 Pro
707 3233 882 3287 aptare
903 3225 1039 3271 Goer.
1064 3221 1132 3288 (et
1163 3235 1277 3285 post
1303 3240 1410 3271 eum

396 3297 613 3363 Schiitz.)
652 3313 858 3364 putare,
904 3311 1082 3349 notans
1121 3317 1136 3350 ε
1184 3303 1379 3351 Mireris
1398 3337 1413 3360 ‚

393 3380 436 3426 si
461 3380 514 3427 h.
541 3380 575 3428 1.
601 3380 716 3429 intt.
752 3381 935 3439 videas,
964 3391 1264 3446 quantopere
1284 3383 1414 3430 inter

393 3459 509 3507 olim
527 3460 773 3524 vulgatum
798 3472 1052 3525 amputare
1072 3471 1120 3509 et
1137 3463 1289 3510 serius
1306 3478 1411 3510 mu·

393 3547 547 3586 tatum
574 3549 747 3602 aptare
774 3539 1014 3600 titubent,
1038 3541 1296 3605 omniaque
1317 3558 1411 3605 po·

395 3617 492 3663 tius
517 3627 683 3682 agant,
704 3634 848 3681 quam
868 3629 922 3665 ut
944 3634 1052 3667 cum
1075 3620 1309 3668 Lambino
1334 3637 1413 3668 ve·

396 3710 500 3742 rum
525 3707 802 3758 agnoscant.
829 3699 1122 3746 Nostrorum
1156 3699 1354 3762 quidem
1380 3699 1407 3745 3

392 3791 590 3839 quoque
616 3787 896 3841 amputare,
925 3793 987 3823 ex
1012 3778 1191 3840 quibus
1218 3779 1350 3827 Gud.
1378 3795 1401 3829 1

393 3856 535 3904 Mon.
562 3871 673 3902 cnm
699 3858 730 3905 5
746 3858 944 3903 Oxonn.
972 3868 1325 3923 amputat-eque
1336 3861 1406 3908 al.

393 3933 490 3981 Sed
502 3936 752 3999 quomodo
774 3950 937 4001 quaeso
951 3956 976 3977 α
989 3950 1088 3982 nou
1109 3936 1317 3986 alienum
1338 3951 1410 3987 est

393 4014 446 4058 in
470 4013 795 4063 animantibus
814 4025 861 4061 et
890 4014 1121 4078 stirpibus
1142 4027 1254 4080 apta
1280 4033 1412 4081 qnae·

396 4089 504 4137 dam
534 4093 598 4139 ad
619 4105 837 4141 naturam
858 4105 1107 4158 amputare
1122 4093 1181 4142 Ρ»
1200 4111 1410 4159 quomo-

396 4169 460 4216 do
494 4182 662 4219 contra
703 4171 780 4224 his
808 4196 832 4217 ιι
851 4175 1006 4226 aliena
1029 4191 1055 4223 a
1083 4186 1255 4225 natura
1278 4186 1413 4241 apta·

1526 1641 1638 1686 ren!
1660 1657 1812 1704 quum
1830 1655 1942 1707 apta
1958 1643 2021 1690 ad
2042 1655 2264 1694 naturam
2285 1645 2424 1693 nullo
2439 1649 2550 1709 jure

1525 1722 1763 1783 amputari
1777 1754 1793 1781 ‚
1811 1731 1862 1769 et
1876 1733 2044 1771 contra
2058 1722 2212 1771 aliena
2226 1724 2289 1772 ab
2302 1725 2393 1773 hac
2410 1727 2549 1775 nullo

1524 1798 1674 1847 modo
1691 1801 1848 1864 aptari
1864 1802 2083 1864 possint:
2102 1818 2163 1850 ne
2181 1803 2407 1851 miserum
2424 1804 2551 1854 illud

1522 1887 1667 1943 apta.
1689 1911 1703 1925 .
1723 1911 1736 1924 .
1794 1890 1968 1944 aptare
2011 1875 2282 1945 urgeamus.
2337 1885 2545 1944 Patare,

1520 1957 1660 2019 quod
1679 1958 1784 2005 bini
1808 1958 1879 2005 illi
1903 1960 2079 2024 optimi
2103 1958 2324 2021 firmant,
2344 1979 2456 2010 vera
2475 1962 2548 2011 le-

1520 2031 1620 2084 ctio
1645 2049 1732 2085 est.
1755 2041 2029 2102 Amputat-e
2051 2039 2443 2104 exsequentibus
2461 2059 2546 2091 ua-

1519 2125 1624 2162 tum
1643 2127 1714 2164 est
1729 2152 1743 2175 ‚
1763 2117 1948 2180 syllaba
1966 2134 2046 2165 am
2065 2119 2388 2181 precedentis
2408 2123 2543 2170 vocis

1516 2194 1708 2243 favente
1744 2209 1760 2244 ε
1798 2206 1973 2261 aptare
2011 2206 2171 2244 autem
2206 2212 2370 2262 comp.
2401 2201 2541 2248 verbi

1514 2285 1768 2338 amputare
1811 2286 1909 2334 est,
1934 2276 2072 2339 quod
2109 2276 2291 2325 lineola
2317 2278 2536 2341 neglecta

1514 2353 1598 2400 Pal
1619 2363 1649 2410 4
1669 2365 1719 2402 et
1734 2355 1981 2403 Victorius
2000 2354 2246 2403 exhibent.
2259 2356 2334 2404 De
2352 2357 2537 2421 reliqua

1509 2432 1607 2479 loci
1629 2435 1935 2496 grammatica
1956 2434 2140 2481 ratione
2161 2434 2309 2483 docte
2328 2439 2535 2499 exponit

1509 2512 1734 2560 Matthiae
1751 2513 1786 2561 1.
1812 2513 1852 2561 l.
1881 2515 1946 2561 G.
1975 2540 2045 2550 —-
2072 2515 2310 2561 Gruterus
2350 2517 2530 2577 conjic.

1508 2602 1784 2639 autumare.

1577 2671 1631 2717 6.
1663 2671 1737 2716 Eo
1750 2669 1941 2733 possint
1960 2668 2047 2719 ire.
2074 2673 2210 2720 Goer.
2229 2672 2403 2720 scribit
2416 2690 2532 2738 pos·

1505 2746 1568 2794 sit
1585 2762 1605 2793 .·
1620 2747 1846 2807 Possint,
1884 2747 2073 2811 inquit,
2099 2758 2172 2796 est
2195 2765 2222 2796 e
2249 2752 2525 2811 conjectura

1505 2826 1691 2874 Davisii
1703 2860 1719 2885 ‚
1738 2825 1874 2891 quod
1893 2827 2011 2876 Em.
2028 2828 2227 2891 recepit.
2247 2828 2366 2876 Non
2388 2829 2525 2881 male.

1505 2907 1612 2955 Nec
1638 2923 1725 2970 per
1760 2923 1811 2954 se
1832 2907 2239 2955 contemnendum
2265 2920 2361 2968 est,
2389 2910 2526 2972 quod

1504 2986 1706 3049 insuper
1731 2988 1846 3033 Em.
1876 2984 2073 3041 suadet,
2102 2986 2348 3046 «seratur,
2369 2988 2524 3050 possit

1502 3065 1631 3113 ire».
1660 3063 1752 3112 Sed
1779 3063 1936 3111 nostri
1963 3078 2162 3127 quoquc
2185 3078 2356 3111 omnes
2388 3065 2525 3125 ferae

1502 3154 1550 3191 et
1567 3143 1736 3206 possit.
1758 3142 1861 3189 Nec
1887 3157 2011 3205 opus
2031 3152 2128 3198 est,
2163 3152 2219 3190 ut
2239 3141 2521 3191 alterutrum

1500 3222 1664 3281 malis,
1696 3211 1742 3267 =si
1765 3221 1922 3284 possit
1942 3219 2005 3268 ad
2029 3221 2347 3285 nsapientiam
2372 3234 2519 3286 atque

1498 3310 1648 3347 artem
1668 3299 1985 3362 agricolarum
1999 3320 2023 3342 ιο
2064 3299 2304 3349 retuleris.
2333 3303 2519 3350 Natura

1497 3390 1658 3427 autem
1685 3380 1780 3426 fert
1804 3379 1999 3427 arbores
2038 3401 2064 3422 κ
2080 3380 2145 3428 ad
2167 3379 2306 3428 laetos
2328 3377 2517 3431 fructus

1495 3458 1747 3507 faciendos
1760 3492 1776 3518 ,
1802 3469 1894 3507 etc.
1908 3481 1933 3501 ι·
1958 3460 2025 3506 Eo
2044 3457 2110 3521 it,
2127 3458 2182 3506 id
2202 3468 2304 3518 est,
2325 3459 2422 3508 hoc
2440 3460 2517 3508 in-

1470 3539 1476 3546 *
1498 3537 1655 3586 tendit
1664 3574 1679 3598 ‚
1692 3538 1792 3602 agit
1803 3572 1818 3597 ,
1830 3538 2120 3602 agricultura
2138 3537 2517 3587 «circumciden-

1497 3619 1590 3675 do,
1615 3618 1934 3682 amputando,
1962 3617 2193 3681 erigendo
2212 3649 2229 3677 ,
2253 3628 2348 3667 etc.
2365 3640 2392 3660 a·
2426 3621 2517 3667 Ce-

1497 3708 1653 3744 terum
1678 3697 1870 3745 videtur
1896 3699 2000 3747 Cic.
2028 3697 2153 3745 illud
2180 3691 2283 3763 ὁδῷ
2306 3692 2516 3759 βαδίζειν

1494 3792 1763 3840 graecorum
1814 3775 2219 3841 philosophorum
2261 3775 2312 3824 in
2351 3778 2515 3826 animo

1494 3857 1734 3905 babuisse.
1758 3858 1822 3906 G.
2422 3861 2429 3868 '

1570 3954 1623 3997 7.
1644 3934 1698 3983 si
1719 3936 2069 4005 quuipossine.
2092 3937 2174 3985 Sic
2202 3947 2231 3993 4
2258 3936 2414 3985 nostri
2432 3933 2517 3984 fir-

1497 4026 1631 4064 mant
1647 4030 1661 4064 :
1678 4017 1817 4077 cujus
1828 4015 1941 4065 loco
1954 4017 2076 4064 Dav.
2092 4016 2214 4063 male
2218 4027 2392 4078 possen
2399 4024 2436 4064 e.
2453 4016 2514 4063 G.

1571 4096 1618 4143 8.
1635 4096 1971 4160 fundasque.
1992 4094 2180 4143 Praebet
2198 4092 2343 4140 Vien.
2364 4102 2519 4139 tuean-

1501 4175 1717 4238 dasqm,
1750 4183 1798 4222 et
1826 4174 1917 4223 inf.
1950 4173 2085 4222 Gud.
2118 4189 2146 4221 a
2171 4168 2435 4236 potissime.
2456 4176 2520 4222 G.

2196 4253 2309 4327 38.
