3217 4784
883 444 1008 508 DE
1058 439 1227 507 FIN.
1281 440 1485 508 BON.
1537 439 1652 505 ΕΤ
1698 437 1912 503 MAL.
1967 437 2107 519 111,
2159 462 2222 503 2.

2473 435 2607 530 327

492 567 698 652 lares,
730 562 964 635 verbis
983 576 1267 633 tantum
1297 564 1371 630 in
1392 559 1727 632 docendo
1753 570 1813 617 ¹9
1840 559 2046 655 quasi
2072 558 2362 656 privatis
2391 572 2610 628 utun-

490 688 610 743 tur
631 696 714 743 ac
748 677 919 743 suiS.

585 802 676 867 II.
722 799 990 892 Atque,
1024 808 1106 864 ut
1131 794 1460 863 omittam
1488 790 1620 860 has
1656 804 1846 862 artes
1878 789 2274 890 elegantes¹
2310 804 2383 865 et
2409 793 2610 889 inge-

490 931 704 993 nuas,
744 930 835 975 ne
886 902 1186 1001 opifices
1219 899 1513 998 quidem
1546 901 1735 973 tueri
1768 923 1895 971 sua
1930 899 2225 971 artificia
2275 914 2569 997 possent
2592 954 2610 986 ,

490 1017 623 1084 nisi
651 1011 1018 1084 vocabulis
1040 1025 1424 1082 uterentur
1437 1009 1647 1082 nobis
1675 1010 2061 1106 incognitis
2081 1012 2428 1100 ²,usitatis
2455 1010 2612 1082 sibi.

484 1124 685 1214 Quin
729 1125 943 1193 etiam
997 1121 1471 1218 agricultura,
1510 1144 1677 1219 quae
1718 1119 2066 1191 abhorret
2106 1120 2200 1191 ab
2237 1122 2438 1191 omni
2482 1145 2613 1218 po-

468 1233 726 1323 litiore
764 1233 1153 1330 elegantia,
1191 1247 1434 1303 tamen
1471 1255 1589 1302 eas
1625 1254 1738 1302 res
1754 1225 1811 1314 3,
1838 1231 1915 1300 in
1956 1228 2225 1326 quibus
2263 1246 2616 1315 versatur,

494 1340 913 1413 nominibus
950 1345 1224 1413 notavit
1255 1343 1481 1412 novis.
1516 1346 1686 1433 Quo
1720 1340 1945 1437 magis
1987 1337 2133 1409 hoc
2165 1338 2608 1439 philosopho

492 1450 901 1524 faciendum
926 1468 1054 1524 est.
1084 1455 1219 1525 Ars
1239 1467 1346 1524 est
1374 1454 1562 1523 enim
1586 1448 2047 1549 philosophia
2073 1449 2317 1537 vitae43
2347 1450 2439 1522 de
2468 1477 2613 1547 qua

487 1561 844 1634 disserens
886 1565 1202 1661 arripere
1224 1551 1254 1605 ⁵
1288 1560 1506 1633 verba
1537 1558 1629 1630 de
1666 1557 1827 1630 foro
1870 1583 2020 1629 non
2051 1572 2305 1655 potest.
2348 1561 2614 1647 Quam-

485 1697 704 1769 quam
734 1698 825 1745 ex
866 1671 1209 1744 omnibus
1236 1669 1691 1768 philosophis
1718 1669 1920 1740 stoici
1953 1669 2261 1767 plurima
2304 1694 2612 1739 novave-

483 1882 790 1946 prndentiam
831 1882 975 1929 simul
1008 1880 1234 1945 intelligi.
1279 1881 1338 1930 ld
1371 1882 1501 1930 enitn

483 1960 664 2007 scribas
705 1960 767 2007 sd
809 1960 1017 2023 glossam
1053 1957 1326 2007 addendam
1365 1974 1503 2007 com·

483 2054 679 2085 movere
714 2038 901 2101 potuit,
934 2037 1075 2102 quod
1108 2053 1208 2087 non
1246 2037 1502 2102 capiebant

481 2116 620 2179 ipsoe,
643 2132 737 2180 pro
759 2131 834 2164 σω
868 2115 986 2179 ipsoe
1010 2115 1108 2164 diei
1133 2130 1146 2165 ε
1171 2115 1233 2164 de
1259 2133 1354 2180 qua
1384 2131 1504 2180 pro·

482 2195 694 2243 nominis
730 2194 779 2241 vi
820 2194 965 2241 toties
1004 2195 1210 2257 egimus.
1246 2195 1337 2245 nia
1368 2194 1502 2245 haud

482 2289 686 2337 parvum
735 2283 1034 2321 momentum
1082 2288 1146 2320 ex.
1195 2272 1423 2321 Gudiano
1473 2289 1495 2319 ι

481 2351 694 2409 secedit,
729 2351 818 2415 qui
854 2352 997 2399 istam
1032 2351 1187 2415 ipsam
1233 2366 1405 2401 voeem
1446 2351 1501 2400 in

482 2431 628 2478 textis
677 2432 869 2494 ignoret
893 2444 910 2479 ε
965 2429 1118 2478 modo
1139 2464 1158 2490 ,
1199 2428 1500 2493 glossematis

480 2525 641 2571 more,
680 2510 881 2558 minutis
922 2509 1075 2557 literis
1122 2510 1500 2573 superscriptam

479 2590 642 2638 refert.
670 2589 925 2637 Meton-uns
947 2587 1096 2651 igitur
1113 2585 1376 2634 scribarum
1400 2603 1501 2635 esse

481 2667 753 2718 statuimus.
781 2669 845 2727 G.

558 2763 637 2810 19.
703 2745 869 2794 Verbis
921 2755 1110 2793 tantum
1158 2743 1210 2792 in
1257 2743 1497 2795 docendo.

479 2830 618 2876 Goer.
652 2823 823 2871 scribit
859 2834 1057 2883 emen,
1085 2821 1224 2885 qnod
1265 2824 1317 2871 J.
1342 2824 1405 2870 V.
1438 2824 1495 2873 1..

479 2904 689 2969 probat,
728 2911 963 2964 notatque
991 2915 1004 2950 :
1032 2901 1244 2963 Vulgata
1279 2911 1499 2963 tantum,

477 2999 621 3048 qnam
677 2981 821 3030 Grut.
856 2996 882 3027 e
916 2979 1019 3028 Pal.
1063 2995 1083 3026 ι
1124 2979 1346 3039 induxit,
1374 2981 1496 3030 nihil

478 3063 620 3128 plene
634 3060 796 3117 lubet,
809 3058 939 3107 unde
955 3057 1031 3107 vel
1043 3069 1303 3106 excusetur
1319 3060 1496 3119 modo;

479 3141 842 3203 necessarioque
868 3138 1010 3187 nobis
1035 3153 1147 3187 cnm
1163 3138 1386 3199 Bromio,
1414 3151 1495 3188 ea·

478 3237 616 3280 men,
654 3229 782 3268 ceree
817 3235 868 3265 v.
905 3218 1080 3265 saltem
1115 3227 1318 3275 notans,
1352 3233 1496 3281 repo-

476 3299 691 3348 nendum
717 3297 826 3347 fuit.
851 3297 1050 3344 Rectius
1076 3295 1204 3343 idem
1230 3311 1293 3345 ex
1321 3296 1493 3345 eodem

475 3378 698 3426 docendo
731 3376 867 3425 dedit
886 3410 904 3436 ,
936 3374 1074 3439 qnod
1106 3374 1181 3422 iui
1209 3373 1315 3422 bini
1340 3376 1495 3422 nostri

476 3474 588 3506 cum
614 3455 744 3506 Gud.
774 3455 985 3512 2,Vien.
1024 3464 1073 3502 et
1104 3454 1236 3502 Crat.
1264 3454 1318 3501 in
1342 3469 1493 3519 marg.

474 3535 696 3596 firmnt3
724 3534 920 3597 reliquis
936 3532 1142 3581 dicendo
1158 3532 1493 3596 peccantibus.

543 3621 613 3665 11.
648 3633 694 3665 1.
719 3616 823 3663 uas
850 3624 979 3661 arus
1006 3614 1263 3678 elegantes.
1291 3614 1417 3678 Spir.
1443 3624 1492 3663 et

474 3697 578 3745 Erl.
609 3697 700 3745 has
731 3710 833 3742 non
864 3693 989 3741 male
1021 3693 1285 3757 ignorant:
1321 3707 1492 3755 quam·

473 3793 619 3840 quam
657 3791 801 3841 pron.
842 3784 967 3823 stare
1000 3783 1177 3838 potest.
1209 3772 1363 3821 Iidem
1391 3773 1495 3836 pri-

474 3872 603 3904 scam
617 3857 821 3905 somnam
839 3852 1073 3919 elegantis
1088 3851 1411 3917 prabum-unt.
1431 3852 1496 3901 G.

547 3951 596 3983 n.
634 3933 784 3983 Nobis
810 3932 1080 3998 incognitis.
1121 3931 1289 3979 Refert
1314 3930 1417 3979 Eri.
1448 3942 1498 3978 et
1531 3988 1539 3997 κ

478 4013 607 4060 Gud.
629 4013 781 4064 novis.
801 4012 955 4077 Quod
973 4029 1034 4060 ne
1050 4010 1257 4076 probes,
1284 4009 1495 4067 notabis,

476 4101 722 4139 auctorem
742 4104 847 4141 tum
862 4125 878 4152 ,
901 4091 1092 4155 sibique
1107 4089 1253 4137 inodo
1273 4088 1465 4136 usitatis
1479 4122 1497 4148 ,

482 4168 562 4217 vel
578 4168 876 4233 simpliciter,
896 4171 1189 4237 scripturum
1209 4168 1378 4218 fnisse.
1398 4168 1497 4217 Ne·

1590 1896 1687 1945 qne
1716 1880 1994 1932 audiendus
2019 1882 2214 1930 Mersus
2238 1889 2342 1939 est,
2367 1881 2452 1943 qui
2477 1881 2615 1931 nobis

1588 1959 1817 2024 ignorem
1840 1959 2027 2024 qnippe
2052 1959 2190 2024 quod
2215 1975 2277 2007 ex
2298 1959 2615 2024 oppositione

1587 2051 1717 2089 stare
1738 2039 1930 2088 debeat.
1960 2040 2022 2089 G.

1663 2118 1715 2169 3.
1751 2120 1931 2166 Tamen
1962 2133 2046 2166 eas
2075 2133 2169 2166 res.
2198 2120 2338 2169 Goer.
2361 2116 2506 2165 serib.
2537 2128 2613 2164 ea-

1587 2213 1699 2245 men
1716 2213 1775 2244 ea
1797 2213 1889 2246 res.
1908 2200 2013 2257 lte,
2029 2196 2216 2260 inquit,
2233 2197 2362 2261 Spir.
2380 2197 2480 2247 Eri.
2501 2198 2608 2244 Bes.

1587 2276 1734 2325 vien.
1754 2291 1865 2322 eum
1888 2277 2016 2325 Cret.
2036 2286 2086 2324 et
2107 2276 2233 2324 sorte
2250 2272 2458 2324 aliorum
2479 2291 2609 2325 eom·

1586 2353 1778 2417 plures3
1808 2353 1895 2402 sed
1916 2356 2028 2401 VV.
2055 2356 2167 2402 DD.
2193 2353 2365 2402 vitium
2391 2370 2493 2403 esse
2515 2369 2607 2416 pu-

1587 2440 1777 2489 tarunt,
1793 2430 1929 2494 quod
1952 2448 2064 2479 vere
2082 2430 2231 2480 lectio
2251 2443 2340 2482 est.
2359 2432 2462 2479 Etsi
2479 2432 2610 2480 enim

1586 2509 1812 2573 vulgata,
1851 2527 1935 2558 eas
1965 2527 2038 2559 res
2074 2510 2190 2559 ferri
2227 2522 2422 2575 potest3
2463 2512 2611 2575 longe

1587 2599 1746 2639 nmen
1773 2604 1833 2637 ea
1865 2589 2035 2638 melius
2058 2598 2157 2648 est,
2184 2600 2232 2637 et
2259 2590 2404 2654 plene
2429 2607 2492 2639 ex
2518 2606 2608 2638 su·

1586 2669 1736 2715 ctoris
1754 2685 2026 2733 nsu,qunm
2044 2686 2183 2733 quoe,
2201 2684 2501 2734 quamquam
2521 2688 2606 2728 ea,

1587 2746 1742 2796 valeat
1758 2780 1774 2807 ,
1795 2757 1940 2810 atque
1959 2748 2028 2796 its
2047 2758 2178 2797 reete
2198 2765 2259 2797 ea
2278 2748 2502 2799 addatur.
2531 2751 2607 2797 Cf,

1583 2825 1776 2873 Aendd.
1807 2828 1883 2885 11,
1909 2826 2009 2885 25,
2042 2844 2129 2890 79.
2160 2828 2212 2877 Si
2237 2843 2324 2876 eas
2351 2828 2606 2885 retinebis,

1583 2920 1860 2967 queremus
1876 2940 1895 2963 ,
1951 2922 2041 2953 cnr
2086 2921 2191 2954 non
2245 2906 2420 2955 melius
2461 2922 2605 2969 prou.

1581 2986 1816 3033 omissum
1850 2985 1944 3045 sit,
1986 2985 2065 3032 vel
2100 2993 2231 3031 eerte
2266 3001 2329 3033 ex
2369 2995 2609 3047 perpetuo

1581 3064 1796 3113 auctoris
1811 3079 1905 3111 usu
1928 3063 1981 3110 in
2003 3060 2216 3111 clausula
2239 3062 2351 3123 (ms
2370 3064 2490 3125 eas)
2515 3078 2607 3126 po-

1581 3142 1731 3191 situm
1750 3143 1775 3190 Ρ
1826 3139 2021 3189 Scribas
2063 3149 2224 3186 sutem
2263 3139 2315 3187 in
2364 3140 2606 3203 vulgatam

1580 3235 1721 3283 poene
1736 3217 2003 3266 necessario
2022 3215 2276 3265 deflectere
2294 3216 2519 3269 debuisse
2531 3255 2544 3278 ,
2564 3222 2604 3267 si

1580 3314 1749 3347 eorum
1786 3296 2036 3361 ingenium
2072 3307 2206 3345 reete
2240 3299 2465 3356 noveris,
2502 3301 2608 3362 ipse

1580 3375 1823 3424 fateberis.
1851 3374 2082 3423 Similiter
2107 3375 2276 3439 paullo
2304 3378 2529 3441 superius
2554 3380 2607 3425 in

1580 3470 1640 3502 ea
1659 3470 1817 3503 rerum
1839 3464 2092 3519 peecatum
2109 3453 2339 3504 vidimus.

1654 3541 1708 3590 4.
1729 3536 1829 3584 Ars
1860 3545 1935 3582 ese
1959 3532 2088 3583 enim
2109 3532 2423 3599 philosophia
2450 3535 2572 3585 vites·
2589 3578 2608 3602 ‚

1579 3629 1676 3679 pro
1716 3613 1847 3661 Phil.
1883 3611 2010 3660 etnim
2055 3624 2126 3660 eet
2175 3629 2261 3660 ars
2308 3612 2444 3665 vitae.
2490 3616 2608 3663 nec

1578 3692 1843 3743 verborum
1891 3691 2156 3741 collocatio
2211 3709 2272 3741 ex
2329 3694 2439 3743 solo
2495 3710 2609 3741 ors-

1581 3773 1731 3823 tionis
1757 3784 1951 3831 tenore,
1976 3788 2120 3835 quem
2144 3787 2321 3821 sonum
2337 3789 2572 3822 vocemus
2587 3809 2605 3834 ,

1583 3852 1781 3918 probari
1805 3861 1986 3916 potest.
2011 3851 2075 3899 G.

1658 3932 1706 3979 5.
1729 3930 1985 3994 Art-ipen.
2007 3965 2022 3979 .
2044 3964 2057 3978 .
2085 3927 2305 3995 defore.
2335 3932 2432 3978 lnt.
2453 3930 2609 3991 quali-

1583 4009 1679 4058 bus
1705 4009 1852 4073 vulgo
1875 4018 2111 4058 utuntur:
2140 4018 2190 4056 et
2212 4006 2431 4072 arripere
2454 4017 2607 4055 teme·

1584 4090 1761 4137 tarium
1801 4104 1970 4136 eornm
2018 4103 2159 4135 nsum
2181 4121 2199 4148 ,
2238 4087 2429 4135 delectu
2474 4085 2616 4133 omni

1584 4166 1776 4217 ”cluso
1792 4199 1810 4227 ,
1830 4166 2030 4216 indicet.
2059 4167 2123 4215 G.
